3862 6222
93 225 192 285 129

1221 224 1488 284 CONTRA
1529 225 1930 282 VAlllMADUM
1967 227 2092 302 LIB.
2136 227 2220 284 lii.

3233 228 3337 282 430

92 353 176 392 tne
194 330 352 408 (Gal.
379 355 446 404 ιι,
467 330 580 411 20).
609 340 683 395 De
703 339 903 409 Spiritu
928 346 1112 394 sancto
1132 340 1222 394 ubi
1244 355 1403 410 supra
1429 360 1440 393 :
1470 341 1679 397 Haben-
1703 355 1755 412 Α
1779 339 1846 396 ad
1874 340 2153 410 imaginem
2175 353 2347 404 suam,
2381 348 2434 394 et
2462 341 2746 398 insumavit
2774 342 2826 398 in
2856 344 3048 401 faciem
3071 344 3189 414 ejus
3218 346 3339 414 spi-

92 437 170 480 tes
206 423 480 484 eumdem
509 429 754 498 spiritum
787 428 908 485 fidei
939 430 1076 484 sicut
1103 431 1354 499 scriptum
1388 441 1469 486 est
1496 449 1510 486 :
1546 433 1675 488 Cre-

92 518 220 582 didi,
258 528 498 589 propter
526 519 668 590 quod
699 520 903 577 locutus
929 519 1168 596 sumc(ll
1202 521 1321 576 Cor.
1355 539 1428 589 tv,
1459 522 1570 592 15).

697 628 918 687 CAPUT
949 630 1120 686 XXC.

470 705 474 710 ’
546 719 626 776 De
650 723 906 774 communi
926 722 1271 791 prmdictione.

160 808 334 881 ΕΤ]
365 809 626 865 Ρνωάίιίι
673 811 867 878 Pater,
915 810 1158 880 praedixit
1201 811 1389 878 Filius,
1438 813 1683 881 praedixit

94 898 339 969 Spiritus
371 910 616 955 sanctus.
646 901 722 956 De
750 901 908 956 Patre
933 904 984 955 in
1013 901 1452 958 Actibus'iDeus
1476 913 1680 972 autem,

95 1005 214 1060 qua:
244 992 515 1060 praedixit
535 1006 630 1061 per
655 1006 715 1047 os
736 1004 1037 1048 sanctorum
1057 994 1433 1064 praphetarum
1465 1009 1683 1049 suorum

91 1083 240 1151 juxta
270 1085 560 1138 Christum
590 1098 743 1140 suum
771 1084 1007 1154 implevit
1030 1085 1165 1152 (Act.
1192 1101 1274 1153 ttt,
1298 1086 1406 1155 18).
1436 1085 1511 1142 De
1537 1086 1674 1140 Filio
1714 1154 1721 1164 ἱ

97 1175 147 1227 in
172 1174 490 1242 Evangelia
520 1192 536 1229 :
569 1176 636 1230 Et
666 1174 902 1230 nuntiate
946 1175 1218 1243 fratribus,
1261 1176 1384 1246 quia
1421 1176 1685 1246 praecedet

93 1279 188 1320 vos
211 1265 267 1319 in
293 1264 611 1332 Galilaeam;
645 1267 717 1348 ibi
747 1281 868 1322 eum
896 1268 1163 1336 videbitis,
1194 1283 1318 1324 ecce
1340 1270 1562 1348 praedixi
1587 1284 1686 1324 vo-

98 1356 176 1410 bis
203 1354 445 1422 (Hemi.
480 1347 681 1424 xxvut,
701 1357 776 1427 7).
811 1357 888 1412 De
917 1356 1119 1428 Spiritu
1140 1367 1332 1425 sancto
1346 1352 1399 1413 in
1428 1359 1680 1430 Actibus:

97 1443 258 1498 Stans
287 1459 434 1499 vero
459 1443 649 1500 Petrus
674 1460 794 1499 cum
811 1447 1094 1511 .undecim,
1119 1447 1331 1502 elevata
1349 1462 1477 1504 voce
1500 1448 1681 1507 dixit:

101 1533 208 1588 Viri
235 1535 469 1602 fratres,
503 1520 717 1604 oportet
755 1533 969 1605 impleri
1004 1537 1339 1606 Scripturam
1369 1553 1523 1608 quam
1550 1545 1683 1608 prte-

94 1625 233 1680 dixit
255 1627 503 1703 Spiritus
527 1635 746 1682 sanctus
775 1642 870 1695 per
897 1642 959 1681 as
1003 1623 1163 1681 David
1186 1628 1252 1683 de
1282 1627 1439 1696 Jud,
1467 1633 1554 1699 qui
1587 1631 1684 1685 fuit

1781 434 1938 487 ritum
1967 433 2111 498 vitae,
2140 441 2193 487 et
2216 430 2386 508 factus
2414 443 2494 487 est
2520 434 2676 489 homo
2722 436 2772 494 in
2801 437 3029 491 animam
3073 436 3338 491 viventem

1786 522 1935 592 (Gen.
1970 543 2028 593 tt,
2060 529 2139 598 'l).
2168 529 2244 585 De
2265 530 2400 584 Filio
2428 531 2480 583 iu
2518 531 2804 599 Evangelia
2836 548 2848 583 :
2880 531 2944 585 Et
2973 531 3256 585 insufﬂavit
3286 530 3341 585 in

1783 616 1974 671 faciem
2020 619 2394 689 discipulorum
2440 635 2652 701 suarum
2699 622 2880 676 dicens
2913 638 2926 674 :
2957 621 3194 691 Accipite
3222 622 3345 690 Spi-

1783 706 1941 761 ritum
1968 717 2205 786 sanctum
2237 708 2412 780 (Joan.
2440 728 2534 776 xx,
2557 712 2667 781 22).
2719 711 2796 766 De
2843 713 3040 781 Spiritu
3071 720 3255 767 sancto
3286 710 3340 766 in

1785 797 2102 857 Ezechiele:
2137 804 2260 859 llatc
2281 805 2408 860 dicit
2452 805 2751 861 Dominus:
2806 808 2851 862 A
2897 816 3121 887 quatuor
3165 807 3340 862 ventis

1791 889 1924 955 veni,
1961 890 2190 960 Spiritus
2215 933 2231 960 ,
2255 902 2308 947 et
2346 893 2555 947 insufﬂa
2604 910 2767 964 super
2817 905 3055 950 mortuos
3096 897 3246 962 istos,
3287 908 3343 953 et

1785 980 2099 1036 reviviscent
2128 981 2335 1050 (Esca/1.
2361 999 2555 1050 xxxvu,
2587 984 2662 1052 9).

2329 1090 2552 1147 CAPUT
2592 1093 2796 1148 XXCV.

2225 1181 2299 1236 De
2332 1186 2584 1237 communi
2610 1186 2901 1254 repletioue.

1857 1267 2042 1339 implet
2072 1271 2249 1336 Pater,
2292 1273 2478 1342 implet
2505 1275 2689 1341 Filius,
2721 1276 2910 1344 implet
2945 1274 3175 1345 Spiritus
3218 1293 3346 1331 san-

1785 1365 1920 1413 ctus.
1957 1360 2030 1414 De
2055 1361 2212 1417 Patre
2235 1362 2288 1416 in
2317 1362 2556 1418 Jeremia“
2587 1382 2598 1416 :
2629 1365 2752 1419 liazc
2780 1367 2906 1420 dicit
2932 1365 3185 1420 Dominus
3207 1367 3345 1422 Deus

1787 1449 1942 1504 Israel
1977 1470 1990 1504 :
2018 1452 2221 1508 Caelum
2244 1464 2299 1509 et
2326 1465 2522 1510 terram
2551 1457 2746 1526 impleo
2775 1457 2905 1528 (lar.
2942 1475 3092 1524 χχιιι,
3123 1459 3236 1528 24).
3267 1461 3346 1513 De

1786 1538 1925 1593 Filio
1943 1541 1994 1595 in
2026 1543 2281 1613 Apostolo
2314 1563 2325 1596 :
2358 1546 2612 1601 Dominus
2633 1557 2808 1602 autem
2833 1547 3047 1617 impleat
3073 1550 3234 1604 corda
3260 1565 3349 1605 ve-

1775 1642 1894 1688 .stra
1914 1634 2060 1694 omni
2085 1649 2250 1704 opere
2277 1645 2332 1692 et
2376 1652 2624 1694 sermone
2667 1640 2808 1694 bona
2854 1638 2944 1712 (11
2971 1641 3101 1695 Tim.
3140 1656 3200 1709 ιι,
3236 1642 3346 1711 l6).

99 1716 198 1769 dux
227 1732 433 1773 eorum
455 1718 546 1786 qui
572 1717 1090 1786 comprehenderunt
1117 1717 1299 1774 Issum
1333 1720 1468 1788 (Act.
1503 1737 1541 1786 ι,
1568 1720 1676 1793 16).
1710 1715 1757 1776 Β
1787 1726 1861 1781 De
1886 1724 2050 1799 579
2079 1728 2278 1799 Spiritu
2303 1739 2488 1786 sancto
2533 1731 2586 1785 in
2623 1731 2840 1786 Actibus
2868 1749 2881 1784 :
2913 1732 3106 1796 Factus
3150 1743 3231 1789 est
3258 1749 3349 1791 su-

676 1829 902 1886 CAPUT
936 1831 1117 1912 xxct.

545 1918 623 1972 De
648 1921 901 1973 communi
933 1921 1260 1984 documento:

169 2006 347 2079 Docet
371 2007 555 2081 Pater,
592 2010 749 2064 docet
768 2010 959 2078 Filius,
988 2011 1145 2071 docet
1172 2012 1406 2092 Spiritus
1444 2024 1679 2070 sanctus.

107 2095 178 2151 De
225 2097 397 2154 Patre
439 2117 491 2154 ιιι
540 2101 744 2170 psalmo
784 2104 1173 2173 septuagesimo
1201 2104 1378 2172 (Vera.
1409 2095 1542 2176 i7):
1577 2107 1683 2164 Do-

103 2189 255 2262 cuisti
288 2205 406 2255 me,
449 2192 608 2256 Deus,
642 2207 671 2247 a
706 2193 987 2262 juventute
1006 2209 1146 2250 mea.
1192 2196 1258 2250 Et
1294 2198 1344 2251 in
1385 2200 1683 2255 centesimo

105 2261 522 2349 quadragesimo
576 2261 732 2337 tertio
763 2282 1017 2353 (l'ersJ)
1047 2301 1059 2336 :
1093 2284 1405 2341 Benedictus
1428 2287 1683 2345 Dominus

110 2367 263 2432 Deus,
300 2369 401 2440 qui
429 2357 588 2425 docet
615 2386 804 2427 manus
828 2388 978 2429 meas
1019 2375 1084 2429 ad
1116 2362 1379 2446 przlium,
1407 2387 1460 2432 et
1488 2378 1681 2456 digitos

109 2471 256 2514 meos
279 2459 351 2514 ad
389 2460 611 2515 bellum.
662 2462 736 2518 De
762 2462 902 2518 Filio
941 2463 995 2518 in
1020 2465 1310 2535 Evangelia
1341 2484 1357 2521 :
1388 2468 1458 2523 Et
1486 2470 1681 2524 circui-

109 2547 194 2601 bat
218 2549 382 2605 Jesus
410 2552 652 2606 civitates
691 2567 878 2609 omnes
927 2563 982 2609 et
1021 2555 1259 2621 castella,
1287 2557 1486 2612 docens
1511 2560 1566 2613 in
1587 2574 1681 2631 sy-

108 2651 316 2708 nagoga
354 2656 545 2695 eorum
573 2640 878 2711 (Matt/etv,
905 2644 1022 2715 23).
1059 2646 1126 2700 Et
1170 2647 1361 2701 iterum
1395 2665 1408 2699 :
1441 2647 1570 2720 cum
1597 2664 1678 2706 se-

112 2727 290 2798 disset,
323 2733 538 2802 aperuit
562 2748 626 2788 os
648 2730 837 2801 suum,
860 2743 914 2790 et
936 2735 1161 2791 docebat
1184 2752 1277 2793 eos
1292 2737 1503 2809 (Matth.
1529 2740 1678 2810 v,2).

113 2818 184 2873 De
205 2820 416 2891 Spiritu
443 2833 630 2878 sancto
657 2825 710 2878 in
746 2825 1035 2896 Evangelia
1070 2845 1084 2882 :
1115 2828 1247 2882 Cum
1276 2835 1453 2885 autem
1475 2832 1681 2886 venerit

117 2908 418 2967 Paracletus
441 2913 534 2967 ille
559 2914 776 2982 spiritus
803 2917 1066 2984 veritatis,
1103 2917 1316 2978 docebit
1341 2933 1440 2976 vos
1463 2933 1677 2977 omnem

115 3002 390 3059 veritatem
426 3003 604 3076 (Joan.
638 3020 748 3073 xvt,
774 3007 860 3075 i3)
875 3045 889 3061 .

677 3117 898 3173 CAPUT
919 3118 1126 3175 XXCH.

578 3206 655 3261 De
690 3204 952 3263 communi
983 3211 1216 3280 imperio.

187 3293 413 3365 imperat
445 3297 623 3364 Pater,
652 3298 791 3354 idem
815 3301 1000 3367 Filius,
1025 3304 1164 3359 idem
1188 3305 1418 3374 Spiritus
1439 3318 1678 3369 sanctus.

122 3382 188 3437 De
221 3387 378 3443 Patre
409 3387 462 3442 in
491 3389 727 3458 Epistola
759 3391 898 3447 Petri
943 3394 1172 3448 secunda
1213 3413 1228 3447 :
1272 3397 1397 3452 Haec
1434 3400 1576 3458 enim
1606 3401 1682 3454 fa-

126 3476 319 3534 cientes
349 3497 458 3534 nan
487 3482 753 3548 errabitis,
784 3485 876 3541 sed
899 3485 1287 3543 ministrabitur
1311 3491 1465 3546 vobis
1493 3492 1679 3548 introi-

125 3576 196 3620 tus
216 3570 264 3624 in
291 3573 556 3628 aeternum
584 3574 865 3644 imperium
897 3577 986 3650 Dei
1039 3577 1124 3653 (Ii
1177 3579 1322 3652 Patr.
1355 3598 1392 3648 ι,
1443 3582 1553 3653 10).
1603 3586 1679 3642 De

126 3659 245 3718 Filio
266 3667 316 3719 in
345 3668 640 3737 Evangelia
669 3685 689 3741 ,ε
718 3668 890 3733 Surde
919 3670 1146 3748 etmtite
1180 3675 1421 3744 spiritus,
1454 3692 1553 3746 ego
1582 3679 1675 3733 tibi

123 3752 310 3822 impero
356 3770 416 3813 ut
458 3775 624 3821 exeas
663 3760 732 3814 ab
773 3777 878 3829 ea“
904 3772 957 3818 et
1000 3748 1592 3841 ampliusnezintroeas
1624 3773 1675 3825 in

124 3857 233 3899 eum
259 3847 455 3916 (ﬂare.
488 3865 565 3916 tx,
597 3849 710 3922 21).
741 3851 922 3925 878,
946 3855 1011 3909 Et
1042 3855 1379 3926 {Imperavit
1421 3870 1578 3914 vento
1623 3871 1677 3916 et

126 3938 267 4004 mari,
284 3950 339 3996 et
359 3942 498 3996 facta
521 3953 602 3998 est
624 3938 980 4013 tranquillitas
993 3950 1535 4022 magna(1_latth.v1tt,
1553 3955 1669 4023 26).

128 4026 193 4082 De
210 4029 405 4100 Spiritu
434 4046 619 4090 sancto
649 4038 700 4091 in
728 4028 828 4093 Job
857 4040 974 4108 (Job
1006 4043 1346 4113 xxxvm,,29)
1384 4059 1410 4118 ,ε
1459 4048 1531 4103 De
1555 4050 1674 4116 Spi-

128 4121 217 4173 ritu
266 4121 476 4179 Drnnini
528 4127 682 4181 datur
716 4129 910 4198 glacies
943 4146 1102 4200 super
1133 4142 1350 4200 terram,
1383 4138 1449 4190 Et
1487 4139 1620 4194 infra
1654 4158 1705 4197 :.

135 4208 340 4277 imperio
366 4232 466 4271 suo
491 4219 609 4273 fecit
637 4207 831 4287 nivem,
874 4225 1101 4291 potentia
1133 4241 1224 4280 sua
1262 4230 1453 4296 giravit
1476 4236 1668 4288 caelum

131 4300 176 4352 in
201 4303 416 4362 circuitu
441 4310 620 4378 giarim
642 4326 753 4365 sua:
794 4312 912 4383 (Job
945 4332 1143 4382 xxxvtt,
1175 4318 1272 4388 6).,

589 4446 598 4454 .
641 4401 864 4458 CAPUT
904 4406 1128 4461 XXCIII.

551 4489 625 4544 De
662 4495 914 4552 communi
931 4497 1244 4567 χάὶεεὶριὶηα.

192 4572 465 4645 Disciplina
497 4579 688 4645 Patris,
718 4583 994 4651 disciplina
1025 4586 1170 4652 Filii,
1197 4590 1476 4658 dismplina
1507 4592 1671 4661 Spiri-

133 4667 204 4713 tus
227 4668 407 4720 sancti.
437 4668 510 4722 De
533 4669 688 4724 Patre
714 4672 763 4724 in
784 4672 1096 4730 Salomone:
1124 4678 1242 4744 Fili,
1277 4696 1344 4734 ne
1373 4683 1668 4749 neglexeris

133 4747 441 4844 disciplinam
491 4758 581 4811 Dei
615 4798 632 4824 ,
683 4777 850 4830 neque
897 4763 1114 4819 delicias
1164 4767 1231 4821 ab
1279 4784 1342 4822 eo
1390 4747 1670 4844 correptus

136 4835 294 4927 (Prov.
323 4860 402 4910 ut,
430 4848 538 4916 11).
573 4851 643 4903 De
668 4849 799 4904 Filio
843 4855 893 4906 in
940 4857 1144 4923 psalmo
1189 4864 1416 4927 septimo
1461 4835 1668 4918 decimo

137 4926 284 4993 (Vm.
307 4935 399 5004 36)
434 4953 448 4990 :
483 4938 708 4993 Dextera
751 4950 837 4994 tua
888 4948 1123 5013 suscepit
1153 4926 1265 5015 me,
1291 4960 1344 5005 et
1392 4951 1666 5021 disciplina

138 5023 208 5112 tua
234 5021 334 5090 ipsa
366 5042 455 5081 me
494 5029 724 5095 docebit,
768 5043 821 5088 et
869 5034 1108 5092 doctrina
1152 5048 1237 5093 tua
1265 5041 1456 5112 diriget
1483 5059 1569 5098 me
1613 5047 1666 5099 in

136 5105 288 5166 ﬁnem.
335 5118 408 5172 De
457 5118 664 5187 Spiritu
704 5135 887 5180 sancto
935 5127 986 5180 in
1034 5128 1322 5186 Salomone
1440 5133 1666 5202 Spiritus

138 5201 252 5297 enim
275 5207 560 5278 disciplinae
585 5212 799 5281 eil'ugiet
831 5217 1030 5283 fictum.
1061 5229 1113 5274 et
1140 5224 1349 5278 auferet
1377 5240 1436 5279 se
1522 5228 1668 5297 cogi-

139 5289 408 5365 tatiouibus,
434 5314 553 5369 qua:
590 5312 715 5356 sunt
740 5305 854 5359 sine
881 5307 1149 5381 intellectu
1186 5313 1340 5382 (Sap.
1370 5330 1408 5379 ι,
1445 5315 1518 5385 v).

633 5390 871 5461 ,csrur
904 5396 1133 5454 xxctv.

501 5481 581 5536 De
606 5487 858 5538 communi
902 5488 1257 5559 insufﬂatt'one.

198 5561 406 5625 lnsuiilat
433 5571 610 5656 Pater,
642 5575 878 5650 insufﬂat
909 5579 1106 5647 Filius,
1155 5582 1385 5639 insufﬂat
1435 5566 1663 5656 Spiritus

141 5658 332 5713 sanctus.
358 5662 431 5718 De
463 5653 618 5719 Patre
640 5664 690 5722 in
721 5666 911 5731 Genesi
938 5688 948 5721 :
983 5669 1043 5726 Et
1066 5671 1189 5727 fecit
1226 5674 1362 5730 Deus
1387 5653 1658 5733 hominem

1705 3065 1756 3130 ο
1778 3026 1918 3094 (Act.
1944 3042 2002 3094 ιι,
2035 3027 2146 3099 38).

1789 1816 1898 1872 bito
1925 1832 2087 1877 sonus
2114 1830 2360 1892 tanquam
2391 1823 2610 1890 spiritus
2649 1823 2840 1887 validi,
2890 1832 2944 1878 et
2969 1824 3207 1893 implevit
3232 1840 3348 1880 om-

1787 1908 1907 1965 nem
1928 1909 2102 1965 locum
2123 1913 2176 1967 in
2203 1927 2309 1982 quo
2334 1922 2490 1968 erant
2514 1914 2768 1970 sedentes
2798 1914 2934 1986 (Act.
2969 1931 3026 1981 ιι,
3047 1915 3129 1984 2).

2305 2012 2529 2081 CAPUT
2571 2027 2801 2082 xxcw.

2286 2116 2374 2172 De-
2391 2104 2652 2172 communi
2698 2121 2854 2175 dono.

1855 2204 2060 2260 Donum
2080 2207 2174 2261 Dei
2202 2200 2396 2273 Patris,
2427 2202 2796 2282 donum'Filii,
2820 2211 3014 2266 donum
3039 2223 3094 2268 et
3114 2213 3346 2282 Spiritus
3387 2279 3389 2282 q

1783 2297 2074 2353 sa'ncti.'De
2104 2299 2261 2358 Patre
2286 2301 2340 2354 in
2366 2301 2620 2375 Apostolo
2647 2319 2663 2356 :
2702 2302 2878 2365 Gratia
2906 2306 3037 2360 salvi
3069 2307 3200 2376 facti.
3219 2310 3347 2383 estis

1785 2403 1879 2455 per
1904 2388 2099 2455 ﬁdem,
2146 2401 2200 2445 et
2246 2390 2348 2446 hoc
2399 2408 2500 2447 non
2549 2409 2629 2448 ex-
2662 2395 2830 2459 vobis,
2873 2397 2964 2451 Dei
3013 2398 3214 2466 Donum
3265 2412 3346 2454 est

1782 2477 1999 2560 (Epltes.
2034 2480 2193 2551 tt,8).
2244 2483 2323 2537 De
2371 2483 2509 2538 Filio
2557 2486 2608 2540 in
2657 2486 2982 2549 Salomone”:
3011 2489 3141 2556 Quia
3189 2503 3346 2549 nemo

1780 2586 1900 2627 esse
1944 2582 2118 2641 potest
2158 2577 2460 2642 cantinens,
2485 2577 2584 2632 nisi
2625 2579 2765 2636 Deus
2781 2579 2911 2646 det;
2939 2591 2990 2636 et
3021 2583 3122 2636 bac
3162 2584 3335 2650 ipsum

1779 2664 2057 2731 sapientiae.
2087 2669 2390 2733 erat,.scire
2419 2669 2568 2737 cujus
2609 2680 2751 2726 esset
2797 2671 2900 2727 hoc
2943 2673 3139 2728 donum
3188 2676 3342 2745 (Sap.
3379 2665 3383 2672 ’

1779 2756 2000 2827 vnt,~2).
2034 2757 2110 2812 De
2135 2757 2331 2828 Spiritu
2357 2771 2542 2816 sancto
2570 2762 2621 2842 in
2647 2762 2866 2817 Actibus
2901 2781 2913 2816 :
2962 2764 3336 2844 Paenitentiam

1779 2848 1940 2917 agite,
1974 2858 2027 2904 et
2058 2851 2354 2921 baptizatur
2380 2855 2735 2921 unusquisque
2768 2854 2836 2909 ‘in
2878 2856 3092 2914 nomine
3134 2858 3341 2913 Domini

1777 2935 1906 2992 Iesu
1953 2936 2178 3004 Christi,
2236 2949 2290 2996 et
2333 2930 2604 3011 accipietis
2651 2945 2848 3000 donum
2898 2946 3132 3016 Spiritus
3173 2953 3342 3007 sancti

2305 3100 2528 3157 CAPUT
2568 3103 2818 3158 XXCVII.

2243 3191 2317 3246 De
2336 3196 2588 3247 communi
2617 3197 2887 3253 locutione.

1853 3303 2107 3371 Loquitur
2135 3303 2313 3370 Pater,
2345 3305 2579 3375 loquitur
2620 3307 2801 3374 Filius,
2842 3310 3075 3382 loquitur
3114 3314 3344 3385 Spiritus

1779 3400 2018 3448 sanctus.
2077 3393 2153 3448 De
2209 3393 2365 3449 Patre
2419 3397 2471 3450 in
2527 3398 2730 3465 psalmo
2793 3404 3125 3473 sexagesimo
3170 3407 3344 3474 primo

1780 3481 1960 3551 (Vm.
1989 3483 2080 3553 12)
2110 3501 2124 3536 :
2157 3484 2334 3540 Semel
2365 3487 2569 3566 locutus
2588 3487 2670 3543 est
2692 3489 2849 3557 Deus,
2878 3491 2982 3546 duo
3010 3495 3124 3550 haec
3141 3497 3340 3553 audivi.
3366 3561 3371 3566 ,

1782 3569 1848 3623 Et
1875 3587 1888 3623 :
1916 3571 2056 3625 Deus
2084 3572 2291 3629 locutus
2316 3561 2490 3630 estin
2520 3588 2704 3631 sancto
2731 3592 2830 3633 suo
2883 3581 3050 3650 (Psal.
3083 3599 3210 3652 cvtt,
3258 3586 3340 3657 8).

1780 3660 1856 3714 De
1900 3662 2033 3737 Filia
2073 3662 2124 3716 in
2168 3663 2454 3734 Evangeiio
2497 3667 2811 3737 :Loquente
2854 3669 2980 3725 Jesu
3025 3673 3091 3726 ad
3134 3675 3337 3742 turbas,

1780 3750 1916 3806 Ecce
1948 3762 2116 3829 mater
2152 3754 2267 3822 ejus
2297 3763 2350 3808 e‘t
2376 3755 2564 3811 fratres
2590 3757 2716 3810 foris
2758 3760 2985 3826 stabant,
3036 3770 3339 3829 quaerentes

1779 3841 1920 3909 loqui
1952 3827 2072 3920 cum
2103 3857 2166 3898 eo
2197 3842 2409 3913 (Matth.
2440 3862 2531 3911 xtl,
2563 3842 2673 3917 16).
2711 3847 2842 3904 item
2871 3851 2940 3905 ibi
2976 3871 2988 3905 :
3014 3827 3226 3922 Loquor
3246 3852 3340 3909 vo-

1777 3930 1879 3996 bis,
1907 3942 1959 3986 et
1982 3947 2084 3986 non
2106 3925 2527 4011 creditis-(10am
2555 3954 2604 4002 x,
2632 3938 2746 4006 25).
2790 3939 2865 3995 De
2906 3932 3104 4010 Spiritu
3155 3956 3339 4002 sancto
3378 3935 3382 3941 ’

1775 4021 1827 4074 in
1883 4023 2138 4090 Apostolo
2183 4037 2199 4076 :
2259 4025 2487 4094 Spiritus
2535 4039 2616 4082 est
2679 4031 2765 4098 qui
2812 4031 3041 4100 loquitur
3086 4032 3335 4103 mysteria

1776 4109 1824 4180 (Ι
1853 4111 1970 4166 Cor.
2003 4127 2109 4178 ny,
2137 4113 2215 4183 2).
3287 4133 3290 4136 ‘

2290 4185 2514 4241 CAPUT
2552 4187 2823 4242 XXCVilI.

2062 4274 2064 4276 ⁷
2178 4275 2257 4329 De
2281 4281 2536 4332 commimt'
2564 4271 2911 4337 retributione.

1848 4386 2123 4457 Retribuet
2154 4388 2330 4459 Pater,
2365 4392 2622 4448 retribuet
2652 4383 2840 4462 Filius,
2876 4400 3131 4454 retrilun-t
3158 4401 3330 4471 Spiri-

1776 4489 1858 4532 tus
1879 4489 2114 4543 sanctus.
2140 4481 2212 4535 De
2243 4482 2398 4536 Patre
2427 4483 2478 4538 in
2506 4487 2762 4553 Apostolo
2791 4503 2803 4540 :
2839 4488 2893 4542 Si
2927 4500 3100 4544 tamen
3128 4492 3328 4560 justum

1773 4577 1855 4622 est
1883 4571 2020 4638 apud
2052 4571 2218 4626 Deum
2246 4573 2538 4629 retribuere
2572 4576 2651 4630 his
2678 4578 2766 4645 qui
2801 4593 2895 4632 vos
2927 4580 3200 4646 tribulaut,
3234 4586 3328 4638 tri-

1775 4659 2128 4742 bulationem;
2170 4673 2223 4717 et
2256 4664 2402 4718 vobis
2442 4666 2528 4733 qui
2575 4668 2912 4733 tribulamiui,
2958 4673 3191 4741 requiem
3242 4675 3324 4742 (11

1774 4750 1924 4804 Thes.
1959 4766 1997 4814 ι,
2027 4736 2103 4821 6).
2138 4754 2213 4807 De
2241 4754 2374 4809 Filio
2404 4757 2455 4808 in
2503 4758 2757 4824 Apostolo
2797 4776 2809 4812 ε
2854 4760 2976 4813 Mihi
3027 4736 3326 4831 vindictam,

1773 4854 1871 4908 ego
1902 4843 2215 4910 retribuam,
2256 4843 2386 4898 dicit
2427 4845 2896 4917 Dominus'Uiom.
2949 4866 3040 4915 xtt,
3090 4852 3198 4919 19).
3254 4856 3328 4910 De

1770 4932 1968 5000 Spiritu
1999 4944 2186 4988 sancto
2213 4935 2374 5005 £80
2417 4937 2468 4990 in
2503 4936 2743 4992 Iudicum
2779 4958 2789 4991 :
2835 4939 2893 4994 Si
2923 4942 3066 4994 enim
3107 4958 3325 5012 congre-

1770 5023 2011 5092 gaveriut
2038 5040 2096 5080 se
2120 5025 2173 5079 in
2208 5042 2390 5096 unum,
2416 5039 2468 5082 et
2494 5029 2734 5084 venerint
2777 5031 2843 5084 ad
2876 5034 3129 5088 terminos
3169 5036 3320 5090 Jeru-

1769 5112 1954 5178 salem,
2001 5125 2054 5168 et
2097 5119 2514 5185 expugnaverint
2541 5135 2653 5186 vos,
2700 5136 2798 5191 ego
2829 5127 3310 5195 mittatn'Spiritum

1769 5215 1964 5266 meum,
1995 5213 2049 5257 et
2074 5205 2326 5259 retribuet
2359 5208 2434 5259 eis
2460 5222 2576 5275 quae
2603 5209 2702 5279 ipsi
2734 5215 3092 5270 retribuerunt
3114 5220 3284 5273 vobis.

2284 5317 2508 5373 CAPUT
2560 5321 2787 5376 XXCIX.

2187 5406 2262 5460 De
2302 5413 2552 5462 communi
2579 5416 2901 5479 respectione.

1837 5494 2067 5564 Respicit
2107 5496 2285 5567 Pater,
2332 5501 2547 5569 respicit
2595 5503 2774 5569 Filius,
2830 5510 3045 5577 respicit
3086 5511 3318 5580 Spiritus

1768 5601 2000 5643 sanctus.
2036 5589 2108 5643 De
2133 5590 2285 5645 Patre
2308 5592 2360 5646 in
2391 5594 2584 5648 Genesi
2614 5613 2625 5646 :
2655 5597 2903 5666 Respexit
2927 5601 3063 5655 Deus
3090 5603 3139 5656 in
3186 5604 3318 5661 Abel

1767 5691 1820 5736 et
1849 5694 2005 5751 super
2032 5697 2252 5738 munera
2278 5686 2391 5753 ejus
2417 5703 2432 5738 :
2462 5701 2619 5758 super
2649 5687 2775 5744 Cain
2805 5701 2980 5748 autem
3009 5705 3060 5750 ct
3091 5711 3314 5753 munera
