3862 6222
531 286 624 339 liii

1793 277 2042 338 .VIGILII
2081 236 2444 337 rarssivsrs

3632 284 3741 338 ΚΒ

528 396 642 464 ejus
671 409 772 448 non
797 393 1024 460 reSpexit
1050 390 1197 459 (Ceu.
1225 404 1294 452 tv,
1324 389 1394 453 1).
1426 387 1498 440 De
1526 386 1654 441 Filia
1681 386 1731 440 in
1758 385 2041 457 Evangelia
2065 403 2077 440 :
2109 405 2158 464 Α
2186 391 2436 458 Apostola
2464 407 2479 446 :
2507 389 2574 446 Ut
2605 391 2799 474 fulgeat
2828 393 2880 449 in
2913 395 2991 452 eis
3017 395 3327 452 illuminatio
3348 367 3570 468 Spiritus
3603 410 3738 452 an-

532 487 835 556 Respiciens
873 484 1024 539 Je-us
1073 483 1414 550 cogitationes
1460 494 1670 544 eorum,
1727 479 1901 533 dixit:
1935 479 2071 544 Quid

529 578 770 646 cogitatis
815 573 947 628 mala
995 572 1046 625 iu
1094 570 1342 625 cordibus
1386 571 1575 624 vestris
1618 568 1832 638 (Matth.
1874 585 1948 632 ix,
1981 568 2071 636 4)?

531 669 604 722 De
648 666 840 734 Spiritu
880 673 1061 716 sancto
1106 662 1156 715 in
1187 660 1504 730 Apocalypsi
1548 661 1651 713 :lIi
1695 658 1815 712 sunt
1861 665 2063 726 septem

531 758 746 826 spiritus
799 755 884 824 qui
938 753 1219 822 inspiciunt
1274 755 1570 806 universam
1627 759 1817 804 terram
1864 748 2069 818 (Apoc.

525 865 578 911 γ’
611 846 684 914 ω’
1119 910 1342 965 CAPUT
1374 859 1478 963 ac.

993 1001 1071 1055 De
1118 980 1373 1054 communi
1419 997 1622 1067 placito.

597 1120 798 1174 Placuit
823 1118 987 1180 Patri,
1014 1116 1204 1184 placuit
1233 1113 1383 1176 Filia,
1412 1110 1602 1179 placuit
1626 1108 1840 1176 Spiritui
1868 1117 2068 1162 sancto.

529 1212 603 1266 De
625 1211 778 1265 Patre
811 1211 859 1263 in
887 1205 1140 1276 .Xpostalo
1164 1222 1177 1257 :
1210 1203 1394 1256 Postea
1423 1215 1577 1269 quam
1604 1199 1800 1268 placuit
1832 1198 1958 1262 Deo,
1984 1199 2071 1268 qui
2099 1196 2103 1199 ’

529 1317 613 1356 me
633 1302 924 1370 segregavit
971 1313 1032 1350 ex
1085 1304 1232 1349 utero
1279 1291 1462 1346 matris
1509 1305 1662 1353 mem,
1712 1299 1768 1343 ut
1812 1290 2077 1344 revelaret

529 1391 713 1445 Filium
739 1403 884 1442 suum
915 1387 963 1438 iu
997 1399 1078 1438 me
1109 1381 1249 1452 (Gal.
1283 1397 1320 1445 ι,
1350 1381 1462 1449 15).
1495 1379 1561 1436 Et
1583 1381 1634 1431 in
1664 1378 1867 1446 psalmo
1900 1395 1912 1430 :
1959 1377 2066 1431 Pla~

526 1485 633 1536 cuit
657 1481 765 1534 Dea
795 1492 952 1545 super
981 1475 1197 1528 vitulum
1229 1471 1499 1541 novellum
1541 1483 1737 1524 cornua
1775 1467 2072 1536 producen-

528 1583 628 1625 tcm
650 1579 702 1624 et
727 1569 944 1638 ungulas
976 1565 1142 1636 (Psal.
1176 1579 1354 1627 uvru,
1385 1562 1498 1631 3'2).
1531 1561 1602 1614 De
1636 1560 1768 1614 Filio
1794 1559 1845 1613 in
1870 1559 2071 1627 psalmo

524 1660 849 1729 sexagesimo
871 1657 1093 1725 septimo
1124 1653 1297 1723 (Vers.
1329 1653 1418 1722 I7)
1449 1667 1463 1704 :
1500 1651 1727 1705 Montem
1760 1649 1811 1704 in
1834 1663 1935 1716 quo
1965 1649 2071 1715 pla-

2176 485 2243 537 cti
2271 481 2354 553 (ll
2387 482 2500 538 Cor.
2533 498 2600 546 iv,
2635 484 2709 550 4).

2733 572 2954 630 CAPUT
2987 577 3164 633 XCIV.

2530 739 2538 745 ἰ
2597 665 2669 719 De
2689 669 2938 720 communi
2963 670 3299 736 apparitione.

2244 754 2405 824 482
2458 756 2715 823 Apparuit
2757 756 2929 823 Pater,
2975 757 3162 824 Filius,
3214 759 3445 828 Spiritus
3493 773 3735 818 sanctus,

2178 841 2250 894 De
2276 842 2426 897 Patre
2465 845 2527 922 in.
2565 845 2782 898 Actibus
2816 861 2829 897 :
2883 845 3020 900 Deus
3063 846 3247 915 gloria:
3299 851 3540 916 apparuit
3583 852 3737 906 Patri

2177 942 2358 986 nostro
2406 933 2669 988 Abraham
2717 949 2837 991 cum
2890 944 3031 991 esset
3079 937 3130 991 in
3176 937 3548 1009 Mesopotamia
3582 943 3735 1011 (Art.

2176 1037 2270 1087 vn,
2299 1023 2380 1092 ἓ).
2414 1025 2488 1078 De
2521 1025 2653 1080 Filio
2692 1027 2744 1080 in
2765 1025 2984 1081 Joannis
3012 1027 3248 1097 Epistola
3284 1047 3298 1082 :
3349 1031 3462 1100 Ipse
3489 1038 3740 1101 apparuit

2176 1111 2358 1176 Filius,
2391 1123 2445 1165 ut
2470 1114 2645 1167 solvat
2675 1130 2835 1182 opera
2877 1115 3069 1172 diaboli
3111 1115 3181 1187 (1
3224 1117 3382 1172 Joan.
3425 1135 3503 1186 tu,
3534 1123 3630 1191 8).
3667 1123 3739 1176 Pe

2174 1201 2372 1269 Spiritu
2401 1210 2583 1255 sancto
2612 1202 2663 1255 in
2693 1201 2792 1256 Job
2820 1217 2834 1256 :
2875 1203 2939 1256 Et
2966 1203 3181 1273 spiritus
3209 1209 3452 1276 apparuit
3479 1210 3529 1263 in
3555 1211 3736 1266 oculis

2175 1295 2307 1348 meis
2341 1311 2354 1350 :
2383 1301 2430 1347 et
2476 1292 2794 1351 horruerunt
2825 1295 3001 1364 capilli
3032 1297 3156 1361 mei,
3189 1306 3244 1352 et
3274 1298 3478 1353 vultum
3506 1311 3558 1353 et
3605 1315 3734 1370 spe-

2172 1384 2306 1437 ciem
2339 1398 2443 1438 nan
2482 1385 2624 1450 vidi,
2671 1384 2764 1440 sed
2803 1393 3006 1440 tantum
3055 1401 3242 1443 vocem
3287 1387 3565 1446 audiebam
3611 1392 3732 1460 (Job

2172 1488 2244 1540 ’ν’
2282 1472 2391 1541 ’ω’
2723 1542 2947 1599 CAPUT
3000 1544 3151 1600 xcv.

2622 1632 2699 1686 De
2745 1637 2996 1688 communi
3033 1637 3254 1690 veritate.
3291 1613 3293 1615 ι

522 1753 631 1806 cuit
651 1721 782 1804 "Deo
811 1721 1050 1802 habitare
1097 1721 1150 1798 in
1198 1759 1282 1812 eo,
1315 1721 1511 1797 etenim
1541 1741 1791 1793 Dominus
1821 1738 2071 1792 habitabit
2105 1755 2146 1813 Β
2243 1721 2451 1778 Veritas
2485 1723 2660 1795 Paler,
2694 1724 2890 1779 verius
2923 1725 3105 1791 Filius,
3129 1727 3228 1783 hoc
3256 1736 3312 1782 et
3342 1727 3567 1798 Spiritus
3596 1745 3722 1784 san-

521 1853 688 1909 usque
733 1840 782 1893 in
827 1838 1003 1901 tinem,
1052 1847 1156 1889 etc.
1201 1833 1273 1888 De
1302 1829 1499 1900 Spiritu
1527 1836 1709 1882 sancto
1736 1827 1785 1880 in
1814 1826 2066 1880 Actibus:

521 1929 722 1984 Placuit
749 1925 960 1996 Spiritui
989 1933 1169 1976 sancto
1193 1932 1247 1981 et
1274 1921 1447 1984 nobis,
1481 1919 1609 1972 nihil
1634 1917 1860 1986 ampiius
1885 1915 2071 1971 oneris

519 2021 792 2089 imponere
821 2016 967 2070 vobis
995 2014 1130 2084 (Act.
1161 2027 1248 2076 sv,
1270 2014 1386 2080 ς28),
1421 2022 1525 2066 etc.

1098 2123 1319 2178 CAPUT
1361 2119 1492 2176 XCI.

967 2216 1044 2269 De
1062 2215 1311 2270 communi
1351 2213 1623 2266 intellectu.

586 2333 912 2389 Intellectum
942 2330 1030 2384 dat
1071 2328 1244 2394 Pater,
1294 2327 1390 2378 hoc
1441 2320 1641 2386 Filius,
1690 2321 1792 2376 hoc
1839 2320 2070 2389 Spiritus

479 2453 489 2462 ν
520 2431 753 2477 sanctus.
779 2421 853 2474 De
877 2419 1029 2472 Patre
1057 2418 1106 2471 in
1129 2419 1332 2486 psalmo
1359 2412 1540 2482 quinto
1565 2412 1771 2466 decimo
1791 2409 2066 2480 (Vm.7):

517 2513 827 2569 Benedieam
860 2510 1162 2570 Dominum,
1193 2505 1282 2574 qui
1334 2503 1455 2557 milii
1489 2502 1673 2556 tribuit
1714 2502 2061 2554 intellectum.

518 2607 593 2660 De
624 2606 754 2659 Filio
778 2604 828 2656 in
860 2600 1110 2669 Apostolo
1147 2615 1158 2650 :
1186 2596 1423 2663 Intel‘ige
1448 2608 1564 2662 qum
1589 2592 1727 2659 dico,
1745 2591 1900 2662 481
1920 2590 2067 2644 dabit

516 2697 656 2750 enim
686 2694 775 2747 tibi
808 2691 1061 2745 Dominus
1088 2686 1416 2741 intellectum
1449 2680 1530 2754 (11
1583 2680 1715 2735 Tim.
1749 2695 1812 2746 II,
1859 2681 1942 2748 7).
1992 2676 2067 2734 De

408 2823 416 2830 -
517 2787 712 2854 Spiritu
740 2792 920 2837 saneto
949 2780 1040 2833 ubi
1067 2791 1226 2846 supra
1255 2794 1269 2828 :
1301 2775 1426 2830 Idea
1472 2783 1523 2827 et
1573 2786 1670 2826 nos
1710 2786 1774 2826 es
1822 2784 1924 2840 qua
1973 2769 2065 2828 die

515 2875 828 2940 audivimus,
863 2886 968 2927 non
993 2883 1264 2924 cessamus
1294 2881 1391 2937 pro
1430 2865 1578 2919 vobis
1605 2871 1822 2918 orantes
1869 2871 1924 2916 et
1966 2875 2063 2930 po-

521 2966 778 3021 stulantes
803 3002 819 3029 ,
866 2970 923 3015 ut
967 2955 1287 3028 impleamini
1317 2955 1581 3024 agnitione
1610 2951 1894 3014 voluntatis
1923 2950 2060 3016 ejus,

515 3059 568 3113 in
597 3056 740 3111 omni
767 3052 1020 3123 sapientia
1051 3058 1105 3105 et
1134 3049 1400 3104 intellectu
1421 3044 1646 3115 spiritali
1682 3043 1811 3115 (Col.
1847 3057 1885 3108 ι,
1909 3042 1986 3113 9).

1067 3159 1288 3215 CAPUT
1325 3157 1482 3212 XCII.

931 3248 1006 3306 De
1028 3249 1280 3303 communi
1310 3243 1648 3301 mundatione.

587 3365 800 3421 Mondat
846 3363 1002 3419 Pater
1029 3403 1042 3427 ,
1081 3359 1295 3415 mundat
1346 3357 1528 3421 Filius,
1574 3353 1794 3410 mundat
1838 3351 2064 3420 Spiritus

516 3465 747 3511 sanctus.
781 3453 854 3508 De
885 3452 1040 3506 Patre
1079 3450 1130 3504 in
1162 3447 1438 3522 Ezechiele
1472 3450 1484 3497 ':
1520 3444 1584 3498 Et
1623 3445 1797 3498 salvas
1826 3455 1916 3496 eos
1944 3440 2066 3493 facit

520 3548 590 3602 de
631 3545 890 3600 universis
934 3540 1146 3595 sedibus
1193 3540 1324 3599 suis.
1355 3539 1406 3591 in
1438 3536 1628 3606 quibus
1671 3539 2062 3602 peccaverunt:

517 3636 783 3692 mandabo
812 3648 924 3698 eos,
948 3642 1000 3686 et
1027 3641 1182 3685 erunt
1211 3630 1340 3684 mihi
1369 3627 1613 3698 populus,
1643 3633 1698 3681 et
1731 3638 1830 3694 ego
1867 3638 1959 3677 ero
1989 3623 2064 3676 eis

520 3728 664 3783 Deus
691 3744 706 3792 ;
740 3731 924 3780 servus
954 3736 1101 3777 meus
1123 3720 1286 3776 David
1317 3735 1410 3773 rex
1439 3731 1597 3788 super
1627 3729 1743 3781 eos,
1787 3721 1840 3769 et
1886 3719 2066 3781 pastor

515 3820 616 3876 erit
643 3817 875 3872 omnium
904 3829 1086 3870 eorum
1119 3810 1328 3884 (Ezech.
1354 3824 1559 3870 XXXVII.
1597 3808 1711 3876 25).
1745 3807 1819 3861 De
1847 3805 1982 3860 Filia
2012 3807 2062 3857 in

519 3907 850 3976 Evangelia:
897 3902 1107 3958 [labens
1150 3901 1498 3956 ventilabrum
1544 3897 1598 3952 in
1649 3910 1804 3950 manu
1853 3885 1969 3960 sua,
2010 3903 2063 3947 et

519 3997 790 4054 mundabit
834 4008 1013 4048 aream
1059 4005 1241 4058 suam,
1279 3999 1335 4045 et
1378 3986 1716 4056 cangregabit
1742 3985 1967 4038 fructum
2006 3983 2062 4036 in

516 4090 707 4141 horrea
738 4099 852 4150 sua,
884 4083 1060 4152 paleas
1084 4089 1256 4135 autem
1287 4077 1560 4133 comburet
1584 4076 1686 4144 igni
1719 4073 2064 4141 inexstingui-

512 4178 601 4232 bili
632 4175 839 4246 (Matth.
873 4189 949 4238 III,
979 4172 1088 4240 η).
1121 4172 1187 4226 Et
1214 4189 1229 4225 :
1259 4169 1393 4225 Caro
1437 4179 1485 4224 et
1535 4167 1751 4236 sanguis
1780 4166 1900 4220 Filii
1947 4165 2062 4234 ejus

513 4265 732 4320 mundat
759 4276 856 4316 nos
883 4262 948 4316 ab
976 4260 1117 4314 omni
1147 4266 1364 4328 peccato
1393 4256 1440 4327 (1
1471 4254 1628 4310 Joan.
1661 4270 1699 4320 ι,
1729 4255 1804 4323 7).
1837 4253 1911 4308 De
1939 4252 2062 4321 Spi-

511 4355 616 4410 ritu
648 4363 832 4407 sancta
859 4352 908 4405 in
940 4350 1070 4405 Isaia
1110 4367 1122 4402 :
1159 4348 1221 4403 Et
1265 4346 1535 4401 mundabit
1575 4344 1828 4398 Dominus
1875 4343 2061 4397 sordes

2176 1822 2312 1867 ctus.
2343 1813 2419 1868 De
2447 1813 2598 1868 Patre
2629 1815 2681 1868 in
2723 1815 2925 1884 psalmo
2957 1817 3225 1873 tricesimo
3265 1818 3438 1890 (Verr.
3465 1821 3518 1888 6)
3563 1840 3576 1870 :
3631 1823 3726 1874 tte-

2172 1903 2383 1958 demisti
2413 1919 2518 1970 me,
2549 1904 2768 1960 Domine
2802 1906 2940 1962 Deus
2970 1909 3222 1964 veritatis.
3271 1910 3328 1964 In
3377 1925 3560 1964 manus
3588 1921 3724 1974 tuas,

2172 1997 2419 2060 Domine,
2441 1996 2755 2052 commendo
2767 1997 3219 2066 spiritum'meum.
3237 1999 3310 2055 De
3331 2000 3462 2054 Filio
3484 2002 3533 2054 in
3552 2001 3725 2055 Evan-

2170 2087 2309 2157 gelia
2341 2103 2354 2140 :
2391 2087 2501 2157 Ego
2532 2102 2645 2142 sum
2677 2089 2780 2155 via,
2811 2090 3023 2156 veritas,
3058 2099 3109 2144 et
3143 2091 3243 2144 vita
3277 2089 3452 2160 (Joan.
3499 2107 3612 2156 xrv,
3649 2091 3724 2159 6).

2169 2177 2299 2231 Item
2329 2177 2440 2244 ipse
2466 2176 2530 2231 ad
2564 2177 2767 2233 Patrem
2799 2196 2810 2230 :
2847 2179 3036 2235 Sermo
3065 2182 3182 2236 ttius
3220 2181 3412 2236 veritas
3439 2191 3519 2235 est
3541 2180 3722 2251 (Joan.

2169 2281 2299 2335 xvtt,
2333 2267 2442 2334 I7).
2491 2267 2564 2321 De
2603 2267 2802 2335 Spiritu
2847 2268 3033 2324 "saneto
3076 2275 3127 2324 in
3171 2269 3407 2340 Epistola
3451 2269 3723 2326 Joannis:

2170 2354 2396 2424 Spiritus
2423 2363 2505 2411 est
2531 2356 2726 2411 veritas
2754 2355 2804 2429 (1
2834 2356 2989 2412 Joan.
3024 2376 3074 2425 v,
3106 2359 3182 2428 6).

2724 2466 2948 2525 CAPUT
2983 2468 3168 2524 XCVI.

2621 2558 2697 2612 De
2721 2557 2975 2613 communi
3003 2561 3260 2615 mndata.
3329 2604 3334 2605 κ

2236 2647 2446 2702 Mandat
2472 2647 2649 2719 Pater,
2679 2650 2893 2704 mandat
2918 2649 3106 2718 Filius,
3139 2652 3236 2705 bac
3266 2659 3322 2706 et
3354 2649 3582 2721 Spiritus
3604 2667 3720 2707 san-

2166 2748 2301 2795 ctus.
2363 2740 2436 2805 De
2485 2738 2640 2797 Patre
2701 2742 2752 2795 in
2814 2742 3017 2811 psalmo
3087 2742 3425 2812 sexagesimo
3491 2746 3718 2814 septimo

2167 2829 2340 2902 (Vera.
2367 2829 2480 2901 29):
2504 2830 2712 2895 Manda,
2745 2829 2905 2898 Deus,
2924 2831 3099 2886 virtuti
3128 2841 3249 2885 tur.
3269 2831 3338 2886 Et
3367 2832 3639 2887 mandavit
3668 2835 3716 2888 in

2164 2928 2422 2975 aeternum
2453 2929 2828 2979 testamentum
2871 2934 3021 2974 suum
3053 2921 3222 2991 (Paul.
3246 2936 3334 2988 cs,
3365 2921 3441 2990 9).
3465 2923 3540 2978 De
3587 2923 3716 2978 Filio

2164 3011 2216 3063 in
2264 3010 2545 3079 Evangelia
2601 3027 2613 3062 :
2665 3011 2788 3063 Hrec
2838 3010 3050 3076 mando,
3097 3020 3154 3065 ut
3205 3012 3433 3081 diligatis
3487 3014 3713 3067 invicem

2093 3110 2139 3173 ς
2171 3100 2347 3175 (Joan.
2382 3117 2473 3169 xv,
2503 3098 2612 3174 I7).
2645 3100 2720 3157 De
2744 3099 2942 3171 Spiritu
2965 3109 3168 3167 sancto,
3201 3101 3251 3155 in
3281 3101 3409 3155 Isaia
3451 3117 3467 3155 :
3498 3101 3714 3156 Verum-

2171 3204 2346 3247 tamen
2365 3191 2596 3262 legitima
2623 3204 2739 3246 mea
2771 3190 3056 3259 custodite,
3085 3206 3202 3261 quae
3228 3205 3324 3262 ego
3347 3191 3537 3246 mando
3565 3191 3712 3246 vobis

2162 3283 2230 3338 de
2259 3283 2456 3354 Spiritu
2477 3296 2619 3349 meo,
2651 3280 2780 3336 dicit
2808 3281 3082 3336 Dominus.

2709 3373 2931 3429 CAPUT
2972 3372 3173 3428 XCVII.
3240 3405 3246 3411 -

2572 3465 2648 3520 De
2676 3463 2925 3518 communi
2954 3462 3300 3529 inspiratione.

2234 3555 2392 3629 583
2422 3553 2649 3624 Inspirat
2670 3552 2847 3618 Pater,
2893 3552 3118 3620 inspirat
3157 3549 3342 3612 Filius,
3389 3556 3443 3604 et
3484 3547 3709 3617 Spiritus

2164 3660 2395 3703 sanctus.
2425 3648 2502 3702 De
2529 3647 2683 3701 Patre
2713 3644 2763 3698 in
2793 3643 2930 3698 libro
2951 3641 3051 3697 Job
3075 3658 3088 3695 :
3113 3641 3335 3710 Spiritus
3356 3640 3444 3710 qui
3463 3639 3586 3695 fecit
3606 3654 3702 3704 me,

2162 3749 2215 3793 et
2246 3737 2520 3808 inspiratio
2568 3734 2942 3803 omnipotentis
2991 3730 3087 3786 Dei
3123 3731 3210 3800 qui
3258 3729 3415 3785 docet
3459 3743 3546 3785 me
3594 3729 3706 3798 (Job

2162 3845 2328 3897 χχχιι,
2361 3829 2436 3898 8).
2465 3829 2539 3883 De
2572 3827 2704 3882 Filio
2733 3826 2787 3880 in
2817 3825 3022 3896 psalmo
3057 3824 3284 3894 septimo
3305 3811 3515 3878 decimo
3536 3821 3703 3893 (Ven.

2165 3921 2289 3993 II):
2321 3920 2401 3975 Ab
2438 3919 2794 3988 increpatione
2833 3927 2941 3980 tua,
2975 3916 3217 3982 Domino,
3257 3914 3325 3969 ab
3370 3913 3705 3984 inspiratione

2163 4014 2378 4082 spiritus
2419 4009 2510 4063 ira:
2559 4017 2682 4062 tua.
2743 4006 2818 4060 De
2862 4005 3061 4074 Spiritu
3093 4013 3274 4058 sancto
3301 4005 3353 4058 in
3383 4001 3700 4073 Evangelia:

2165 4102 2390 4171 Spiritus
2419 4099 2508 4154 ubi
2535 4098 2645 4154 vult
2671 4097 2855 4167 spirat,
2878 4105 2933 4150 et
2959 4107 3145 4150 vocem
3185 4094 3298 4163 ejus
3337 4094 3492 4150 audis
3515 4091 3698 4167 (Joan-

2161 4207 2237 4259 m’
2262 4189 2338 4260 8)’
2367 4198 2471 4245 ω’
2691 4254 2913 4311 CAPUT
2950 4254 3176 4310 xcvm.

2541 4347 2618 4411 De
2648 4349 2898 4403 comuruni
2932 4348 3322 4422 significatione.

513 4445 736 4499 mimum
768 4451 820 4496 et
862 4443 1083 4496 ﬁliarum
1132 4440 1286 4529 Sion!
1330 4449 1383 4492 θί
1421 4433 2054 4529 ‘3“3"3“§!“-_’°'“3?"?m
2085 4460 2137 4520 D
2230 4459 2499 4529 Signiﬁcat
2529 4459 2703 4526 Pater,
2733 4458 2995 4529 signiﬁcat
3027 4458 3185 4513 Filius
3205 4499 3218 4523 ,
3273 4457 3375 4511 hac
3404 4465 3460 4510 et
3488 4454 3699 4526 Spiritus

511 4535 814 4588 emundabit
841 4533 906 4586 de
934 4530 1108 4585 medio
1137 4529 1250 4598 ejus
1276 4527 1328 4581 in
1357 4526 1545 4596 sp‘ritu
1585 4523 1766 4593 judicii
1799 4532 1850 4577 et
1870 4522 2056 4591 spiritu

509 4619 711 4676 ardoris
749 4617 901 4690 (Isai.
926 4634 995 4682 tv,
1023 4620 1103 4685 4).
1283 4625 1293 4632 ⁵

1051 4725 1274 4782 CAPUT
1313 4725 1496 4781 XCIII.

881 4819 954 4872 De
980 4819 1230 4871 communi
1269 4818 1664 4870 illuminatione.

579 4931 838 4986 Illuminat
868 4929 1041 4992 Pater,
1074 4927 1329 4982 illuminat
1361 4927 1547 4989 Filius,
1590 4923 1854 4977 illuminat
1879 4922 2052 4990 Spiri-

507 5032 591 5078 tus
633 5031 864 5077 sanctus.
913 5020 984 5073 De
1031 5019 1182 5073 Patre
1211 5020 1261 5072 iu
1314 5017 1518 5086 psalmo
1568 5016 1790 5084 septimo
1846 5013 2052 5069 decimo

508 5113 678 5183 (Vera.
710 5113 804 5183 29)
833 5129 847 5166 :
879 5112 958 5166 Tu
978 5111 1293 5165 illuminabis
1314 5111 1583 5165 lucernam
1611 5124 1803 5172 meam;
1831 5108 2052 5162 Domine

508 5205 646 5258 Deus
670 5219 841 5269 meus,
873 5203 1105 5256 ilIumina
1132 5201 1372 5255 tenebras
1398 5215 1562 5255 meas.
1581 5202 1656 5254 De
1685 5199 1817 5253 Filia
1839 5200 1889 5253 in
1913 5203 2051 5267 Apo-

505 5295 642 5348 stalo
674 5310 685 5344 :
714 5291 842 5346 Cum
873 5301 1042 5345 autem
1075 5290 1274 5344 venerit
1321 5289 1595 5356 Dominus,
1644 5298 1701 5362 et.
1724 5289 2050 5342 illuminave-

506 5383 575 5438 rit
602 5382 904 5438 abscondita
935 5383 1289 5444 tenebrarum,
1343 5389 1396 5434 et
1425 5381 1594 5449 palam
1649 5379 1807 5434 faciet
1853 5380 2048 5448 cogita-

508 5475 674 5529 tiones
695 5475 868 5529 cordis
897 5489 1074 5530 eorum
1104 5473 1155 5544 (1
1179 5475 1296 5528 Cor.
1339 5489 1410 5539 iv,
1449 5473 1522 5543 5).
1563 5473 1628 5526 Et
1665 5475 1854 5528 iterum
1895 5490 1907 5527 :
1941 5475 2046 5527 Ex-

508 5575 660 5629 surge
681 5566 766 5631 qui
796 5563 1011 5632 dormis,
1041 5573 1093 5618 et
1122 5565 1265 5618 eleva
1296 5574 1346 5616 te
1371 5577 1400 5615 a
1432 5563 1677 5625 mortuis,
1711 5572 1764 5616 et
1789 5563 2049 5616 illumina-

479 5647 583 5703 "bit
607 5660 655 5706 te
683 5650 918 5708 Christus
946 5650 1158 5725 (Ephes.
1186 5669 1238 5721 v,
1270 5651 1379 5722 I9).
1429 5652 1501 5706 De
1533 5650 1727 5721 Spiritu
1776 5659 1958 5705 sancto
1992 5651 2066 5707 in,

2161 4561 2395 4606 sanctus.
2436 4550 2510 4604 De
2541 4550 2697 4603 Patre
2741 4549 2792 4603 in
2847 4549 3048 4618 psalmo
3098 4547 3532 4618 quinquagesimo
3571 4560 3699 4600 nono

2162 4641 2338 4711 (Vers.
2368 4640 2422 4706 6)
2457 4658 2468 4691 :
2501 4640 2666 4704 Deus,
2690 4639 2926 4708 repulisli
2953 4651 3069 4704 nos,
3101 4646 3154 4692 et
3190 4637 3450 4692 deduxisti
3479 4651 3596 4692 nos.
3641 4635 3698 4688 Et

2161 4731 2294 4786 intra
2327 4747 2342 4785 :
2371 4730 2566 4785 Dedisti
2599 4730 2953 4791 metuentibus
2977 4737 3029 4783 te
3053 4728 3521 4797 signiﬁcationem,
3548 4738 3602 4783 ut
3628 4729 3697 4779 tu-

2051 4819 2060 4824 “
2161 4825 2353 4894 gianta
2383 4822 2513 4876 facie
2540 4835 2714 4876 arcus.
2757 4821 2832 4874 De
2859 4820 2994 4874 Filio
3020 4820 3070 4871 in
3101 4818 3414 4888 Apocalypsi
3448 4838 3464 4874 :
3503 4819 3696 4886 Apoca-

2161 4915 2323 4986 Iypsis
2363 4912 2486 4967 Jesu
2529 4911 2754 4974 Christi,
2791 4924 2949 4978 quam
2975 4907 3120 4964 dedit
3154 4908 3228 4961 illi
3257 4907 3395 4961 Deus
3421 4907 3696 4964 ostendere

2155 5005 2323 5058 servis
2350 5002 2479 5066 suis,
2506 5008 2559 5055 et
2583 4999 2912 5067 signiﬁcavit,
2942 5000 3266 5065 mittens'per
3286 4998 3536 5067 angelum
3557 5013 3692 5053 suam

2159 5106 2314 5147 servo
2337 5088 2435 5147 suo
2462 5090 2648 5143 Joanui
2677 5089 2856 5157 (Apoc.
2890 5103 2926 5154 ι,
2971 5085 3044 5156 1).
3079 5085 3154 5140 De
3192 5086 3391 5154 Spiritu
3428 5099 3612 5142 sancto
3634 5091 3695 5138 ait

2159 5183 2409 5236 Hebraeos
2441 5172 2598 5233 {Non
2629 5179 2744 5231 sine
2771 5178 3048 5245 sanguine,
3102 5188 3256 5242 quem
3303 5172 3465 5230 oﬂert
3515 5191 3606 5246 pro
3642 5189 3693 5226 se

2154 5284 2206 5327 et
2231 5286 2327 5341 pro
2380 5270 2556 5339 populi
2610 5268 2927 5337 ignorantia,
2980 5265 3308 5337 signiﬁcante
3357 5265 3462 5320 hoc
3509 5263 3689 5334 Spiritu

2156 5371 2338 5416 sancto
2359 5358 2539 5431 (Hebr.
2567 5374 2639 5424 Ix,
2659 5357 2734 5425 7).

2714 5466 2934 5522 CAPUT
2974 5463 3155 5519 XCIX.

2531 5559 2601 5612 De
2625 5557 2874 5612 communi
2893 5554 3334 5625 wangelisatione.

2251 5671 2590 5739 Evangelium
2643 5671 2733 5726 Dei
2765 5667 2960 5734 Patris,
2993 5664 3338 5736 Evangelium
3372 5659 3520 5731 Filii,
3558 5659 3702 5715 Evas-
