3862 6222
146 375 243 431 435

145 584 268 638 Etsi
292 578 408 650 quid
433 573 573 630 aliud
600 567 1014 627 sanaLdoctrina:
1055 566 1384 625 adversatur,
1428 574 1548 629 qum
1590 567 1672 612 est

143 681 412 739 secundum
471 673 809 742 Evangelium
863 669 1043 739 gloria:
1095 665 1234 722 beati
1286 666 1381 720 Dei
1428 661 1490 734 (Ι
1541 661 1669 714 Tim.

146 801 181 848 ι,
216 781 318 850 10).
366 781 437 833 De
463 769 596 831 Filio
622 774 686 830 ad
733 772 982 842 Ephesios
1020 787 1033 822 :
1079 769 1405 844 lntcriiciens
1452 765 1676 822 inimici-

147 888 271 938 tiam
309 882 358 936 in
383 878 695 947 semetipso,
728 882 778 929 et
820 873 1034 927 veniens
1073 869 1454 939 evangeiizavit
1493 882 1675 937 pacem

147 986 346 1058 (Eph:s.
377 997 432 1046 ιι,
464 976 574 1046 16).
605 976 732 1030 Item
759 972 866 1027 ibi:
899 969 1068 1024 Testis
1093 969 1232 1022 enim
1262 966 1388 1021 mihi
1419 977 1499 1020 est
1518 967 1676 1032 Deus,

147 1087 229 1141 cui
278 1082 439 1138 servio
495 1080 548 1132 in
593 1075 777 1142 spiritu
820 1086 937 1126 meo
977 1071 1028 1124 in
1078 1069 1360 1136 Evangelio
1406 1067 1522 1121 Filii
1568 1067 1682 1135 ejus

148 1188 315 1257 (Rom.
345 1198 380 1247 ι,
405 1179 479 1250 9).
513 1179 589 1231 De
615 1176 810 1244 Spiritu
829 1179 1010 1227 sancto
1040 1171 1090 1225 in
1113 1171 1346 1240 Epistula
1370 1168 1512 1223 Petri
1537 1188 1549 1221 :
1578 1168 1682 1223 Vo-

150 1287 227 1340 bis
259 1291 422 1336 autem
451 1282 877 1331 monstraverunt
904 1272 1036 1335 hazc,
1065 1273 1150 1339 qui
1182 1271 1330 1324 vobis
1360 1269 1685 1339 evangeliu-

151 1392 334 1440 verunt
362 1383 409 1435 in
434 1378 635 1448 Spiritu
663 1381 845 1430 sancto
874 1370 926 1443 (1
947 1370 1090 1424 Petr.
1121 1386 1161 1438 ι,
1189 1369 1303 1439 12).

1073 353 1342 412 CONTRA
1381 349 1768 404 PALLADIUM
1811 346 2112 401 AlilANUM
2157 343 2280 398 LIB.
2321 344 2356 398 Ι.

142 485 321 556 gelium
351 477 575 548 Spiritus
620 470 806 527 sancti.
856 469 929 524 De
980 466 1138 521 Patre
1182 464 1247 518 ad
1289 461 1623 516 Timotheum
1661 477 1672 512 :
1704 464 1756 522 Α

3229 341 3330 393 ιω

2403 453 2624 509 CAPUT
2663 454 2722 509 C.

2260 547 2354 599 Ubi
2387 547 2553 599 illuxit
2585 545 2826 599 Trinitas.

1846 635 2006 706 484,
2030 634 2203 688 Illuxit
2233 627 2407 698 Pater,
2455 634 2624 687 illuxit
2664 634 2845 699 Filius,
2894 632 3064 687 illuxit
3101 631 3332 700 Spiritus

1777 735 2011 779 sanctus.
2037 726 2112 780 De
2135 725 2290 778 Patre
2314 724 2364 777 in
2391 724 2644 792 Apostolo
2677 740 2689 777 :
2717 723 2854 777 Deus
2886 730 3056 777 autem
3083 722 3170 791 qui
3202 719 3334 773 dixit

1778 815 1842 867 de
1871 815 2104 869 tenebris
2133 814 2308 868 lumen
2346 813 2738 881 splendescere,
2769 812 2942 866 illuxit
2986 812 3040 864 in
3087 809 3333 864 cordibus

1781 904 1968 958 vestris
1997 902 2084 974 (II
2113 903 2231 957 Cor.
2255 920 2325 968 tv,
2355 905 2434 972 6).
2464 903 2538 957 De
2560 903 2689 957 Filio
2735 903 2786 957 in
2816 902 3014 972 psalmo
3045 901 3334 955 centesimo

1784 997 2015 1063 septimo
2055 995 2260 1050 decimo
2307 995 2491 1066 (Vm.
2545 994 2639 1066 276,
2695 993 2784 1062 27)
2831 1012 2842 1047 :
2890 992 3200 1048 Benedictus
3245 988 3334 1058 qui

1785 1087 1930 1140 venit
1947 1086 1996 1139 in
2020 1087 2232 1140 nomine
2257 1086 2483 1150 Domini,
2517 1065 2652 1141 Deus
2675 1085 2946 1149 Dominus,
2970 1094 3023 1138 et
3049 1083 3222 1137 illuxit
3240 1096 3335 1135 no-

1786 1176 1885 1231 bis.
1922 1177 1993 1231 De
2023 1175 2219 1245 Spiritu
2249 1186 2431 1230 sancto
2458 1177 2508 1230 in
2561 1178 2813 1245 propheta
2843 1192 2854 1226 :
2906 1174 3020 1228 Non
3050 1173 3334 1226 absconde—

1788 1275 1871 1320 tur
1900 1268 2034 1321 ultra
2056 1266 2215 1322 facies
2246 1281 2360 1322 mea
2386 1268 2451 1320 ab
2475 1268 2574 1331 eis,
2605 1281 2699 1336 pro
2725 1281 2790 1322 eo
2835 1265 2973 1334 quod
3005 1264 3173 1318 illuxit
3214 1262 3332 1331 Spi-

1787 1359 1919 1412 ritus
1967 1371 2117 1413 meus
2160 1371 2318 1426 super
2347 1358 2660 1412 universam
2707 1357 2922 1413 domum
2969 1355 3163 1421 Israel,
3211 1353 3342 1408 dicit

1792 1445 2041 1501 Dominus
2070 1443 2280 1515 (Ezech.
2312 1461 2494 1513 xxxrr,
2517 1445 2628 1515 29).

186 1603 3303 1650 ’με-’Μ

201 1635 1753 1663 W

913 1729 1574 1902 manu
1624 1729 2598 1842 TAPSENSIS

429 1920 1146 2052 CONTRA
1236 1915 2276 2044 PALLADIUM
2372 1916 3149 2042 ARIANUM

1484 2114 1744 2189 LIBRI
1795 2115 2031 2190 DUO.

1243 2354 1254 2369 '
1312 2321 1652 2406 LIBER
1707 2324 2176 2407 PRIMUS.

719 2501 908 2546 GESTA
944 2497 1370 2542 EPISCOPORUM
1406 2496 1711 2549 Λρυιιιῖιιε
1741 2495 2079 2539 ADVERSUM
2119 2497 2483 2542 HERETICOS
2516 2499 2803 2542 ARIANOS.

227 2607 376 2679 (.35
404 2604 626 2676 Syagrio
648 2613 698 2657 et
730 2603 986 2679 Eucherio
1007 2616 1092 2653 vv.
1132 2614 1214 2654 cc.
1246 2612 1412 2663 coss.,
1435 2613 1492 2650 ιιι
1523 2611 1688 2651 nonas
1724 2596 1770 2656 Β
1799 2610 2042 2650 venarum
2073 2598 2275 2666 copiam
2321 2598 2631 2654 recolentes.
2663 2599 2790 2654 Nam
2828 2599 2966 2669 quod
3003 2602 3342 2667 Ambrosius,

165 2668 786 2770 Septembris,_Aquilei:e
813 2696 864 2746 in
896 2668 1131 2745 Ecclesia
1157 2690 1550 2744 considentibus
1580 2688 1694 2756 epi-

167 2789 346 2856 scopis,
376 2783 788 2854 Aquileiensium
819 2781 1043 2835 civitatis
1067 2779 1366 2844 Valeriano,
1394 2778 1695 2841 Ambrosio,

170 2877 428 2945 Eusebio,
472 2875 731 2936 Limenio,
785 2871 1022 2936 Anemio,
1068 2870 1286 2936 Sabino,
1343 2869 1696 2934 Abundantio,

167 2970 411 3028 Artemio,
461 2965 786 3028 Constantio,
827 2962 996 3025 Justo,
1041 2960 1324 3024 Philastro,
1368 2957 1696 3028 Constantio,

168 3057 454 3122 Theodoro,
494 3053 798 3119 Almachio,
827 3052 1106 3116 Domniuo,
1136 3051 1399 3112 Amantio,
1450 3050 1698 3130 Maximo,

171 3146 354 3213 Felice,
389 3146 656 3210 Bassiano,
683 3143 945 3209 Nnmidio,
991 3140 1550 3217 Januario,_Proculo,
1601 3141 1734 3195 He-v.

173 3237 396 3302 lodoro,
445 3235 664 3303 .lo'vino,
718 3234 926 3297 Felice,
975 3231 1398 3301 Exsuperantio,
1450 3231 1702 3300 Diogene,

171 3327 402 3391 Maximo,
428 3322 1035 3390 Macedonio,Cassiann,
1061 3322 1304 3376 Marcello
1332 3321 1701 3387 etEustathio,

171 3417 440 3486 episcopis.
1529 3470 1532 3474 .

230 3507 516 3560 Ambrosius
539 3505 798 3575 episcopus
827 3503 957 3555 dixit
991 3516 1008 3553 :
1040 3500 1134 3554 Diu
1163 3500 1292 3555 citra
1320 3509 1430 3554 acta
1460 3500 1704 3566 tractavi-

177 3611 298 3650 mus.
331 3596 393 3650 Et
422 3596 666 3664 quoniam
695 3602 835 3646 tanta
862 3591 1130 3660 sacrilegia
1172 3606 1202 3644 a
1230 3590 1384 3644 Patre
1411 3590 1625 3644 Palladii
1650 3600 1704 3644 et

1803 2696 1855 2742 et
1883 2688 2001 2741 vita:
2032 2690 2217 2743 merito
2246 2700 2298 2743 et
2326 2689 2412 2743 Dei
2442 2691 2743 2758 dignatione
2784 2692 3096 2760 conspicuus
3141 2695 3342 2763 episco-

1802 2790 1900 2845 pus
1927 2777 2392 2832 Mediolanensium
2438 2779 2683 2844 civitatis,
2734 2781 2802 2834 ibi
2832 2781 3216 2836 multitudinem
3249 2799 3352 2838 non
3408 2817 3410 2820 τ

1804 2880 1934 2933 opus
1961 2881 2077 2921 esse
2103 2869 2350 2936 suggerit,
2377 2868 2462 2922 ubi
2485 2868 2679 2922 veritas
2711 2884 2811 2922 non
2854 2870 3119 2924 laboraret
3149 2873 3199 2924 in
3230 2873 3353 2940 plu-

1806 2954 1969 3020 ribus,
1997 2955 2040 3008 si
2093 2957 2259 3010 locata
2288 2966 2427 3012 esset
2477 2957 2530 3010 in
2577 2959 2794 3027 paucis:
2827 2973 2985 3028 seque
3029 2975 3210 3016 eorum
3258 2963 3349 3031 qui

1806 3055 1984 3099 contra
2021 3056 2253 3102 astarent
2285 3047 2681 3117 assertionibus,
2714 3056 2767 3103 et
2803 3049 3104 3107 sacerdotes
3151 3051 3350 3104 vicina-

1802 3150 1917 3190 rum
1966 3126 2211 3192 ex‘ltalia
2243 3137 2539 3204 civitatum,
2586 3139 2715 3193 satis
2761 3139 3070 3209 abundeque
3112 3140 3357 3212 sufficere

1803 3241 1959 3296 posse
2001 3228 2270 3297 suggerit,
2307 3229 2671 3284 abstinendum
2704 3231 3081 3286 venerabilium
3111 3215 3347 3286 virorum

1805 3319 2110 3387 fatigatione
2140 3322 2441 3374 censuimus
2472 3338 2484 3373 :
2516 3317 2585 3376 ne
2614 3323 2834 3391 quisvel
2864 3332 3068 3376 maturo
3091 3319 3208 3378 ae'vo
3237 3339 3350 3393 gra-

1808 3407 1907 3471 vis,
1937 3408 2021 3462 vel
2045 3409 2302 3477 corporali
2351 3409 2619 3464 debilitate
2664 3411 2954 3476 confectus,
2985 3412 3065 3465 vel
3097 3412 3346 3466 laudabili

1808 3505 2112 3564 paupertate
2135 3497 2429 3566 mediocris,
2466 3502 2698 3555 insuetas
2729 3508 2940 3570 repetat
2970 3510 3157 3566 terras,
3188 3512 3242 3556 et
3269 3517 3355 3556 re-

1809 3585 1966 3655 liqua.

177 3687 478 3741 Secundiani
530 3685 722 3739 nostris
765 3683 976 3737 auribus
1020 3682 1346 3750 ingeruntur,
1395 3690 1449 3734 ut
1495 3680 1705 3735 difficile
1733 3689 1778 3753 ρ
1877 3678 2166 3734 Ambrosius
2195 3682 2453 3751 epiacOpus
2483 3683 2610 3736 dixit
2639 3699 2657 3736 .·
2693 3683 2827 3737 Ecce
2857 3682 2995 3751 quod
3024 3683 3360 3738 Christianus

177 3777 434 3845 quisquam
464 3774 644 3829 credat
700 3782 803 3827 tam
832 3781 1010 3841 aperte
1062 3784 1152 3824 eos
1195 3769 1561 3837 blasphemare
1607 3784 1702 3838 po-

181 3865 331 3919 tuisse
365 3883 377 3916 :
410 3865 491 3918 vel
521 3877 586 3916 ne
614 3877 712 3930 qua
746 3861 840 3930 ipsi
871 3859 1159 3915 calliditate
1202 3858 1337 3912 dicta
1386 3873 1476 3912 sua
1525 3865 1706 3926 postea

183 3969 359 4023 negare
379 3960 659 4017 conentur,
704 3951 826 4006 licet
852 3950 918 4004 de
966 3958 1225 4003 tantorum
1272 3949 1598 4003 sacerdotum
1631 3956 1708 4003 te-

179 4047 478 4101 stiﬁcatione
504 4044 729 4099 dubitari
759 4050 1088 4112 numqueat:
1119 4051 1290 4096 tamen
1317 4043 1564 4110 quoniam
1597 4057 1707 4095 om-

181 4137 319 4191 nibus
361 4136 624 4205 episcopis
663 4133 870 4203 placet,
918 4133 1044 4186 ﬁant
1085 4142 1223 4198 acta,
1255 4140 1310 4186 ut
1355 4133 1710 4200 unusquisque

181 4228 545 4295 professionem
582 4239 730 4280 suam
777 4235 958 4293 postea
984 4237 1176 4292 negare
1215 4237 1318 4278 non
1364 4217 1542 4290 possit.
1575 4220 1709 4288 Quid

178 4315 324 4384 igitur
347 4318 514 4384 vobis,
545 4317 712 4370 sancti
742 4315 858 4383 viri,
891 4315 1097 4384 placeat
1122 4313 1493 4368 declarandum
1522 4320 1621 4366 est.

249 4406 430 4460 Omnes
451 4407 665 4478 episcOpi
690 4405 922 4458 dixerunt
951 4421 968 4458 :
997 4404 1189 4458 Placet.

242 4494 398 4565 ωε
441 4496 727 4548 Ambrosius
769 4495 1030 4562 episcopus
1071 4493 1196 4546 dixit
1239 4507 1257 4544 :
1303 4491 1712 4559 Disceptationes

185 4599 360 4640 nosme
415 4601 481 4639 ex
531 4600 588 4639 re
633 4574 898 4638 firmandae
935 4592 1058 4638 sunt
1095 4585 1290 4652 scripto
1331 4582 1610 4652 imperiali,
1661 4591 1715 4634 ut

193 4674 490 4744 allegentur.

246 4764 548 4818 Sabinianus
573 4765 810 4818 diaconus
835 4764 1054 4817 recitavit
1082 4777 1102 4816 :

249 4853 500 4924 Ambigua
551 4854 849 4923 dogmatum
892 4853 1186 4907 reverentia
1230 4866 1294 4906 ne
1321 4852 1609 4907 dissideant
1635 4869 1717 4908 sa-

190 4946 439 5009 cerdotes,
467 4958 620 5011 quam
661 4945 882 5011 primum
913 4942 1142 5010 experiri
1190 4943 1479 5009 cupientes,
1524 4957 1715 4996 convc-

1804 3771 2074 3824 constituit
2100 3772 2398 3840 imperator.
2426 3772 2598 3826 Noltt't
2627 3773 2867 3841 injilriam
2903 3774 3073 3827 facere
3103 3775 3358 3830 sacerdo-

1807 3860 1946 3913 tibus
1975 3878 1987 3914 :
2019 3862 2160 3929 ipsos
2189 3862 2502 3931 interpretes
2531 3863 2800 3917 constituit
2829 3863 3123 3932 episcopos.
3158 3867 3233 3919 Ac
3264 3879 3358 3933 per

1807 3949 1926 4015 hoc,
1956 3952 2200 4018 quoniam
2229 3952 2278 4004 in
2304 3952 2618 4008 sacerdotali
2641 3953 2864 4008 concilio
2886 3955 3238 4015 consedimus,
3269 3969 3354 4008 re-

1807 4040 2008 4107 sponde
2033 4040 2098 4094 ad
2126 4055 2189 4095 ea
2234 4056 2352 4110 quae
2396 4043 2488 4097 tibi
2535 4053 2920 4111 proponuntur.
2968 4043 3075 4096 Arii
3121 4045 3344 4111 epistola

1809 4129 1942 4183 lceta
1970 4141 2087 4184 est:
2118 4132 2274 4185 etiam
2303 4147 2438 4185 nunc
2480 4133 2807 4199 recitabitur,
2837 4135 2881 4186 si
2914 4132 3004 4186 tibi
3035 4134 3266 4188 videtur.
3313 4135 3358 4189 Α

1815 4221 2072 4291 principio
2103 4223 2259 4276 habet
2287 4223 2660 4292 blasphemias,
2689 4224 2858 4280 solum
2881 4224 3088 4278 Patrem
3110 4234 3363 4278 teternum

1813 4312 1959 4366 dixit.
2012 4314 2064 4368 Si
2096 4314 2185 4367 tibi
2235 4314 2446 4369 videtur
2502 4315 2640 4384 quod
2682 4317 2772 4370 Dei
2816 4316 2973 4370 Filius
3015 4319 3364 4385 sempiternus

1813 4419 1914 4457 non
1951 4403 2061 4466 sit,
2111 4405 2208 4457 hoc
2239 4403 2406 4471 ipsum
2443 4405 2882 4473 quemadmodum
2931 4406 3009 4459 vis
3059 4415 3236 4460 astrue
3269 4423 3282 4459 :
3316 4407 3361 4460 si

1815 4493 2166 4548 danmandunt
2199 4504 2372 4563 putas,
2407 4496 2595 4550 damna
2627 4495 2980 4564 Evangelium.
3007 4495 3242 4549 Praasens
3284 4506 3366 4549 est

1817 4595 1867 4638 et
1895 4585 2202 4651 Apostolus,
2231 4599 2413 4639 omnes
2454 4586 2737 4653 Scriptura:
2777 4595 2967 4653 prmsto
3017 4594 3177 4648 sunt,
3228 4586 3366 4638 unde

1819 4675 1894 4726 vis
1931 4684 2135 4736 astruc,
2167 4676 2209 4728 si
2242 4684 2390 4743 putas
2421 4692 2522 4728 non
2563 4690 2679 4729 esse
2723 4675 2812 4728 Dci
2855 4676 3044 4728 Filium
3086 4677 3364 4747 sempiter-

1820 4779 1963 4816 num.
2785 4769 2790 4772 “

1890 4852 2155 4906 Palladius
2185 4855 2326 4907 dixit.
2363 4855 2548 4908 Vestro
2576 4857 2746 4915 studio
2776 4855 2963 4910 factum
2988 4865 3087 4919 est,
3116 4857 3250 4909 sicut
3281 4861 3356 4911 in—

1821 4944 1961 4995 dicat
1991 4945 2142 4997 lectio
2165 4959 2326 4998 sacra:
2352 4960 2380 4997 a
2414 4948 2558 4998 vobis
2583 4948 2814 5013 prolatae,
2842 4954 2896 4998 ut
2925 4959 3024 4998 non
3045 4955 3185 4999 esset
3207 4963 3367 5012 gene-

191 5034 289 5088 nire
319 5037 366 5088 in
411 5033 820 5100 Aquileiensium
847 5033 1132 5095 civitatem,
1161 5048 1225 5086 ex
1253 5032 1467 5086 dimccsi
1513 5033 1714 5087 meritis
1746 5041 1793 5098 Ι)
1827 5033 1933 5084 rale
1956 5041 2007 5085 et
2036 5032 2245 5098 plenum
2275 5034 2574 5086 concilium.
2611 5034 2932 5087 Absentibns
2967 5035 3360 5087 εοιιεθρριπιιυιίη

190 5123 505 5178 excellentia:
555 5133 654 5176 tua:
697 5122 948 5176 creditam
981 5161 994 5184 ,
1046 5122 1318 5189 episcopos
1367 5123 1713 5190 jnsseramus.

190 5209 350 5280 Neque
388 5217 528 5267 enim
567 5213 934 5269 controversia:
986 5211 1156 5264 dubia:
1202 5213 1476 5266 sententia:
1523 5215 1718 5266 rectius

195 5310 418 5368 poterant
463 5303 718 5370 expediri,
763 5317 917 5370 quam
945 5301 989 5354 si
1021 5301 1219 5354 oborta:
1249 5303 1602 5356 altercationis
1636 5304 1714 5356 in-

196 5397 434 5458 lcrpretes
458 5391 600 5459 ipsus
626 5391 1076 5446 constituissemus
1115 5394 1408 5455 antistites;
1444 5403 1496 5445 nt
1531 5393 1717 5448 videli-

196 5489 269 5532 cet
291 5495 315 5531 ει
343 5480 529 5548 quibus
546 5480 947 5548 proficiscuntur
971 5482 1200 5534 instituta
1230 5481 1499 5543 doctrinte,
1526 5483 1589 5534 ab
1615 5486 1716 5537 eis-

199 5567 302 5619 dem
326 5568 582 5622 discordis
612 5568 918 5622 eruditionis
963 5570 1322 5636 repugnantia:
1365 5572 1716 5626 solverentur.

202 5653 358 5721 Neque
399 5671 528 5711 sane
558 5671 694 5710 nunc
720 5657 871 5711 aliter
895 5657 1139 5725 iubemus
1177 5673 1235 5711 ac
1275 5658 1564 5726 jussimus;
1616 5677 1717 5715 non

205 5744 508 5806 invertentes
548 5753 790 5820 praecepti
825 5762 1090 5818 tenorem,
1117 5752 1207 5806 sed
1248 5754 1561 5820 superﬂuam
1598 5768 1719 5807 cou-

1817 5122 1912 5174 bus
1940 5121 2128 5175 nostris
2160 5136 2254 5175 nos
2276 5121 2430 5192 487
2480 5125 2795 5190 ιεεροηηιειθ
2845 5139 2945 5175 ιιοιι
2990 5137 3286 5192 possumus.

1889 5212 2177 5265 Ambrosius
2231 5214 2489 5282 episcopus
2534 5214 2657 5264 dixit
2707 5229 2723 5264 :
2769 5215 2867 5277 Qui
2913 5225 3030 5267 sunt
3077 5227 3353 5268 οοηςυιιοε

1821 5304 1978 5355 vestri
2002 5301 2024 5353 ?
2073 5287 2082 5298 ’

1892 5393 2158 5445 Palladius
2187 5393 2316 5445 dixit
2345 5410 2364 5448 :
2394 5394 2688 5448 Orientales
2715 5394 2966 5461 episcopi.

1893 5483 2178 5534 Ambrosius
2207 5483 2614 5551 rpiscopusdizit
2639 5499 2656 5536 :
2683 5484 2890 5536 Interim
2923 5485 3040 5552 quia
3074 5483 3364 5550 sul-erioriu

1826 5574 1921 5627 bus
1948 5575 2267 5640 temporibus
2296 5575 2574 5626 concilium
2601 5574 2676 5627 sic
2716 5577 2902 5625 iactum
2943 5586 3041 5635 est,
3086 5584 3140 5626 ιιι
3177 5576 3366 5627 Orien-

1827 5664 1957 5715 tales
1987 5665 2036 5715 in
2067 5664 2298 5717 Orientis
2333 5665 2562 5729 partibus
2592 5663 2864 5715 constituti
2914 5664 3166 5718 haberent
3191 5665 3367 5716 conci-

1830 5755 1970 5822 lium,
1999 5755 2432 5810 Occidentalesin
2459 5753 2778 5822 Occidente,
2825 5771 2918 5811 nos
2967 5756 3016 5810 iu
3066 5754 3384 5810 Occidentis—
