3862 6222
606 328 707 380 435

1897 331 2110 390 VIGIUI
2152 335 2508 398 TAPSENSIS
3717 362 3804 412 ης

608 443 842 509 partibus
859 443 1122 496 constituti
1155 442 1492 496 convenimus
1519 443 1580 496 ad
1612 441 2019 513 Aquileiensium
2060 449 2132 501 ci-
2165 450 2215 508 Α
2243 451 2578 534 dies,etante
2608 454 2818 509 biduum
2840 459 3177 525 responderet
3204 473 3261 515 se
3279 463 3608 524 adfuturum.
3664 470 3794 535 Quitl

612 533 824 585 vitatem
845 532 996 598 juxta
1019 531 1344 598 imperatoris
1361 541 1700 601 praeceptum.
1725 533 1956 602 Denique
1983 538 2140 589 etiam

603 621 877 686 praefectus
923 620 1082 673 Italiae
1116 620 1317 675 litteras
1355 622 1518 687 dedit,
1559 633 1614 676 ut
1641 623 1684 675 si
1715 623 1907 676 vellent
1950 639 2139 679 conre-

597 711 730 771 nire,
764 709 810 759 in
835 717 1094 776 potestate
1137 708 1408 763 haberent.
1464 711 1566 764 Sed
1591 711 1706 778 quia
1736 710 1970 764 scierunt
2013 727 2138 765 con-

592 795 921 849 attetudinem
980 795 1308 862 ltujusmodi,
1360 807 1414 851 ut
1457 799 1506 851 in
1536 797 1747 850 Oriente
1793 797 2133 852 Orientalium

589 895 726 938 esset
754 883 1051 950 concilium,
1068 885 1200 937 intra
1222 885 1551 939 Occidentem
1570 884 2002 956 Occidentalium,
2019 888 2134 942 ideo

589 982 901 1038 putaverunt
933 988 1034 1026 non
1061 989 1177 1028 esse
1207 974 1537 1028 veniendum.
1774 1039 1780 1045 κ

659 1061 923 1115 Palladius
953 1064 1111 1117 dixit:
1142 1064 1424 1129 Imperator
1456 1072 1634 1117 noster
1663 1062 1941 1119 Gratianus
1973 1067 2131 1136 jussit

585 1149 877 1205 Orientales
903 1153 1098 1206 venire.
1131 1155 1297 1220 Negas
1323 1161 1371 1204 tu
1393 1153 1615 1220 juss'sse
1641 1156 1796 1208 eum?
1818 1156 1930 1224 lpse
1965 1159 2127 1227 impe-

586 1251 730 1295 rator
761 1244 908 1296 nobis
947 1242 1077 1295 dixit
1112 1256 1169 1296 se
1200 1234 1492 1297 Orientales
1530 1244 1753 1311 jussisse
1781 1247 1983 1302 venire.

655 1333 944 1385 Ambrosius
968 1335 1228 1401 episcOpus
1255 1334 1382 1386 dixit
1414 1349 1431 1385 :
1465 1333 1650 1402 Utique
1676 1335 1861 1402 jussit,
1894 1338 1981 1406 qui
2018 1353 2120 1392 non

585 1420 848 1486 prohibuit
867 1421 967 1474 huc
998 1421 1198 1475 venire.

656 1508 919 1562 Palladius
946 1511 1104 1564 dixit:
1147 1511 1249 1564 Sed
1280 1527 1344 1565 ne
1373 1513 1611 1568 venirent
1641 1523 1724 1568 tua
1754 1515 1933 1582 petitio
1954 1515 2112 1571 fecit:

579 1596 678 1650 sub
703 1601 876 1674 specie
906 1597 1048 1652 falsa:
1078 1599 1357 1653 voluntatis
1380 1600 1476 1655 hoc
1520 1603 1833 1670 impetraSti,
1864 1612 1917 1658 et
1950 1606 2117 1659 distu-

579 1690 681 1743 listi
706 1690 1006 1743 concilium.

2248 556 2374 609 ergo
2402 546 2788 612 exSpectabas?
2816 547 2884 601 Ut
2920 549 3051 603 dicis
3080 551 3428 608 orientalium
3459 563 3796 613 consortium

2245 639 2449 682 tuorum
2478 634 2789 686 sententiam
2813 639 3240 702 exspectandam,
3271 643 3347 696 sic
3374 643 3607 699 debuisti
3656 664 3796 701 man-

2240 715 2383 779 dare,
2410 732 2511 771 non
2538 723 2845 786 promittere
2867 724 3187 780 conflictum.

2307 802 2578 859 Palladius
2598 806 2760 862 dixit:
2788 809 2917 875 Quia
2956 813 3102 880 quasi
3143 814 3207 868 ad
3237 819 3516 874 concilium
3573 825 3783 890 plenum

2235 907 2499 961 veneram,
2533 896 2638 950 vidi
2679 911 2782 952 non
2825 903 3140 958 convenisse
3183 916 3456 963 consortes
3502 927 3700 968 meos:
3745 928 3788 969 ut

2232 985 2572 1040 convenirem
2627 997 2680 1042 et
2702 989 2957 1057 dicerem,
3004 995 3294 1051 secundum
3335 998 3639 1066 jussionem
3674 1020 3783 1072 ege—

2231 1073 2345 1127 ritis
2370 1074 2420 1128 in
2449 1076 2804 1145 prtejudicium
2838 1081 2996 1137 futuri
3018 1086 3248 1140 concilii.

2296 1163 2586 1220 Ambrosius
2613 1169 2875 1237 episcOpus
2910 1172 3033 1226 dicit
3065 1190 3082 1226 :
3109 1175 3178 1229 Ut
3205 1175 3362 1232 hodie
3397 1179 3777 1244 redderemus,

2227 1250 2337 1318 ipse
2364 1253 2604 1321 exegisti.
2653 1254 2888 1326 Denique
2922 1261 3081 1314 etiam
3131 1262 3291 1318 hodie
3321 1274 3376 1319 tu
3413 1267 3528 1335 ipse
3572 1269 3776 1330 dixisti,

2223 1343 2340 1409 quia
2371 1343 2652 1400 Christiani
2679 1348 2743 1402 ad
2772 1350 3104 1407 Christianos
3137 1356 3394 1411 venimus.
3443 1344 3776 1415 Christianos

2221 1443 2317 1481 nos
2339 1431 2591 1496 probasti.
2611 1433 2900 1491 Promisisti
2923 1445 2974 1493 te
2998 1440 3448 1509 conﬂictaturum,
3483 1450 3772 1513 promisisti

2223 1525 2271 1570 te
2294 1517 2574 1572 allaturum
2600 1534 2719 1575 esse
2747 1524 3028 1579 rationem.
3060 1526 3312 1584 Libenter
3361 1532 3539 1601 itaque
3569 1541 3770 1600 accepi-

2217 1613 2334 1658 mus
2376 1609 2730 1674 praefationem
2763 1624 2923 1670 tuam.
2957 1615 3264 1684 Optavimus
3307 1630 3366 1676 ut
3414 1625 3566 1692 quasi
3625 1624 3768 1678 Chri-

2217 1701 2418 1759 stianus
2474 1703 2697 1760 venires.
2753 1704 2927 1762 Obtuli
2977 1709 3068 1764 tibi
3111 1711 3386 1779 epistolam
3436 1717 3576 1780 Arii,
3616 1733 3764 1786 quam

648 1781 934 1834 Ambrosius
957 1782 1214 1850 episcopus
1254 1783 1380 1835 dixit
1411 1800 1429 1835 :
1458 1783 1568 1837 Non
1613 1798 1744 1852 opus
1778 1796 1860 1840 est
1901 1789 2110 1856 evagari
2142 1791 2188 1852 Β
2214 1792 2422 1859 scripsit
2451 1792 2626 1858 Arius,
2647 1794 2711 1849 de
2731 1797 2880 1864 cujus
2905 1801 3116 1854 nomine
3146 1801 3320 1856 dicitis
3348 1818 3443 1857 vos
3458 1781 3760 1873 frequenter

574 1872 786 1936 diutius;
812 1871 1067 1939 responde
1097 1887 1249 1926 nunc.
1300 1874 1438 1934 Bene
1478 1874 1606 1928 dixit
1645 1876 1802 1930 Arius
1830 1877 2002 1932 solum
2033 1895 2110 1932 aa-

575 1973 778 2015 ternum
812 1962 1055 2016 Patrem?
1085 1970 1136 2017 et
1164 1964 1450 2017 secundum
1481 1967 1781 2034 Scripturas
1832 1968 1931 2023 hoc
1955 1969 2104 2036 dixit,

573 2068 637 2105 an
671 2053 806 2106 non?

642 2143 907 2196 Palladius
933 2144 1057 2196 dixit
1084 2143 1234 2196 :Non
1265 2144 1354 2197 tibi
1387 2144 1700 2212 respondeo.

639 2235 954 2287 Constantius
991 2235 1250 2301 episcopus
1291 2236 1459 2289 dixit:
1483 2235 1595 2290 Non
1641 2236 1928 2305 respondes
1951 2276 1965 2303 ,
2018 2238 2107 2306 qui

573 2324 748 2376 tantliu
778 2325 1192 2391 blaspltemasti?

639 2412 881 2466 Eusebius
921 2415 1182 2481 cpiscopus
1229 2415 1357 2465 dixit
1382 2429 1400 2466 :
1428 2413 1530 2469 Sed
1559 2413 1774 2468 debebis
1796 2415 2107 2482 simpliciter

569 2505 688 2556 fidei
718 2513 818 2556 tute
847 2505 1068 2572 prodere
1107 2504 1421 2557 libertatem.
1457 2503 1511 2557 Si
1551 2517 1580 2556 a
1612 2513 1660 2556 te
1688 2504 1896 2570 gentilis
1923 2506 2105 2573 exige-

568 2600 649 2644 ret
695 2591 1127 2659 quemadmodum
1163 2592 1213 2645 in
1253 2591 1517 2645 Christum
1559 2592 1826 2656 crederes,
1859 2593 2100 2647 confiteri

567 2679 878 2733 erubescere
901 2695 1005 2732 non
1028 2679 1264 2734 deberes.

637 2767 851 2820 Sabinus
879 2769 1143 2836 episcopus
1167 2770 1289 2821 dixit
1319 2769 1432 2823 :Tu
1463 2771 1637 2838 petisti
1668 2780 1722 2826 ut
1751 2773 2096 2840 respondere-

565 2871 682 2910 mus
706 2857 859 2911 hodie
876 2872 938 2911 ex
962 2858 1225 2912 voluntate
1240 2869 1344 2923 tua,
1364 2870 1414 2914 et
1432 2869 1648 2930 urgente
1668 2871 1718 2916 te
1737 2864 2096 2928 convenimus,

564 2959 618 3002 et
642 2964 757 3019 non“
793 2948 1209 3028 exspectavimus
1249 2949 1474 3017 reliquos
1515 2950 1699 3006 fratres
1737 2953 1822 3020 qui
1861 2960 2100 3019 poterant

563 3023 766 3092 venire.
785 3023 1006 3097 Proinde
1027 3052 1127 3090 non
1154 3038 1243 3091 tibi
1288 3038 1509 3092 liberum
1549 3048 1629 3094 est
1666 3031 1896 3108 evagari.
1940 3041 2094 3095 Chri-

2213 1880 2455 1945 injuriam
2485 1883 2763 1938 sustinere.
2801 1887 2980 1941 Dicitis
3019 1891 3156 1958 quod
3200 1893 3382 1946 Arium
3418 1908 3521 1947 non
3561 1909 3749 1963 sequa-

2212 1971 2363 2024 mini.
2404 1972 2569 2027 Hodie
2612 1984 2792 2042 aperta
2822 1978 2978 2032 debet
3000 1988 3141 2035 esset
3167 1983 3448 2037 sententia.
3496 1986 3605 2036 Aut
3635 2001 3759 2038 con-

2209 2057 2399 2113 demna
2424 2061 2592 2127 illum,
2624 2073 2714 2118 aut
2742 2071 2918 2120 astrue
2963 2069 3153 2135 quibus
3188 2071 3265 2126 vis
3293 2073 3637 2128 lectionibus.
3687 2074 3750 2127 Et

2208 2151 2404 2204 addidit
2436 2168 2455 2206 :
2485 2153 2643 2223 Ergo,
2689 2155 2835 2222 juxta
2879 2158 3152 2226 epistolam
3191 2163 3330 2229 Arii,
3358 2162 3606 2219 Christus
3656 2166 3744 2220 Dei

2209 2240 2369 2295 Filius
2397 2257 2498 2295 non
2521 2252 2601 2298 est
2619 2246 3016 2312 sempiternus?
3112 2317 3141 2327 χ

2277 2330 2540 2384 Palladius
2562 2334 2687 2386 dixit
2713 2351 2732 2387 :
2758 2336 2863 2389 Nos
2881 2337 3105 2393 diximus
3152 2341 3460 2408 probaturos
3484 2357 3586 2397 nos
3608 2342 3749 2396 Chri-

2206 2419 2424 2491 stianos,
2449 2421 2541 2476 sed
2570 2421 2623 2474 in
2650 2424 2870 2478 concilio
2894 2426 3068 2492 pleno.
3109 2427 3222 2483 Non
3267 2431 3417 2484 vobis
3458 2433 3746 2500 responde-

2205 2526 2321 2564 mus
2349 2513 2581 2577 omnino,
2615 2514 2666 2566 in
2697 2516 3053 2584 prtejudicium
3085 2517 3295 2571 concilii
3319 2517 3498 2571 futuri.

2273 2598 2515 2653 Eusebius
2552 2604 2815 2670 episwpus
2875 2605 3003 2656 dixit
3040 2621 3059 2655 :
3123 2605 3250 2660 Sine
3296 2606 3583 2661 calliditate
3627 2607 3738 2662 ﬁdei

2204 2696 2305 2741 tute
2323 2686 2482 2758 5.89
2506 2689 2884 2756 professionem
2913 2691 3073 2747 debes
3102 2708 3385 2761 exponere.

2271 2774 2538 2831 Palladius
2561 2778 2727 2831 dixit:
2753 2779 2819 2833 Et
2837 2781 2955 2849 quid
2979 2782 3199 2836 concilio
3227 2784 3590 2838 reservamus?

2269 2866 2560 2919 Ambrosius
2584 2870 2842 2938 episcopus
2871 2871 2999 2923 dixit
3025 2888 3044 2925 :
3065 2871 3220 2926 Omni
3256 2887 3348 2927 ore
3374 2873 3738 2927 condemnatio

2200 2952 2333 3007 facta
2353 2957 2506 3008 estin
2532 2971 2649 3010 eum
2719 2958 2805 3025 qui
2839 2966 3052 3026 negaret
3094 2959 3186 3014 Dei
3227 2959 3412 3014 Filium
3459 2962 3732 3028 sempiter—

2199 3057 2354 3095 num.
2372 3040 2589 3110 Negavit
2613 3043 2789 3107 Arius,
2817 3044 2955 3099 hunc
2973 3048 3207 3114 sequitur
3230 3047 3507 3112 Palladius,
3526 3051 3614 3118 qui
3634 3062 3730 3100 non

563 3138 696 3179 stum
727 3125 859 3180 dicis
872 3141 988 3181 esse
1016 3127 1288 3182 creatum?
1317 3136 1404 3182 aut
1426 3130 1798 3199 sempiternum
1819 3130 1952 3186 dicis
1979 3146 2096 3188 esse
2123 3122 2168 3186 C
2200 3132 2307 3187 vult
2321 3132 2672 3190 condemnare
2690 3135 2892 3190 Arium.
2910 3137 3083 3207 Itaque
3106 3147 3275 3192 utrum
3298 3139 3451 3208 hujus
3471 3140 3728 3208 probanda

563 3218 749 3272 Filium
782 3218 908 3271 Dei?

634 3308 903 3361 Palladius
940 3308 1064 3360 dixit
1102 3324 1118 3360 .-
1162 3309 1274 3361 Dixi
1324 3296 1455 3362 tibi?
1502 3310 1606 3365 Nos
1640 3311 1760 3365 ideo
1786 3311 2093 3379 scripsimus

562 3395 713 3448 vobis
755 3404 810 3448 ut
855 3393 1148 3448 veniremus
1209 3404 1262 3448 et
1312 3398 1746 3469 convinceremus
1801 3402 1939 3467 quod
1992 3416 2095 3454 non

562 3493 704 3538 recte
730 3482 980 3538 fecissetis
1027 3484 1306 3550 subrepere
1335 3486 1654 3552 imperatori.

633 3572 922 3624 Ambrosius
939 3573 1195 3640 episcopus
1231 3571 1392 3627 dixit:
1418 3575 1639 3644 L‘egatur
1667 3578 1887 3646 epistola
1918 3579 2122 3643 Palla-.

561 3660 656 3724 dii,
686 3669 854 3713 utrum
889 3662 1035 3714 nobis
1063 3663 1160 3717 hoc
1190 3665 1538 3718 mandaverit:
1566 3674 1620 3720 et
1648 3665 1923 3721 docebitur
1948 3669 2084 3736 quod

561 3751 717 3801 etiam
751 3763 887 3801 nunc
923 3747 1072 3802 fallit.

632 3835 896 3888 Palladius
924 3835 1080 3890 dixit:
1109 3837 1334 3907 Legatur
1362 3840 1534 3908 plane.

628 3927 865 3998 Episcopi
892 3930 1124 3983 dixerunt
1145 3949 1162 3985 :
1185 3929 1253 3985 Im
1263 3946 1467 4001 perator
1485 3935 1646 4006 488
1668 3950 1786 3991 cum
1803 3947 1942 3993 esset
1964 3954 2092 4004 prte-

561 4037 684 4075 sens
709 4023 922 4086 Sirmio,
953 4032 1005 4077 tu
1024 4025 1166 4078 illum
1185 4027 1528 4094 interpellasti
1553 4069 1568 4092 ,
1586 4044 1650 4082 an
1669 4029 1780 4096 ipse
1807 4039 1856 4085 te
1871 4045 2088 4100 compu-

559 4113 621 4165 lit
644 4112 667 4164 ?
693 4111 758 4163 Et
782 4113 1010 4165 addidit:
1041 4113 1172 4180 Quid
1199 4114 1261 4168 ad
1293 4117 1388 4170 ista
1415 4117 1747 4184 respondes?

631 4199 898 4254 Palladius
919 4201 1074 4255 dixit:
1100 4201 1401 4267 Dixitmilti,
1433 4204 1597 4259 Vade.
1623 4206 1876 4275 Diximus,
1907 4208 2091 4262 Orien-

559 4293 693 4348 tales
722 4295 962 4350 conventi
989 4295 1146 4350 sunt?
1173 4297 1276 4360 Ait,
1306 4297 1559 4352 Conventi
1599 4310 1739 4356 sunt.
1775 4302 2016 4369 Nunquid
2046 4304 2096 4375 si

558 4383 852 4441 Orientales
883 4399 984 4439 non
1028 4385 1246 4441 fuissent
1268 4390 1531 4457 conventi,
1564 4392 1796 4461 nunquid
1840 4408 1937 4448 nos
1963 4410 2089 4448 con-

557 4472 915 4525 venissemus?

632 4569 920 4623 Ambrosius
945 4571 1201 4640 episcopus
1238 4573 1361 4626 dixit
1383 4591 1401 4628 :
1439 4573 1771 4641 Sequestrata
1808 4579 1877 4633 sit
1926 4594 2083 4634 causa

559 4657 918 4723 Orientalium,
946 4663 1254 4715 sententiam
1287 4671 1424 4716 tuam
1455 4665 1610 4720 hodie
1629 4682 1828 4734 qutero.
1860 4669 1968 4722 Arii
1996 4670 2084 4738 tibi

497 4765 502 4771 -
556 4746 773 4812 epistola
803 4747 933 4800 lecta
964 4757 1063 4801 est.
1093 4749 1240 4803 Soles
1264 4759 1314 4804 te
1333 4753 1581 4806 Arianutn
1614 4769 1825 4824 negare.
1859 4759 1962 4811 Aut
1990 4757 2084 4810 da-

555 4850 676 4889 mna
702 4834 855 4888 hodie
885 4837 1086 4903 Arium,
1113 4848 1200 4891 aut
1220 4839 1460 4894 defende.
1723 4891 1726 4894 .
1869 4842 1876 4856 '

529 4995 551 5012 '
626 4929 892 4984 Palladius
911 4934 1068 4987 dixit:
1089 4932 1200 4987 Non
1231 4947 1312 4989 est
1340 4937 1660 4993 auctoritatis
1703 4947 1804 4994 tute
1833 4950 1889 4994 ut
1917 4940 2017 4995 hoc
2053 4956 2081 4994 a

551 5039 643 5079 me
667 5037 888 5091 quaeras.

624 5119 867 5173 Eusebius
891 5122 1145 5186 episcopus
1174 5120 1461 5174 dixit:Non
1490 5123 1750 5176 credimus
1777 5123 2074 5191 religiosum

557 5204 934 5274 imperatorem
960 5208 1098 5260 aliud
1125 5210 1315 5264 dixisse
1343 5225 1495 5277 quam
1530 5211 1757 5278 scripsit.
1801 5213 2085 5282 Episcopos

551 5293 709 5363 jussit
727 5297 1038 5350 convenire:
1071 5312 1173 5349 non
1206 5300 1368 5365 potuit
1400 5301 1488 5353 tibi
1533 5303 1629 5353 soli
1676 5311 1855 5354 contra
1901 5306 2087 5357 rescri-

561 5394 705 5451 ptum
735 5398 884 5436 suum
923 5385 1095 5439 dicere
1121 5396 1175 5438 ut
1200 5387 1313 5439 sine
1327 5388 1673 5442 Orientalibus
1691 5404 1846 5442 causa
1871 5393 2084 5445 minime

553 5475 837 5525 diceretur.

631 5567 1048 5622 Palladiusdixit
1073 5587 1092 5624 :
1121 5571 1174 5625 Si
1200 5571 1308 5626 ltali
1336 5573 1431 5627 soli
1455 5574 1583 5640 jussi
1609 5585 1729 5630 sunt
1770 5577 2087 5631 convenire?

625 5656 870 5725 Euagrius
909 5658 1157 5730 presbyter
1202 5664 1388 5733 legatus
1411 5667 1533 5720 dixit
1567 5682 1580 5720 :
1627 5667 1690 5724 Ut
1727 5679 1844 5723 ante
1867 5677 2086 5737 quatuor

2198 3223 2456 3278 sententia
2481 3225 2569 3288 sit,
2592 3225 2923 3280 considerate
2948 3244 2958 3278 :
2991 3236 3044 3280 et
3070 3236 3243 3281 utrum
3275 3230 3562 3282 secundum
3589 3230 3728 3284 Scri-

2199 3320 2379 3379 pturas
2403 3314 2566 3379 dicat,
2589 3323 2869 3369 autccntra
2892 3314 3209 3384 Scripturas,
3239 3318 3529 3387 intelligere
3551 3319 3722 3386 liquet.

2198 3402 2411 3458 Lectum
2439 3413 2518 3458 est
2543 3406 2682 3458 enim
2703 3421 2718 3456 :
2759 3403 3072 3474 Sempiterna
3098 3408 3257 3460 uirtus
3278 3407 3372 3461 Dei
3391 3418 3537 3475 atque
3557 3410 3730 3461 divini-

2198 3501 2294 3545 tas.
2342 3491 2432 3546 Dei
2473 3495 2636 3547 virtus
2657 3491 2895 3547 Christus
2915 3503 3014 3549 est.
3045 3495 3100 3550 Si
3123 3498 3279 3565 igitur
3298 3500 3613 3567 sempiterna
3639 3498 3724 3552 Dei

2197 3584 2360 3637 virtus
2379 3593 2477 3647 est,
2493 3582 2841 3652 sempiternus
2862 3585 3038 3655 utique
3058 3587 3297 3644 Christus
3319 3598 3420 3656 est,
3439 3589 3560 3659 quia
3580 3589 3721 3643 Chri-

2195 3682 2305 3727 stus
2328 3681 2411 3727 est
2436 3672 2524 3727 Dei
2555 3673 2735 3727 virtus.

2266 3764 2509 3817 Eusebius
2539 3763 2799 3834 e‘piswpus
2847 3767 2974 3820 dixit
3011 3784 3029 3820 :
3075 3768 3196 3823 [late
3242 3769 3372 3825 fides
3403 3779 3580 3824 nostra
3622 3780 3717 3835 est,

2194 3848 2308 3907 huc
2357 3852 2699 3924 intelligentia
2742 3854 3018 3910 catholica.
3072 3858 3170 3924 Qui
3211 3858 3323 3914 htec
3375 3873 3478 3914 non
3517 3860 3716 3923 dixerit,

2191 3940 2489 3994 anathema.

2265 4029 2445 4083 Omnes
2466 4030 2681 4100 episcopi
2707 4031 2939 4085 dixerunt
2961 4049 2980 4086 :
3006 4034 3314 4110 Anathema.
3373 4100 3376 4104 ι

2261 4119 2502 4173 Eusebius
2529 4121 2788 4190 episcopus
2819 4124 2990 4177 dixit:
3037 4123 3344 4192 Specialiter
3385 4127 3514 4182 dicit
3557 4129 3713 4182 solum

2191 4207 2401 4261 Patrem
2427 4209 2823 4275 sempiternum,
2865 4221 2917 4265 et
2947 4212 3135 4266 Filium
3158 4214 3438 4282 aliquando
3467 4217 3716 4285 cmpisse?

2260 4294 2527 4351 Palladius
2553 4299 2679 4351 dixit
2706 4297 2732 4352 ε’
2746 4301 2924 4354 Arium
2950 4303 3046 4356 nec
3076 4302 3201 4367 vidi,
3232 4318 3329 4357 nec
3359 4305 3472 4359 scio
3510 4307 3595 4373 qui
3631 4307 3707 4359 sit.

2261 4391 2506 4446 Eusebius
2530 4393 2789 4462 episcopus
2817 4396 2984 4458 dixit:
3014 4398 3122 4452 Arii
3146 4399 3463 4467 blasphemia
3496 4402 3706 4469 prolata,

2112 4462 2163 4522 Ῐ)
2189 4481 2239 4534 in
2267 4494 2365 4548 qua
2393 4489 2548 4549 negat
2573 4481 2760 4534 Filium
2792 4482 2885 4536 Dei
2927 4462 3322 4551 sempiternum.
3375 4462 3522 4543 lianc
3565 4462 3706 4557 petii;

2188 4567 2329 4622 diam
2361 4571 2579 4623 damnas
2602 4585 2718 4624 cum
2748 4581 2979 4639 auctore,
3010 4583 3101 4627 aut
3125 4577 3353 4630 asseris?

2261 4657 2526 4711 Palladius
2551 4659 2721 4714 dixit:
2765 4661 2864 4716 Ubi
2895 4664 3177 4718 auctoritas
3215 4667 3356 4735 pleni
3379 4670 3584 4724 concilii
3614 4683 3703 4723 non

2187 4755 2288 4814 est,
2314 4762 2416 4801 non
2443 4748 2577 4810 dico.
2817 4750 2820 4753 '

2259 4845 2545 4900 Ambrosius
2573 4847 2837 4917 episcOpus
2871 4849 2998 4903 dixit
3026 4867 3044 4903 :
3075 4851 3287 4907 Dubitas
3313 4853 3562 4910 damnare
3599 4863 3700 4924 post

2187 4933 2360 4986 divina
2390 4932 2603 5001 judicia,
2652 4949 2769 4989 cum
2808 4939 3066 5004 crepuerit
3100 4940 3334 4994 medius?
3373 4939 3439 4993 Et
3483 4945 3700 4997 addidit:

2189 5021 2534 5076 Dicantenim
2561 5025 2724 5078 sancti
2761 5023 2850 5078 viri
2876 5025 3027 5094 legati
3050 5025 3337 5080 Gallorum.

2258 5120 2576 5175 Constantius
2621 5123 2880 5191 episcopus
2921 5132 2966 5175 et
3005 5125 3199 5192 legatus
3243 5123 3507 5177 Gallorum
3550 5126 3696 5178 dixit:

2189 5210 2330 5264 Hanc
2344 5212 2661 5278 impietatem
2676 5211 2790 5280 ejus
2802 5212 3044 5276 hominis,
3058 5222 3324 5278 etsemper
3334 5213 3692 5274 damnavimus,

2188 5309 2240 5354 et
2265 5292 2405 5354 nunc
2433 5301 2742 5356 damnamus
2769 5316 2871 5355 non
2894 5303 3060 5355 solum
3085 5302 3284 5366 Arium,
3307 5303 3398 5357 sed
3424 5313 3475 5358 et
3498 5305 3693 5373 quicun-

2185 5407 2285 5459 que
2310 5391 2496 5444 Filium
2521 5392 2608 5445 Dei
2638 5407 2739 5445 non
2761 5391 2949 5446 dixerit
2975 5393 3366 5459 sempiternum.

2255 5490 2541 5543 Ambrosius
2561 5492 2818 5558 episcopus
2844 5492 3011 5543 dixit:
3038 5490 3170 5557 Quid
3196 5491 3352 5546 etiam
3379 5491 3512 5548 dicit
3547 5487 3693 5544 domi-

2184 5595 2284 5634 nus
2305 5594 2450 5633 meus
2470 5579 2687 5633 Justus?

2256 5667 2432 5724 Justus
2461 5668 2713 5738 cpismpus
2734 5677 2779 5723 et
2809 5670 2997 5738 legatus
3029 5668 3289 5744 Gallorum
3315 5671 3479 5726 dixit:
3501 5669 3586 5738 Qui
3613 5665 3682 5722 Fi-
