3862 6222
525 268 629 334 in!)

1814 273 2028 328 YlGlUl
2069 273 2432 329 TAPSENSIS

3629 281 3735 331 «μυ

522 411 791 463 vinitatem
819 409 976 462 habet
1003 406 1473 471 immortalitatem,
1503 419 1570 460 an
1602 420 1705 460 non
1735 406 1924 460 habet?
1961 405 2063 460 Sed
2091 391 2145 447 Α
2172 398 2277 442 ιυιη
2309 389 2485 454 Video)
2522 387 2708 441 “Hum
2745 389 2839 444 θεῖ
2863 391 3122 446 Palladius
3148 407 3337 462 ηεῧατθ
3355 404 3584 447 conatus
3621 407 3730 446 εει·

520 499 677 553 etiam
721 498 927 551 fraudes
963 507 1016 550 et
1056 496 1277 552 insidias
1319 505 1432 550 tuas
1481 510 1584 550 non
1628 495 1916 549 secundum
1956 494 2066 548 Arii

519 586 901 654 professionem
930 583 1232 652 prodidisti.
1265 582 1332 636 Et
1353 584 1552 636 addidit
1581 600 1598 638 :
1623 583 1720 650 Qui
1752 584 1941 636 Filium
1975 582 2065 637 Dei

519 684 677 743 negat
697 675 890 729 habere
917 675 1387 739 immortalitatem,
1421 673 1546 742 quid
1574 675 1725 727 vobis
1754 673 1995 727 videtur?

591 764 778 818 Omnes
805 765 1023 833 episcopi
1049 764 1285 817 dixerunt
1310 780 1327 816 :
1356 763 1646 817 Anathema
1676 761 1950 814 habeatur.

587 851 856 906 Palladius
885 853 1052 906 dixit:
1077 851 1257 906 Status
1286 851 1489 905 divinus
1510 838 1822 903 immoN'lalis
1845 849 1960 903 est?

588 943 880 996 Ambrosius
910 945 1171 1011 episcopus
1197 943 1321 994 dixit
1346 958 1363 993 :
1394 941 1579 993 Astute
1602 940 1788 1001 ethoc,
1805 949 1858 991 ut
1880 938 1946 991 de
1971 938 2065 992 Dei

518 1034 651 1089 Filio
680 1034 809 1092 nihil
837 1034 1101 1103 exprimas
1128 1031 1414 1086 evidenter.
1459 1030 1523 1082 Et
1543 1044 1640 1095 ego
1665 1029 1805 1090 dico,
1841 1028 2063 1082 Immor-

519 1127 773 1179 talitatem
808 1125 962 1179 habet
985 1123 1073 1177 Dei
1102 1121 1262 1178 Filius
1279 1119 1564 1174 secundum
1591 1118 1937 1173 divinitatem.
1963 1118 2066 1171 Aut

518 1230 672 1282 nega,
709 1214 821 1282 (qui
850 1213 992 1265 liabet
1023 1211 1497 1264 immortalitatem.»

591 1304 849 1357 Palladius
879 1301 1004 1353 dixit
1022 1318 1042 1355 :
1065 1299 1305 1354 Christus
1326 1309 1562 1353 mortuus
1590 1308 1688 1366 est,
1714 1307 1800 1352 aut
1833 1298 1960 1351 non?

584 1393 869 1446 Ambrosius
889 1391 1149 1461 episcopus
1176 1390 1339 1442 dixit:
1361 1388 1658 1442 Secundum
1683 1402 1913 1446 carnem.
1937 1386 2064 1438 Ani.

519 1497 600 1535 ma
629 1489 803 1534 nostra
836 1494 940 1532 non
971 1480 1210 1533 moritur.
1242 1477 1504 1546 Scriptum
1524 1474 1758 1530 estenim
1791 1494 1802 1527 :
1839 1496 1855 1526 ι
1893 1474 2064 1528 Nolite

518 1572 687 1624 timere
705 1587 787 1622 eos
833 1571 920 1638 qui
945 1584 1146 1621 carnem
1168 1577 1374 1637 possunt
1391 1569 1630 1631 occidere,
1651 1568 1871 1619 animam
1894 1575 2062 1617 autem

518 1677 617 1715 non
642 1641 1073 1729 poSsuntUIatt/a.
1100 1675 1153 1724 x,
1175 1658 1286 1729 ‘28).
1306 1678 1321 1709 ι
1340 1659 1468 1712 Cum
1493 1660 1647 1726 igitur
1676 1658 1849 1710 anima
1879 1667 2058 1710 nostra

2243 479 2483 532 Eusebius
2506 478 2766 548 episc0pus
2792 480 2918 533 dixit
2943 498 2960 535 :
2991 483 3088 549 Qui
3113 492 3266 553 negat
3288 482 3377 538 Dei
3407 483 3612 538 Filium
3644 496 3736 535 sa-

2170 571 2418 638 pientem,
2445 570 2720 623 anathema
2750 569 2838 624 sit.

2242 661 2424 714 Omnes
2453 662 2673 730 episc0pi
2699 661 2935 714 dixerunt
2968 679 2984 714 :
3009 665 3324 716 Anathema.

2237 749 2483 803 Eusebius
2526 752 2652 803 dixit
2691 766 2709 803 :
2749 752 2916 805 Etiam
2967 752 3326 808 Secundianus
3379 755 3440 808 ad
3485 754 3600 810 hoc
3643 771 3728 810 re-

2168 840 2438 909 spondeat.
3142 859 3160 916 χ

2238 932 2458 998 Cumque
2488 933 2840 987 Secundianus
2860 935 3106 1000 reticeret,
3140 935 3428 989 Ambrosius
3447 940 3724 1006 episcopus

2169 1022 2338 1074 dixit:
2366 1022 2462 1089 Qui
2497 1033 2649 1090 tacet,
2685 1025 2943 1092 integrum
2980 1027 3093 1079 vult
3121 1025 3316 1081 habere
3350 1026 3632 1094 judicium.
3662 1027 3726 1079 Et

2168 1113 2412 1168 addidit:
2459 1114 2641 1168 Solum
2671 1116 2876 1169 Patrem
2927 1117 3119 1169 bonum
3164 1132 3282 1170 cum
3329 1117 3474 1184 dicit,
3522 1117 3719 1171 Filium

2167 1201 2438 1256 confessus
2465 1212 2567 1266 est,
2599 1220 2664 1257 an
2694 1205 2941 1273 negavit?

2239 1291 2505 1346 Palladius
2531 1296 2657 1348 dixit
2687 1311 2704 1348 :
2742 1294 3017 1364 Legimus:
3055 1315 3070 1346 α
3097 1297 3204 1366 Ego
3229 1315 3337 1350 sum
3361 1309 3529 1366 pastor
3557 1301 3719 1353 bonus

2169 1381 2344 1448 (Joan.
2370 1399 2420 1445 x,
2447 1384 2590 1449 H),i
2615 1395 2667 1438 et
2693 1400 2785 1438 nos
2805 1387 3078 1456 negamus?
3101 1387 3231 1453 Quis
3248 1403 3350 1441 non
3365 1389 3497 1442 dicat
3516 1389 3720 1442 bonum

2167 1476 2256 1530 Dei
2289 1475 2512 1529 Filium?

2233 1563 2525 1617 Ambrosius
2550 1565 2806 1633 episcopus
2819 1565 2947 1618 dixit
2966 1580 2983 1618 :
3002 1565 3140 1636 Ergo
3160 1567 3328 1622 bonus
3341 1576 3418 1622 est
3435 1567 3716 1622 Christus?

2237 1651 2500 1708 Palladius
2527 1655 2654 1707 dixit
2684 1670 2700 1707 :
2729 1655 2923 1708 Bonus.
3071 1652 3080 1658 ’

517 1751 649 1804 mori
679 1766 779 1807 non
805 1751 988 1818 possit,
1020 1758 1170 1818 putas
1191 1749 1329 1818 quod
1351 1748 1590 1803 Christus
1617 1749 1903 1802 secundum
1928 1747 2054 1800 divi-
2090 1729 2136 1787 Β
2235 1748 2528 1802 Ambrosius
2557 1750 2819 1818 episcopus
2847 1750 3014 1804 dixit:
3037 1749 3167 1805 Male
3195 1766 3323 1820 ergo
3341 1751 3489 1806 Arius
3511 1753 3582 1806 de
3602 1754 3712 1807 solo

515 1844 729 1895 nitatem
760 1848 996 1893 mortuus
1023 1842 1122 1893 sit?

584 1929 849 1983 Palladius
897 1931 1023 1982 dixit
1062 1945 1081 1982 :
1123 1929 1299 1984 Mortis
1341 1929 1748 1998 appellationem
1801 1944 1963 1998 quare
2004 1939 2058 1982 tu

517 2020 735 2075 horres?

583 2110 873 2164 Ambrosius
903 2110 1166 2178 episcopus
1194 2109 1324 2163 dixit
1358 2123 1377 2161 :
1421 2108 1530 2162 lmo
1566 2123 1667 2161 non
1714 2107 1938 2171 horreo,
1969 2106 2064 2161 sed

517 2200 804 2265 conﬁteor,
844 2200 1131 2254 secundum
1174 2213 1387 2254 carnem
1422 2214 1612 2253 meam.
1670 2200 1762 2253 Est
1788 2199 1928 2253 enim
1974 2213 2066 2266 per

514 2303 668 2356 quem
692 2302 720 2340 a
753 2288 936 2342 mortis
967 2287 1196 2344 vinculis.
1216 2302 1330 2341 sum
1365 2287 1647 2341 revinctus.

584 2374 849 2429 Palladius
883 2376 1057 2429 dixit:
1097 2376 1319 2429 Mortem
1359 2355 1624 2443 separatio
1671 2376 1791 2429 facit
1829 2375 2064 2443 spiritus.

518 2463 647 2516 Nam
672 2463 912 2518 Christus
935 2465 1097 2518 Filius
1130 2465 1222 2519 Dei
1250 2479 1463 2520 carnem
1481 2465 1732 2533 suscepit,
1761 2475 1812 2519 et
1834 2480 1927 2533 per
1953 2479 2065 2518 caro

515 2568 634 2606 nem
661 2561 897 2606 mortuus
929 2563 1025 2608 CSI.

585 2644 869 2695 Ambrmius
891 2645 1147 2713 episc0pus
1179 2644 1305 2696 dixit
1334 2660 1350 2696 .'
1373 2645 1637 2714 Scriptum
1664 2653 1766 2712 est,
1798 2644 2068 2699 Christum

515 2748 743 2799 passum.
771 2734 1069 2789 Secundum
1095 2749 1307 2789 carnem
1336 2736 1494 2804 igitur
1520 2749 1704 2804 passus
1737 2745 1838 2801 est,
1873 2749 2067 2790 secun-

513 2823 636 2876 dum
665 2825 988 2880 divinitatem
1025 2825 1182 2880 habet
1203 2827 1676 2882 immortalitatem.
1709 2826 1820 2882 lloe
1858 2827 1945 2895 qui
1975 2839 2069 2882 ne~

516 2908 622 2981 dat,
651 2913 891 2968 diabolus
923 2924 1022 2968 est.
1698 2931 1699 2934 ‘

585 3001 855 3058 Paltadius
877 3006 1006 3057 dixit
1035 3023 1045 3056 :
1083 3006 1189 3074 Ego
1218 3006 1400 3060 Arium
1432 3021 1535 3060 non
1568 3007 1709 3060 novi.

2165 1838 2320 1891 Patre
2341 1839 2491 1904 dixit,
2521 1854 2638 1894 eum
2665 1840 2824 1893 etiam
2854 1840 3020 1893 Filius
3044 1841 3156 1906 Dei,
3187 1842 3327 1896 Deus
3358 1845 3604 1898 omnibus
3626 1846 3710 1897 sit.

2236 1927 2506 1981 Palladius
2534 1929 2705 1982 dixit:
2732 1928 2831 1994 Qui
2872 1929 3062 1984 bonum
3108 1945 3212 1986 non
3261 1931 3388 1987 dicit
3415 1931 3704 2000 Christum,

2166 2019 2304 2072 male
2329 2018 2475 2072 dicit.

2238 2107 2484 2163 Eusebius
2512 2111 2776 2180 episcopus
2802 2112 2929 2165 dixit
2959 2129 2978 2166 :
3009 2111 3274 2167 Christum
3313 2114 3469 2168 Deum
3511 2114 3705 2169 bonum

2166 2199 2462 2254 conﬁteris?
2482 2200 2612 2254 Nam
2637 2209 2689 2255 et
2717 2215 2814 2271 ego
2841 2202 3007 2256 bonus
3032 2216 3169 2256 sum.
3191 2202 3315 2256 Mihi
3343 2203 3487 2268 dixit,
3515 2221 3533 2252 ο
3550 2205 3708 2273 Euge,

2167 2307 2303 2344 serve
2325 2288 2674 2360 bone(Matth.
2699 2306 2822 2356 xxv,
2848 2291 2994 2360 21).»
3023 2292 3109 2358 Et,
3135 2293 3336 2348 «Homo
3354 2296 3506 2348 bonus
3520 2298 3704 2364 profert

2168 2378 2230 2433 de
2254 2379 2486 2432 thesauro
2514 2395 2605 2432 suo
2635 2379 2763 2432 bona
2794 2380 2940 2449 (Luc.
2975 2396 3042 2447 γι,
3074 2383 3219 2452 45).»

2238 2467 2504 2521 Palladius
2533 2470 2664 2522 dixit
2695 2487 2712 2522 :
2739 2457 2852 2523 Jam
2881 2470 3010 2534 dixi,
3033 2488 3170 2527 nunc
3192 2475 3341 2529 vobis
3365 2491 3462 2529 non
3488 2489 3701 2545 respon-

2168 2558 2267 2612 deo
2297 2572 2460 2626 usque
2485 2559 2549 2610 ad
2582 2559 2794 2627 plenum
2823 2561 3126 2616 concilium.

2238 2648 2525 2702 Ambrosius
2553 2649 2814 2717 episcopus
2845 2650 2975 2702 dixit
3002 2669 3016 2704 :
3055 2651 3221 2706 Judaei
3251 2653 3510 2717 dicebant,
3542 2653 3702 2709 bonus

2168 2745 2279 2798 est;
2311 2745 2365 2790 et
2395 2737 2550 2790 Arius
2573 2747 2727 2805 negat
2755 2738 2872 2805 quia
2905 2737 3067 2794 Filius
3096 2741 3186 2794 Dei
3213 2740 3380 2795 bonus
3404 2750 3500 2795 est.

2238 2825 2504 2879 Palladius
2533 2828 2661 2880 dixit
2686 2844 2703 2880 :
2724 2828 2889 2899 494
2915 2831 3016 2896 Qui
3044 2840 3224 2899 potest
3255 2833 3354 2888 hoc
3383 2833 3607 2902 negare?

2236 2915 2483 2970 Eusebius
2503 2919 2764 2986 episcopus
2790 2920 2960 2974 dixit:
2997 2922 3176 2977 Bonus
3205 2931 3288 2978 est
3315 2939 3434 2994 ergo
3459 2925 3596 2980 Deus
3622 2922 3697 2977 Fi-

2169 3005 2266 3060 lius
2298 3006 2404 3060 Dei.

587 3097 876 3149 Ambrosius
902 3065 1165 3164 episcopuvs
1195 3098 1324 3151 dixit
1351 3115 1367 3150 :
1398 3098 1536 3167 Ergo
1566 3101 1702 3151 male
1724 3098 1856 3152 dixit
1883 3097 2061 3164 Arius,
2090 3065 2163 3162 ϐ,
2241 3093 2508 3181 Palladius
2525 3097 2651 3150 dixit
2677 3114 2694 3148 :
2728 3097 2902 3152 Bonus
2925 3099 3077 3154 Pater
3095 3100 3290 3154 bonum
3310 3099 3491 3155 Filium
3508 3100 3694 3170 genuit.

515 3203 633 3242 cum
662 3188 816 3242 etiam
842 3188 1006 3243 Filius
1044 3189 1134 3242 Dei
1171 3189 1363 3242 habeat
1395 3188 1844 3243 immortalitatem
1872 3202 2066 3243 secun-

514 3279 636 3332 dum
669 3273 1023 3333 divinitatem.
1058 3278 1124 3331 Et
1160 3279 1398 3332 addidit:
1429 3280 1568 3334 Bene
1594 3279 1748 3345 dixit,
1791 3280 1856 3333 an
1893 3279 2068 3334 male?

583 3367 848 3423 Palladius
878 3369 1004 3422 dixit
1033 3385 1050 3422 :
1081 3369 1192 3423 Non
1222 3373 1514 3424 consentio.

584 3458 873 3511 Ambrosius
890 3461 1150 3528 episcopus
1172 3460 1336 3512 dixit:
1352 3459 1508 3529 A93
1525 3458 1618 3513 Cui
1647 3475 1748 3514 non
1769 3462 2068 3516 censentis?

515 3549 803 3603 Anathema
832 3549 904 3616 illi
934 3549 1019 3616 qui
1048 3563 1152 3601 non
1183 3550 1414 3616 explicat
1441 3550 1559 3604 ﬁdei
1588 3550 1903 3606 libertatem.

593 3638 776 3690 Omnes
799 3638 1017 3706 episcopi
1044 3639 1276 3689 dixerunt
1299 3655 1316 3690 :
1344 3638 1659 3692 Anathema.

590 3726 854 3778 Palladius
884 3727 1010 3778 dixit
1037 3742 1055 3779 :
1086 3727 1251 3780 Dicite
1282 3728 1420 3795 quod
1457 3727 1637 3794 vultis,
1676 3730 1791 3796 ejus
1821 3737 1902 3782 est
1934 3730 2067 3784 divi-

515 3817 650 3869 nitas
677 3815 1008 3868 immortalis.

585 3906 873 3959 Ambmtius
897 3908 1158 3974 episcOpus
1183 3907 1350 3959 dixit:
1381 3905 1585 3974 Cujus?
1617 3908 1784 3964 Patris
1814 3924 1878 3962 an
1907 3918 1959 3964 et
1982 3909 2067 3964 Fi-

518 3997 605 4050 lii?
637 3997 698 4050 Et
720 3998 914 4050 addidit
941 3997 1484 4066 :llultasimpietates
1514 4002 1778 4069 congessit
1799 4002 1974 4068 Arius,
2001 4002 2066 4056 ad

515 4087 644 4140 alias
676 4095 1019 4140 transeamus.
1049 4087 1111 4139 Et
1134 4090 1394 4140 recitatum
1415 4099 1486 4141 est
1513 4128 1527 4152 ,
1555 4089 1731 4143 Sounu
1753 4105 2063 4145 SAPIENTEI.

587 4174 852 4228 Palladius
876 4177 1002 4227 dixit
1035 4191 1051 4227 :
1086 4177 1237 4231 Pater
1261 4191 1290 4229 a
1313 4192 1370 4231 se
1394 4181 1562 4247 sapit,
1595 4179 1754 4232 Filius
1777 4188 1951 4234 autem
1978 4193 2065 4235 sa-

517 4270 668 4340 piens
701 4283 802 4321 non
835 4277 934 4321 est.

586 4355 875 4410 Ambrosius
915 4357 1174 4424 episcopus
1205 4357 1332 4408 dixit
1378 4373 1395 4407 :
1440 4356 1574 4425 Ergo
1615 4357 1782 4412 Filius
1833 4375 1933 4414 non
1983 4368 2091 4417 est,

516 4450 746 4516 sapiens,
774 4461 889 4499 cum
915 4447 983 4500 sit
1011 4449 1121 4514 ipse
1152 4447 1449 4515 sapientia?
1479 4446 1606 4501 Nam
1630 4460 1680 4502 et
1703 4464 1796 4504 nos
1817 4450 2062 4518 dicimus,

516 4539 635 4607 quia
667 4553 728 4591 ex
759 4539 909 4591 Patre
933 4547 1082 4590 natus
1111 4548 1192 4591 est
1222 4537 1402 4590 Filius.

572 4626 832 4680 Eusebius
861 4629 1119 4694 episwpus
1150 4628 1317 4679 dixit:
1349 4628 1438 4680 Est
1469 4627 1662 4694 aliquid
1690 4637 1790 4682 tam
1824 4629 2062 4697 impium,

521 4727 627 4770 tam
661 4717 955 4784 profanum,
992 4705 1165 4784 quam,
1189 4717 1326 4784 quod
1357 4717 1508 4780 dixit,
1537 4719 1847 4786 sapientiam
1878 4720 2066 4773 Filium

521 4808 611 4862 Dei
642 4805 862 4875 negare?
1896 4814 1899 4815 ν

591 4895 859 4947 Palladius
886 4896 1012 4948 dixit
1040 4911 1058 4948 :
1088 4895 1350 4964 Sapientia
1381 4896 1590 4951 dicitur.
1636 4896 1734 4962 Qui
1765 4905 1936 4965 potest
1980 4912 2064 4951 sa-

519 4984 764 5054 pientiam
799 4984 1092 5051 denegare?

587 5075 880 5127 Ambrosius
904 5076 1161 5142 episwpus
1190 5077 1317 5128 dixit
1341 5091 1359 5128 :
1388 5076 1609 5144 Sapiens
1637 5085 1739 5139 est,
1772 5090 1837 5130 an
1870 5077 2007 5130 non?

584 5165 859 5218 Palladius
891 5166 1020 5218 dixit
1045 5181 1060 5216 :
1084 5167 1345 5233 Sapientia
1374 5177 1474 5221 est.

589 5255 874 5308 Ambrosius
898 5256 1154 5324 episcopus
1182 5257 1343 5309 dixit:
1376 5258 1599 5327 Sapiens
1637 5273 1784 5327 ergo,
1829 5273 1948 5312 cum
1994 5257 2064 5312 sit

517 5344 793 5407 Sapientia.

589 5433 857 5488 Palladius
889 5421 1012 5488 dixit
1047 5453 1066 5490 :
1095 5436 1391 5490 Secundum
1437 5439 1734 5508 Seripturas
1783 5439 1926 5492 vobis
1976 5455 2064 5492 rc-

520 5522 858 5589 iputtdemus.
964 5508 970 5513 -

593 5612 876 5666 Ambrosius
906 5615 1163 5685 episwptts
1184 5616 1310 5669 dixit
1337 5632 1352 5668 :
1380 5615 1549 5671 Etiam
1569 5617 1854 5684 sapientem
1881 5618 2066 5686 (quan-

2240 3184 2536 3239 Ambrosius
2576 3188 2839 3257 episcopus
2879 3189 3008 3242 dixit
3038 3204 3056 3241 :
3105 3190 3175 3253 Et,
3196 3205 3294 3244 nos
3320 3190 3480 3245 b0nos
3509 3190 3696 3259 genuit,

2169 3275 2262 3330 sed
2284 3291 2388 3329 non
2409 3277 2696 3331 secundum
2719 3278 3068 3332 divinitatem.
3099 3279 3264 3334 Deum
3286 3279 3476 3335 bonum
3501 3279 3591 3334 Dei
3617 3277 3693 3332 Fi-

2169 3366 2294 3419 lium
2321 3365 2490 3420 dicis?
3106 3410 3118 3423 .

2239 3455 2507 3508 Palladius
2529 3457 2695 3510 dixit:
2729 3457 2891 3511 Filius
2923 3458 3015 3513 Dei
3037 3459 3204 3514 bonus
3233 3468 3329 3514 est.

2238 3545 2530 3600 Ambrosius
2556 3549 2816 3616 episcopus
2846 3549 3012 3604 dixit:
3039 3550 3197 3605 Vides
3225 3565 3370 3620 ergo,
3414 3552 3532 3620 quia
3554 3549 3692 3606 Chri-

2169 3643 2326 3700 stum,
2355 3636 2547 3690 bonum
2579 3637 2786 3702 Filium,
2835 3654 2936 3693 non
2976 3639 3169 3694 bonum
3201 3639 3359 3694 Deum
3385 3639 3536 3706 dicis,
3566 3639 3692 3708 quod

2168 3740 2196 3777 a
2232 3733 2281 3778 te
2301 3727 2572 3791 quaeritur.
2603 3727 2669 3781 Et
2698 3728 2897 3780 addidit
2928 3743 2944 3780 :
2983 3728 3080 3795 Qui
3113 3729 3308 3784 bonum
3334 3731 3493 3784 Deum
3521 3729 3690 3784 Filium

2168 3812 2261 3867 Dei
2292 3814 2452 3868 Deum
2476 3829 2576 3869 non
2598 3817 2897 3880 conﬁtetur,
2926 3818 3224 3872 anathema.

2241 3904 2424 3958 Omnes
2445 3905 2660 3976 episwpi
2681 3907 2916 3960 dixerunt
2939 3924 2956 3961 :
2977 3907 3290 3965 Anathema.
3321 3906 3448 3964 Item
3465 3909 3685 3972 recitat-it,

2165 3993 2343 4049 Somn
2371 4008 2664 4047 POTENTEM.

2239 4084 2529 4138 Ambrosius
2574 4085 2830 4154 episwpus
2859 4087 2986 4141 dixit
3014 4104 3030 4142 :
3067 4087 3258 4144 Potens
3288 4098 3366 4144 est
3407 4089 3558 4143 Filius
3586 4085 3666 4140 Dei

2166 4187 2230 4227 an
2258 4173 2402 4227 non?

2241 4262 2511 4317 Palladius
2530 4264 2661 4320 dixit
2685 4279 2704 4318 :
2732 4264 2830 4331 Qui
2851 4249 3025 4319 omnia
3057 4265 3202 4330 fecit,
3231 4264 3338 4322 hon
3373 4276 3452 4321 est
3483 4261 3681 4335 potens?

2169 4353 2258 4420 qui
2285 4354 2462 4406 omnia
2491 4351 2635 4416 fecit,
2666 4354 2839 4408 minus
2867 4363 2948 4409 est
2977 4356 3200 4423 potens?

2245 4441 2536 4497 Ambrosius
2562 4445 2821 4514 episcopus
2849 4445 2974 4498 dixit
3003 4461 3021 4497 :
3050 4445 3188 4514 Ergo
3222 4444 3374 4500 Arius
3405 4441 3678 4499 maledixit.

2172 4533 2236 4584 Et
2259 4534 2488 4586 addidit:
2516 4534 2608 4588 Vel
2635 4536 2684 4587 in
2714 4535 2813 4588 hoc
2833 4535 3049 4589 damnas
3074 4535 3298 4590 Arium?

2242 4620 2508 4676 Palladius
2536 4621 2663 4676 dixit
2689 4640 2706 4676 :
2739 4623 2886 4688 Unde
2913 4625 3024 4679 scio
3062 4606 3167 4694 qui,
3191 4625 3326 4679 scit?
3365 4608 3584 4694 Egﬁiro
3609 4631 3676 4671 me

2172 4715 2465 4782 respondeo
2498 4715 2610 4771 tibi.

2146 4803 2152 4811 '
2243 4803 2531 4855 Ambrosius
2570 4803 2828 4872 episc0pus
2865 4804 3035 4857 dixit:
3065 4801 3228 4858 Filius
3260 4803 3461 4859 Domini
3492 4800 3568 4856 Dei
3601 4810 3674 4866 p0-

2176 4902 2291 4945 lens
2314 4892 2427 4944 est?

2241 4984 2509 5037 Palladius
2533 4973 2659 5037 dixit
2686 5001 2701 5035 :
2732 4984 2942 5038 Potens.

2241 5074 2529 5126 Ambrosius
2561 5074 2822 5143 episcOpus
2850 5075 3015 5127 dixit:
3043 5074 3178 5129 Deus
3207 5074 3374 5128 bonus
3395 5073 3501 5128 est?

2245 5163 2508 5216 Palladius
2530 5164 2656 5216 dixit
2686 5179 2702 5215 :
2752 5164 2864 5217 Jam
2897 5164 3003 5218 dixi
3033 5164 3224 5218 Filium
3256 5165 3348 5220 Dei
3395 5160 3671 5232 unigenitum

2171 5269 2288 5308 esse
2317 5263 2602 5322 potentem.

2241 5347 2525 5400 Ambrosius
2553 5347 2813 5415 episcopus
2833 5346 2997 5398 dixit:
3024 5345 3300 5399 Dominum
3332 5340 3614 5415 potentem?

2241 5437 2510 5490 Palladius
2541 5437 2667 5488 dixit
2697 5451 2715 5487 :
2749 5436 2931 5488 Filium
2957 5435 3045 5488 Dei
3079 5445 3367 5503 potentem.

2243 5529 2529 5580 Ambrosius
2567 5527 2830 5595 episcOpus
2860 5525 2985 5579 dixit
3029 5540 3045 5576 :
3091 5525 3341 5580 Potentes
3382 5535 3435 5580 et
3477 5517 3672 5576 homine!

2171 5626 2309 5672 sunt.
2333 5616 2592 5685 Scriptum
2615 5625 2722 5672 est:
2760 5615 2923 5681 «Quid
2945 5597 3179 5684 giot'tat‘ia
3201 5615 3266 5691 in.
3279 5617 3488 5681 malitia,
3507 5607 3579 5679 (ίιὲ
3600 5619 3662 5671 Ρο-
