3862 6222
137 387 195 438 Η
211 386 239 438 ι·

1077 377 1335 432 CONTRA
1381 376 1774 432 PALL.\DIUM
1817 375 2120 430 ARIANUM
2161 373 2288 428 LIB.
2333 374 2372 426 l.

3246 377 3273 428 1t
3291 377 3346 428 2'3

3332 438 3348 457 δ

128 515 245 554 tens
277 517 324 553 es
349 500 400 551 in
418 491 862 568 iniquiiate(Psal.
893 507 964 556 ιι,
994 491 1115 562 '5)?i
1145 491 1209 544 Et
1234 489 1358 544 alibi
1373 507 1389 550 :
1425 489 1580 543 tCum
1608 491 1687 544 iu-
1718 493 1770 551 Α
1865 488 2113 542 Eusebius
2141 489 2404 556 episcopus
2425 455 2587 539 dixit:
2611 486 2760 540 Sicut
2788 488 2836 540 in
2870 488 3032 542 forma
3058 488 3192 568 servi
3215 455 3347 542 con-i
3399 505 3404 508 ·

131 593 336 656 ﬁrmat,
369 597 483 640 tunc
514 596 692 655 potens
715 599 822 636 sunt
849 579 948 651 (ΙΙ
970 580 1085 641 Cor.
1119 595 1208 646 χιι,
1245 580 1399 647 10).)
1435 579 1610 632 llluda
1641 587 1691 633 te

131 680 380 747 requiro,
404 688 462 729 ut
492 673 792 730 conﬁtearis
819 673 1096 727 Dominum
1131 680 1400 741 potentem
1443 684 1561 724 esse
1598 669 1691 724 Dei

131 769 334 822 Filium
377 765 644 820 Christum
677 782 688 816 :
721 772 809 818 aut
857 763 902 817 si
931 776 1138 832 negas,
1183 765 1379 814 astrue.
1434 760 1562 813 Nam
1601 760 1691 827 qui

133 871 304 909 unam
337 855 626 922 potentiam
656 852 773 906 dico
806 851 974 906 Patris
1003 859 1055 905 et
1085 850 1237 914 Filii,
1272 850 1350 903 sic
1380 833 1566 903 Filium
1598 849 1690 904 Dei

133 949 263 1001 dico
293 954 558 1015 petentem
588 944 724 999 sicut
757 953 810 1000 et
847 945 1080 999 Patrem.
1127 943 1340 996 Dubitas
1371 957 1498 1019 ergo
1526 943 1688 1000 conli-

132 1039 236 1091 teri
272 1044 535 1105 potentem
560 1049 678 1090 esse
700 1034 974 1089 Dominum
1005 1033 1095 1086 Dei
1125 1031 1344 1085 Filium?
1626 1106 1629 1109 _

205 1127 478 1181 Palladius
504 1127 631 1180 dixit
654 1142 672 1180 :
698 1126 814 1181 Jam
829 1126 934 1180 dixi
965 1123 1250 1178 secundum
1278 1123 1688 1193 disputationem

131 1228 299 1288 prout
327 1233 604 1287 possumus
635 1216 1014 1283 respondemus
1040 1213 1206 1269 vobis.
1253 1213 1359 1268 Vos
1407 1214 1549 1267 enim
1581 1212 1683 1266 soli

128 1310 304 1364 vultis
331 1308 696 1378 essejudices,
731 1319 824 1360 vos
849 1306 1142 1374 litigatores
1182 1317 1303 1358 esse
1355 1302 1533 1356 vultis.
1575 1301 1688 1355 Non

129 1403 288 1458 vobis
317 1403 698 1470 respondemus
728 1413 886 1462 nunc,
909 1398 998 1453 sed
1031 1399 1083 1452 in
1111 1394 1337 1451 concilio
1363 1393 1606 1464 generali
1638 1401 1691 1448 et

129 1493 296 1561 pleno
320 1490 758 1559 respondebimus
787 1489 956 1543 vobis.
1482 1535 1486 1540 .

199 1581 497 1635 Ambrosius
521 1581 778 1651 episcOpus
806 1579 970 1631 dixit:
1028 1575 1320 1630 Anathema
1347 1566 1420 1628 illi
1468 1573 1557 1643 qui
1601 1588 1690 1628 ne-

127 1681 218 1740 gat
251 1671 532 1725 Dominum
557 1677 822 1738 potentem
843 1667 1131 1721 Christum.

203 1759 388 1815 Omnes
402 1760 622 1828 episcopi
643 1759 916 1824 dixerunt:
940 1756 1252 1810 Anatltema.
1276 1754 1300 1806 Ι
1309 1761 1405 1807 tem
1419 1752 1683 1807 recitatum

127 1860 202 1904 εει
237 1867 255 1904 .'
286 1851 460 1904 SOLUI
490 1863 791 1914 POTENTEI,
821 1862 1017 1900 OINIUM
1046 1861 1281 1901 ιυυιεεῑα.

200 1938 474 1991 Palladius
502 1935 630 1992 dixit
658 1937 948 1995 :Omniutn
970 1936 1202 2006 judicem
1229 1935 1419 1990 Filium
1449 1934 1566 1988 Dei.
1594 1935 1684 1988 Est

131 2030 217 2098 qui
249 2030 361 2093 dat,
389 2036 474 2083 est
495 2029 582 2097 qui
617 2029 840 2097 accepit.

203 2121 495 2173 Ambrosius
524 2119 682 2192 495
713 2120 974 2189 episcopus
1000 2119 1127 2172 dixit
1152 2135 1170 2173 :
1201 2119 1298 2174 Per
1323 2117 1542 2188 gratiam
1594 2115 1686 2168 de-

131 2207 230 2274 dit,
273 2224 336 2262 an
371 2224 465 2276 per
489 2208 767 2262 naturam?
808 2208 872 2261 Et
900 2208 1200 2262 hominibus
1235 2207 1682 2276 daturjudicium.

201 2298 476 2353 Palladius
515 2299 680 2352 dixit:
711 2299 917 2353 Patrem
961 2301 1213 2367 majorem
1244 2299 1399 2363 dicis,
1426 2307 1514 2352 aut
1546 2297 1684 2351 non?

204 2387 502 2441 Ambrosius
523 2388 780 2456 episcopus
807 2389 933 2449 dixit
957 2405 974 2442 :
1001 2388 1187 2444 Postea
1215 2389 1545 2457 respondebo
1567 2389 1679 2443 tibi.

202 2476 472 2531 Palladius
494 2478 622 2530 dixit
653 2492 669 2528 :
700 2475 810 2546 Ego
848 2478 943 2532 tibi
974 2493 1077 2532 non
1108 2478 1461 2548 respondebo,
1505 2479 1550 2533 si
1579 2494 1684 2534 non

135 2570 423 2634 respondes
452 2567 596 2622 mihi.
1456 2612 1466 2618 _
1496 2644 1498 2646 ν

204 2658 457 2713 Eusebius
494 2661 755 2729 episcopus
791 2662 915 2715 dixit
939 2677 957 2715 :
979 2661 1087 2716 Nisi
1121 2662 1443 2730 impietatem
1480 2663 1590 2716 Arii
1618 2677 1682 2716 ex

137 2747 322 2804 ordine
369 2750 721 2815 damnaveris,
756 2742 1114 2821 interrogandi
1159 2751 1254 2806 tibi
1293 2767 1396 2807 non
1439 2751 1680 2807 dabimus

135 2838 454 2894 facultatem.
1061 2847 1064 2850 ’

202 2927 468 2983 Palladius
498 2931 624 2984 dixit
653 2946 671 2983 :
695 2929 808 2985 Non
845 2929 936 2984 tibi
966 2931 1287 3000 respondeo.

201 3017 490 3072 Ambrosius
509 3020 771 3088 episwpuc
798 3020 964 3074 dixit:
992 3019 1154 3076 Filius
1184 3021 1275 3076 Dei
1308 3022 1467 3094 (sicut
1485 3023 1678 3078 lectum

139 3109 232 3176 est)
257 3109 418 3176 judex
445 3118 544 3174 est,
579 3117 668 3163 aut
693 3110 832 3164 non?

1800 578 2035 642 stitutus,
2089 579 2309 631 inlerior
2349 591 2503 630 servo
2543 592 2644 629 non
2688 578 3016 650 fuit,.ita_in
3055 565 3222 631 {urina
3257 578 3344 631 Dei

1793 673 2132 736 constitutus,
2170 658 2386 724 inferior
2411 671 2517 725 Deo
2546 686 2664 724 esse
2709 675 2816 724 noti
2842 674 3029 740 potuit.

1863 760 2156 816 Ambrosius
2193 763 2450 830 episc0pus
2492 762 2658 815 dixit:
2717 755 2946 825 K‘ub..dic
2991 765 3112 832 quia
3158 775 3345 816 secun-

1798 853 1922 908 dum
1949 848 2277 907 divinitatem
2302 854 2472 908 minor
2499 863 2580 910 est
2603 854 2765 908 Filius
2797 841 2948 908 Dei?‘
3258 847 3261 851 ’

1865 942 2136 997 Palladius
2157 943 2284 997 dixit
2308 959 2327 997 :
2350 943 2505 999 Pater
2527 945 2692 1016 major
2720 953 2820 999 est.

1862 1035 2156 1099 Ambrosius
2192 1035 2455 1102 episcopus
2483 1037 2607 1087 dixit
2635 1051 2652 1088 :
2681 1034 2980 1089 Secundum
3010 1047 3243 1087 carnem.

1863 1123 2132 1178 Palladius
2155 1125 2279 1177 dixit
2301 1141 2318 1177 :
2347 1125 2484 1190 «Qui
2512 1139 2586 1176 me
2602 1125 2753 1190 misit,
2785 1126 2947 1192 major
2962 1132 3032 1177 est
3051 1139 3146 1176 me.
3164 1143 3179 1173 ›
3203 1120 3341 1176 Caro

1793 1214 1950 1268 missa
1977 1213 2138 1284 496
2167 1216 2303 1267 εδιέι
2332 1215 2460 1280 Deo,
2493 1223 2581 1267 aut
2607 1213 2770 1266 Filius
2799 1214 2922 1279 Dei?

1863 1304 2157 1358 Ambrosius
2187 1306 2448 1375 episcopus
2477 1306 2604 1358 dixit
2629 1323 2646 1357 :
2668 1299 2868 1358 Falsari
2897 1318 2925 1357 a
2956 1305 3102 1357 vobis
3132 1302 3339 1357 divinas
3371 1346 3376 1351 .

1792 1393 2096 1464 Seripturas
2127 1395 2285 1448 hodie
2312 1395 2736 1463 comprobamus.
2786 1394 2872 1448 Sic
2911 1394 3048 1448 enim
3087 1395 3337 1460 scriptum

1791 1492 1903 1540 est:
1938 1503 1954 1534 ι
1972 1482 2152 1537 Pacem
2172 1500 2333 1537 meam
2362 1485 2426 1538 do
2449 1484 2611 1550 vobis,
2635 1501 2807 1552 parem
2826 1500 2982 1537 meam
3003 1485 3229 1552 relinquo
3257 1499 3339 1535 vo-

1792 1574 1884 1627 bis.
1914 1574 2033 1626 Non
2057 1574 2280 1626 turbetur
2300 1589 2384 1626 cor
2410 1582 2646 1629 vestrum.
2680 1574 2799 1627 Non
2819 1576 3065 1644 quomodo
3085 1573 3166 1626 hic
3188 1590 3338 1627 mun-

1791 1664 1884 1717 dus
1909 1664 2015 1728 dat,
2051 1673 2096 1716 et
2124 1681 2214 1733 ego
2251 1664 2316 1719 d0
2341 1665 2495 1718 vobis.
2532 1666 2593 1718 Si
2622 1666 2894 1734 diligeretis
2928 1683 3004 1718 me
3032 1661 3336 1735 gauderetis',

1790 1754 1908 1822 quia
1935 1752 2062 1817 dixi,
2104 1753 2245 1805 Vada
2276 1755 2342 1806 ad
2378 1753 2602 1817 Patrem,
2633 1757 2750 1822 quia
2776 1754 2930 1809 Pater
2963 1759 3124 1825 major
3153 1772 3229 1807 me
3266 1763 3337 1807 est

1713 1841 1764 1915 B
1791 1843 1966 1914 (Joan.
1986 1858 2089 1910 .uv,
2105 1843 2252 1911 27).»
2274 1843 2382 1897 Non
2395 1837 2552 1908 dixit,
2581 1846 2679 1908 Qui
2699 1862 2773 1898 me
2795 1846 2946 1910 misit,
2971 1849 3133 1917 major
3150 1860 3225 1897 me
3242 1852 3335 1897 est.

1857 1931 2127 1986 Palladius
2147 1935 2273 1988 dixit
2303 1951 2320 1987 :
2347 1935 2501 1989 Pater
2527 1936 2691 2004 major
2721 1949 2820 1990 εει.

1855 2028 2145 2081 Ambrosius
2195 2030 2457 2099 episcopus
2500 2030 2668 2083 dixit:
2695 2029 2983 2083 Anatbema
3029 2028 3101 2082 illi
3146 2029 3232 2098 qui
3271 2028 3337 2082 ad

1786 2115 1989 2170 divinas
2019 2117 2316 2186 Scripturas
2348 2118 2492 2171 addit
2519 2118 2713 2187 aliquid
2736 2129 2822 2172 aut
2854 2118 3062 2173 minuit.

1859 2207 2043 2260 Omnes
2065 2207 2286 2275 episcopi
2309 2208 2545 2261 dixerunt
2575 2224 2591 2262 :
2622 2208 2930 2263 Anathema.

1852 2298 2140 2351 Ambrosius
2165 2299 2428 2366 episcopus
2453 2297 2589 2366 ﬁdixit
2620 2314 2638 2350 :
2663 2297 2960 2353 Secundum
2986 2312 3196 2351 carnem
3231 2296 3325 2350 Fi-

1783 2387 1885 2441 lius
1909 2388 2081 2440 minor
2103 2397 2183 2440 est
2220 2388 2400 2452 Patre,
2435 2387 2723 2442 secundum
2769 2388 3090 2442 divinitatem
3119 2387 3334 2455 :cqualis

1784 2488 1857 2531 est
1904 2477 2065 2530 Patri.
2111 2477 2234 2546 Legi
2279 2477 2437 2546 igitur
2479 2479 2733 2544 mqualem
2787 2479 2892 2550 Dei.
2930 2479 3118 2532 Filium
3171 2479 3331 2543 Patri,

1784 2568 1922 2621 sicut
1947 2567 2052 2636 jam
2078 2577 2130 2622 et
2158 2568 2356 2636 prolata
2381 2569 2699 2636 exemplaria
2733 2571 3006 2623 testantur.
3032 2569 3330 2624 Secundum

1783 2673 1994 2713 carnem
2025 2669 2198 2716 autem
2223 2661 2346 2731 quid
2379 2663 2586 2716 miraris
2611 2665 2890 2727 minorem,
2915 2677 3029 2716 cum
3063 2662 3251 2716 dixerit
3276 2677 3332 2716 se

1781 2764 2011 2819 servum,
2039 2765 2159 2807 cum
2190 2751 2387 2806 dixerit
2413 2769 2472 2806 se
2500 2753 2747 2822 lapidem,
2780 2769 2899 2807 cum
2924 2754 3117 2807 dixerit
3143 2769 3199 2808 se
3228 2754 3331 2807 mi-

1782 2853 1965 2893 norem
2003 2841 2220 2908 angelis,
2275 2841 2395 2908 quia
2418 2842 2671 2910 scriptum
2718 2852 2821 2914 est,
2852 2863 2869 2894 ι
2904 2842 3172 2897 Minorasti
3217 2861 3331 2897 eum

1781 2927 1933 2994 paulo
1961 2929 2122 2980 minus
2148 2929 2208 2980 ab
2235 2930 2426 2997 angelis
2451 2930 2619 2999 (Psal.
2650 2948 2757 2997 vm,
2789 2933 2905 3002 6)?»

1849 3015 2116 3070 Palladius
2156 3019 2280 3072 dixit
2312 3036 2329 3072 :
2357 3019 2519 3089 lmpie
2549 3037 2639 3076 vos
2671 3034 2972 3079 asserentes
2998 3023 3150 3078 video
3181 3041 3192 3079 :
3218 3038 3323 3079 non

1780 3105 1930 3160 vobis
1956 3107 2335 3183 respondemus
2365 3111 2478 3163 sine
2504 3111 2850 3168 auditoribus.

202 3165 469 3250 Palladius
507 3165 637 3251 dixit
660 3197 894 3281 :jSi.non
941 3165 1231 3268 respondes
1276 3201 1422 3268 mihi,
1445 3190 1551 3272 ego
1582 3204 1677 3274 tibi
1703 3175 1752 3241 ο
1853 3165 2074 3252 Sabinus
2101 3178 2364 3268 episcopus
2395 3200 2521 3253 dixit
2545 3217 2562 3254 :
2584 3165 2748 3257 Nemo
2868 3218 2931 3258 eo
2959 3203 3186 3273 requirat
3211 3219 3328 3263 scu-

139 3297 188 3339 ut
215 3287 374 3355 impio
404 3303 503 3343 non
531 3278 842 3357 respondeo.

199 3375 486 3428 Ambrosius
536 3378 793 3447 episcopus
840 3378 967 3431 dixit
1009 3394 1028 3432 :
1067 3378 1240 3435 Habes
1292 3381 1675 3450 professionem

138 3481 321 3536 meam,
349 3484 448 3536 qua
480 3470 812 3537 respondebo
842 3471 958 3533 tibi.
995 3472 1207 3528 Interim
1239 3476 1537 3546 perlegatur
1565 3481 1678 3548 epi-

139 3555 259 3610 stola
299 3557 435 3611 Arii.
471 3555 534 3609 Et
576 3558 775 3612 addidit
803 3560 896 3614 :ln
939 3561 1163 3629 epistola
1206 3563 1317 3618 Arii
1360 3566 1598 3624 invenies
1626 3577 1677 3625 et

139 3646 228 3699 hoc
252 3648 580 3718 sacrilegium
610 3650 745 3716 quod
778 3660 829 3704 tu
867 3651 1089 3706 moliris.
1457 3674 1461 3679 δ

203 3733 466 3792 Palladius
508 3740 636 3793 dixit
661 3756 678 3793 :
703 3741 810 3810 Ego
840 3757 957 3811 qua:
986 3743 1274 3814 interrogo,
1305 3743 1408 3801 nan
1454 3762 1672 3820 respon-

140 3821 283 3881 detis.

200 3915 441 3971 Eusebius
471 3919 734 3986 episwpus
759 3918 927 3973 dixit:
953 3919 1144 3974 Filium
1176 3920 1267 3975 Dei
1301 3921 1460 3978 Deum
1498 3940 1671 3994 atqua-

141 4004 231 4059 lem
254 4006 496 4061 dicimus.

203 4094 466 4150 Palladius
501 4096 632 4150 dixit
660 4111 677 4151 :
702 4096 779 4153 Tu
815 4097 975 4167 judex
1014 4112 1092 4164 es,
1131 4099 1207 4154 tui
1243 4111 1551 4172 exceptores
1588 4105 1672 4162 hic

143 4195 272 4240 sunt.

198 4275 481 4331 Ambrosius
505 4277 763 4347 episwpus
784 4278 942 4332 dixit:
960 4279 1201 4336 Scribant
1227 4284 1319 4347 tui,
1349 4283 1434 4350 qui
1469 4284 1666 4338 volunt.

203 4363 463 4420 Palladius
491 4367 652 4419 dixit:
682 4366 834 4422 Pater
857 4366 1026 4436 major
1047 4378 1148 4434 est,
1172 4380 1260 4423 aut
1290 4374 1431 4425 non?

198 4452 438 4535 Eusebius
478 4442 744 4524 episcopus
789 4457 959 4509 dixit:
1002 4458 1298 4513 Secundum
1344 4461 1666 4517 divinitatem

141 4544 338 4610 aequatis
383 4530 466 4599 est
495 4545 662 4600 Filius
696 4546 855 4600 Patri.
905 4547 1076 4602 Habes
1115 4551 1167 4603 in
1208 4551 1492 4621 Evangelia
1528 4555 1662 4622 quod
1697 4525 1742 4584 θ

139 4631 284 4688 Judxi
310 4636 766 4704 persequebantur
785 4637 928 4705 eum,
957 4639 1072 4706 quia
1103 4655 1204 4693 non
1236 4643 1402 4695 solum
1431 4644 1665 4698 solvebat

140 4723 414 4787 sabbatum,
445 4724 536 4778 sed
565 4734 618 4778 et
642 4726 845 4780 Patrem
873 4741 1021 4781 suum
1046 4728 1248 4783 dicebat
1282 4730 1461 4797 Deum,
1488 4748 1663 4800 xequa-

140 4807 227 4862 lem
256 4827 310 4867 se
350 4812 551 4867 iaciens
587 4813 694 4868 Deo
723 4813 897 4884 (Joan.
930 4833 981 4882 v,
1016 4818 1123 4887 l8).
1174 4820 1321 4884 Quod
1352 4837 1472 4889 ergo
1514 4823 1660 4890 impii

145 4912 499 4973 persequentes
542 4904 768 4959 confessi
810 4915 966 4971 sunt,
1012 4921 1108 4962 nos
1146 4908 1424 4964 credentes
1470 4927 1660 4982 negare

139 5003 226 5045 non
259 5009 556 5062 possumus.

197 5106 476 5161 Ambrosius
524 5109 788 5177 episwpus
827 5110 953 5164 dixit
984 5126 1002 5162 :
1032 5111 1094 5164 Et
1114 5111 1236 5166 alibi
1269 5113 1430 5168 habes
1466 5132 1476 5166 :
1516 5133 1532 5165 ι
1567 5116 1664 5180 Qui

141 5207 232 5244 tum
253 5209 369 5250 esset
393 5198 444 5248 in
466 5197 630 5264 [arma
655 5195 770 5264 Dei,
801 5215 896 5252 non
923 5201 1151 5268 rapinam
1173 5203 1446 5256 arbitratus
1466 5214 1536 5257 est
1561 5220 1664 5258 esse

140 5295 182 5332 te
204 5291 432 5351 equalem
463 5285 593 5352 Deo,
638 5288 726 5340 sed
758 5291 1076 5358 semetipsum
1117 5294 1408 5358 exinanivit,
1447 5297 1662 5363 formam

141 5373 247 5423 επιιὶ
270 5375 536 5443 accipiens,
560 5376 612 5428 in
641 5377 1020 5433 similitudinem
1049 5380 1302 5434 hominum
1329 5385 1517 5450 factus,
1547 5384 1664 5436 obe-

141 5457 258 5513 dieus
279 5480 428 5532 usque
457 5465 525 5515 ad
541 5474 749 5518 mortem
774 5465 989 5538 (Philip.
1021 5485 1075 5536 tt,
1100 5469 1208 5538 6),:
1240 5470 1305 5522 Et
1323 5473 1549 5525 addidit:
1574 5473 1662 5527 Vi-

142 5545 216 5601 des
238 5555 349 5621 quia
379 5555 428 5607 in
459 5556 621 5616 forma
657 5557 747 5612 Dei
790 5561 1008 5628 arqualis
1034 5563 1146 5615 est?
1176 5561 1270 5614 «Et
1299 5564 1535 5630 formam,
1570 5564 1650 5618 in-

145 5639 254 5704 quit,
283 5645 409 5697 servi
437 5647 678 5716 accepit.»
724 5648 777 5701 ln
815 5665 917 5718 quo
943 5650 1068 5716 ergo
1096 5652 1265 5708 mittor
1292 5655 1407 5708 est?
1451 5654 1654 5710 Secun-

147 5726 244 5785 dum
267 5733 483 5791 turmam
515 5741 694 5806 utique
730 5743 886 5811 servi,
921 5759 1024 5798 non
1061 5744 1172 5798 Dei.

1782 3289 1998 3342 tentiam
2031 3288 2119 3356 qui
2151 3297 2251 3341 tam
2294 3291 2579 3344 innumeris
2622 3293 3325 3362 sententiis.blasphemavit.

1848 3375 2116 3432 Palladius
2141 3379 2268 3432 dixit
2301 3395 2320 3434 :
2346 3380 2457 3435 Non
2487 3381 2632 3435 vobis
2663 3383 3062 3451 respondemus.

1848 3491 2070 3547 Sabinus
2109 3496 2372 3564 episcOpus
2414 3495 2573 3550 dixit:
2603 3497 2683 3551 Ab
2711 3497 2955 3552 omnibus
2977 3499 3083 3567 jam
3112 3498 3328 3554 damna-

1779 3596 1859 3641 tus
1901 3593 1984 3640 est
2022 3586 2300 3640 Palladius.
2339 3587 2449 3642 Arii
2502 3588 2841 3655 bIaSpbemiaa
2881 3591 3048 3644 multo
3095 3591 3327 3645 minores

1775 3687 2090 3747 suntquam
2147 3679 2390 3731 Palladii.
2443 3678 2506 3731 Et
2546 3695 2658 3732 cum
2707 3680 2970 3734 Palladius
3028 3683 3326 3735 surrexisset

1775 3777 1921 3836 atque
1942 3769 2079 3836 {oras
2106 3769 2239 3821 exire
2267 3767 2499 3821 voluisset
2523 3782 2538 3821 :
2560 3768 2699 3829 ideo.
2729 3771 2908 3838 inquit,
2942 3773 3172 3825 surrexit
3195 3768 3315 3824 Pal-

1775 3855 1964 3922 ladius,
2017 3857 2263 3924 quoniam
2312 3857 2509 3924 apertis
2561 3857 2950 3926 Seripturarum
3007 3859 3324 3914 testimoniis

1773 3946 2185 4000 convincendum
2234 3961 2350 4000 esse
2389 3961 2446 4000 se
2488 3947 2675 4012 cernit,
2726 3948 2866 4001 sicut
2895 3948 3001 4015 jam
3047 3949 3325 4004 convictus

1774 4045 1875 4091 est.
1934 4037 2022 4092 Sic
2068 4036 2205 4090 enim
2261 4037 2450 4090 lectum
2493 4044 2604 4104 est,
2659 4038 3322 4093 secundumdivinitatem

1774 4126 1914 4194 quod
1950 4126 2164 4195 aequalis
2201 4126 2341 4179 Patri
2377 4127 2540 4180 Filius
2579 4129 2665 4180 sit.
2699 4127 2935 4194 Accipiat
2970 4137 3143 4181 autem
3195 4131 3318 4196 quia

1773 4217 1936 4271 Filius
1956 4216 2052 4271 Dei
2075 4217 2359 4272 secundum
2387 4216 2711 4271 divinitatem
2734 4217 2986 4284 majorem
3016 4233 3119 4272 non
3143 4218 3320 4275 habet.

1770 4307 2032 4374 Seriplum
2065 4317 2145 4360 est
2174 4324 2186 4360 :
2223 4325 2239 4357 t
2277 4307 2615 4360 Abra/ttecum
2651 4309 3013 4374 repromisisset
3041 4307 3177 4362 Deus
3200 4325 3322 4377 quo-

1771 4399 1904 4451 niam
1937 4399 2129 4451 nullum
2158 4399 2313 4451 alium
2349 4399 2555 4452 habebat
2594 4399 2855 4467 majorem,
2893 4416 2980 4466 per
3006 4416 3149 4465 quem
3169 4403 3320 4470 jura—

1769 4497 1862 4554 ret,
1882 4489 2073 4557 juravit
2097 4505 2184 4556 per
2209 4491 2524 4556 semetipsum
2549 4487 2728 4557 (lIebr.
2760 4503 2831 4554 Vl,
2867 4489 3004 4557 15).)
3036 4489 3193 4543 Vides
3221 4490 3315 4558 igi-

1773 4587 1856 4632 tur
1885 4581 2229 4648 Scripturam,
2280 4581 2398 4648 quia
2447 4581 2643 4634 nullum
2675 4560 2836 4633 alium
2871 4581 3121 4649 majorem
3163 4581 3320 4635 habet

1770 4685 1863 4737 per
1885 4685 2036 4737 quem
2061 4670 2287 4737 juraret.
2321 4671 2486 4723 Filius
2527 4679 2703 4724 autem
2751 4679 2850 4733 est,
2886 4669 2953 4723 de
2998 4684 3100 4738 quo
3129 4669 3319 4724 dicitur

1766 4761 2014 4827 quoniam
2045 4761 2156 4827 ipse
2184 4761 2329 4814 visus
2355 4769 2435 4817 est
2464 4760 2707 4814 Abrahae.
2743 4760 2887 4816 Unde
2909 4761 3049 4815 ctait
3077 4775 3092 4815 :
3127 4763 3318 4815 «Abiu.

1766 4852 1881 4904 liam
1913 4853 2040 4905 diem
2074 4869 2235 4906 meum
2258 4854 2402 4917 vidit,
2435 4843 2484 4906 et
2507 4854 2707 4923 gavisus
2735 4863 2804 4906 est
2832 4851 3014 4922 Noun.
3038 4869 3150 4919 vui,
3189 4855 3307 4908 56.»

1837 4943 2100 4998 Palladius
2127 4944 2256 4996 dixit
2278 4959 2298 4997 :
2329 4943 2517 4997 «Pater
2537 4947 2702 5013 major
2726 4953 2849 4997 eam

1836 5050 2083 5104 Eusebius
2101 5054 2364 5121 episcopus
2394 5053 2521 5106 dixit
2547 5070 2568 5107 :
2591 5052 2903 5134 Quando-ut
2923 5054 3059 5108 Deus
3081 5054 3309 5122 loeutus,

1765 5138 2017 5206 majorem
2045 5155 2145 5192 non
2176 5141 2360 5194 habuit
2389 5157 2402 5207 ;
2429 5142 2637 5210 quando
2672 5151 2727 5196 ut
2751 5140 2905 5199 homo
2942 5144 3169 5215 locutus,
3203 5162 3312 5200 ma-

1758 5231 1929 5298 jorem
1953 5232 2155 5285 habuit.

1836 5342 2103 5397 Palladius
2132 5345 2259 5397 dixit
2287 5360 2306 5398 :
2332 5344 2484 5400 Pater
2511 5345 2690 5415 genuit
2724 5345 2768 5401 ’F
2773 5346 2934 5411 ilium,
2969 5345 3124 5418 5.97
3155 5347 3313 5405 Pater

1764 5436 1905 5488 misit
1934 5435 2146 5490 Filium.

1842 5549 2133 5601 Ambrosius
2164 5551 2426 5616 episcopus
2467 5551 2592 5604 dixit
2623 5567 2642 5605 :
2674 5549 2963 5604 Anatbema
3002 5552 3073 5606 illi
3104 5551 3188 5621 qui
3220 5569 3302 5608 ne-

1764 5647 1850 5708 gat
1900 5637 2090 5691 Filium
2135 5640 2424 5694 setandum
2475 5641 2798 5695 divinitatem
2844 5644 3097 5712 aqualem
3146 5645 3308 5700 Patri.

1839 5747 2022 5803 Omnes
2052 5752 2268 5826 episcopi
2288 5754 2521 5807 dixerunt
2549 5769 2566 5806 :
2591 5751 2900 5809 Anatbctna.
