3862 6222
529 365 629 417 ΗΞ

1850 357 2070 412 VlGlLll
2113 359 2480 416 TAPSENSIS

3669 371 3704 421 ὅ
3727 370 3785 419 λι

600 473 868 526 Palladius
891 471 1016 522 dixit
1040 485 1056 522 :
1083 467 1245 522 Filius
1266 465 1531 534 subjectus
1561 464 1724 531 Patri,
1750 464 1916 520 Filius
1941 481 2072 535 prte-
2102 473 2154 530 Α
2178 485 2293 538 quae
2315 471 2581 522 consensit
2611 471 2817 525 Arianse
2837 473 3112 537 impietati.
3142 473 3343 528 Placuit
3368 475 3460 529 tibi
3485 477 3541 528 in
3573 480 3780 530 media

528 574 680 628 cepta
709 561 875 613 Patris
901 557 1144 611 custodit.

601 653 886 702 Ambrosius
931 648 1193 714 episcopus
1233 646 1360 698 dixit
1401 646 1732 714 :Subjectus
1786 647 2075 699 seettndum

529 739 703 792 carnis
743 738 1016 789 rationem.
1068 735 1332 788 Caeterum
1364 744 1416 789 et
1476 736 1587 802 ipse
1631 737 1913 788 meministi
1955 736 2076 802 quia

529 827 716 894 legisti,
751 843 767 876 ί
796 824 955 876 Nemo
1002 826 1129 876 venit
1152 827 1217 877 ad
1239 842 1334 888 me,
1372 827 1466 879 nisi
1488 842 1632 893 quem
1673 823 1825 876 Pater
1860 834 2079 876 attraxe-

529 918 593 967 t'it
619 913 792 979 (Jotm.
820 929 889 975 γι,
919 915 1060 981 44).»

597 1007 814 1060 Sabinus
837 1007 1096 1072 episcopus
1139 980 1311 1059 dix'it:
1345 1006 1488 1058 Dicat
1528 1007 1569 1060 si
1603 1007 1894 1061 secundum
1938 1009 2077 1063 divi-

529 1097 745 1150 nitatem
777 1095 1049 1164 subjectus
1091 1105 1171 1149 est
1197 1096 1359 1158 Patri,
1401 1111 1465 1148 an
1507 1096 1797 1150 secundum
1837 1097 2079 1152 incarna-

533 1190 750 1242 tionem.

599 1277 866 1331 Palladius
907 1277 1031 1329 dixit
1062 1291 1080 1328 :
1113 1276 1247 1342 Ergo
1280 1275 1434 1329 Pater
1463 1276 1630 1342 major
1661 1284 1761 1330 est.

598 1368 886 1420 Ambrosius
924 1367 1186 1431 episcopus
1222 1365 1390 1417 dixit:
1425 1364 1489 1418 Et
1527 1366 1647 1419 alibi
1677 1366 1928 1432 scripturn
1961 1374 2077 1420 est:

538 1479 555 1510 ι
589 1456 937 1517 FidelisDeus
962 1469 980 1508 :
1001 1471 1087 1523 per
1115 1471 1256 1523 quem
1283 1457 1443 1506 vocati
1472 1458 1586 1508 estis
1607 1456 1658 1508 in
1685 1457 2081 1509 communionem

530 1549 652 1602 Filii
686 1552 793 1618 ejus
826 1546 874 1613 (Ι
911 1546 1024 1599 Cor.
1057 1562 1094 1610 t,
1139 1545 1249 1613 9).»
1288 1546 1393 1613 Ego
1415 1546 1532 1599 dico
1569 1547 1774 1600 Patrem
1824 1548 2077 1615 majorem

529 1655 647 1693 esse
675 1637 963 1692 secundum
991 1634 1165 1689 carnis
1194 1636 1630 1704 assumptionem,
1665 1653 1820 1706 quam
1851 1639 2081 1707 suscepit

527 1730 693 1782 Filius
720 1729 831 1792 Dei,
864 1743 967 1781 non
998 1725 1285 1781 secundum
1309 1727 1659 1782 divinitatem.

593 1817 861 1872 Palladius
910 1820 1035 1871 dixit
1070 1835 1085 1870 :
1115 1819 1243 1883 Qua:
1286 1817 1424 1872 enim
1472 1818 1794 1886 comparatio

526 1911 658 1964 Dei?
691 1911 754 1964 Et
777 1926 901 1964 caro
924 1917 1092 1978 potest
1118 1907 1316 1971 dicere,
1352 1908 1484 1960 Deus
1513 1922 1598 1960 me
1623 1907 1788 1974 major
1816 1916 1915 1960 est.
1944 1907 2079 1959 Caro

528 2003 858 2070 loquebatur,
890 2009 979 2053 aut
1009 1997 1276 2061 divinitas,
1305 1998 1424 2064 quia
1469 1998 1536 2050 ibi
1564 2006 1677 2050 erat
1703 1997 1866 2050 caro?

599 2091 890 2144 Ambrosius
935 2090 1198 2159 episcopus
1235 2088 1362 2140 dixit
1395 2101 1411 2140 :
1439 2085 1575 2141 Caro
1609 2088 1725 2142 sine
1765 2090 1938 2142 anima
1979 2104 2080 2143 non

526 2185 779 2251 loquitur.

603 2272 849 2326 Eusebius
881 2271 1144 2340 episcopus
1173 2272 1302 2324 dixit
1331 2287 1346 2323 :
1380 2270 1520 2324 Deus
1558 2270 1608 2322 in
1649 2283 1806 2323 carne
1834 2269 2084 2338 loqueba-

527 2375 611 2419 tur
660 2364 948 2419 secundum
980 2379 1213 2426 carnem,
1248 2359 1457 2431 quando
1483 2363 1689 2415 dicebat
1720 2379 1732 2411 :
1771 2379 1788 2410 ‹
1820 2361 1954 2425 Quid
2004 2378 2082 2414 me

529 2455 880 2526 persequimini
929 2455 1176 2508 hominem
1228 2452 1413 2525 (Joatt.
1455 2469 1564 2515 vnt,
1602 2451 1768 2521 40)?»
1797 2451 1928 2516 Quis
1983 2451 2086 2507 hoc

527 2547 700 2601 dixit?

596 2637 866 2691 Palladius
898 2639 1022 2690 dixit
1049 2654 1066 2689 :
1096 2637 1256 2690 Filius
1281 2636 1392 2689 Dei.

596 2728 888 2781 Ambrosius
929 2729 1186 2796 episcopus
1220 2727 1387 2778 dixit:
1418 2724 1554 2778 Deus
1605 2739 1731 2794 ergo
1784 2725 1948 2779 Filius
1991 2727 2084 2781 Dei

527 2825 606 2872 cst
645 2817 931 2871 secundum
984 2817 1336 2880 divinitatem,
1382 2823 1435 2869 et
1480 2816 1639 2869 homo
1681 2824 1762 2871 est
1799 2816 2083 2870 secundum

528 2920 764 2959 carnem.

597 2996 865 3050 Palladius
889 2998 1014 3050 dixit
1041 3014 1056 3049 :
1085 2995 1308 3052 Carnem
1338 2998 1591 3066 suscepit.

596 3087 842 3142 Eusebius
888 3089 1150 3157 episcopus
1199 3088 1326 3140 dixit
1370 3105 1388 3141 :
1420 3088 1560 3158 Ergo
1618 3087 1863 3142 humanis
1909 3087 2085 3143 verbis

530 3194 656 3235 usus
694 3191 776 3235 est
793 3180 818 3233 ἲ

498 3333 500 3337 τ
598 3271 871 3326 Palladius
909 3273 1081 3325 dixit:
1114 3271 1335 3325 Carnem
1365 3271 1647 3325 humanam
1688 3272 1940 3340 suscepit.

602 3365 895 3416 Ambrosius
920 3363 1180 3432 episcOpus
1212 3363 1339 3414 dixit
1369 3379 1386 3415 :
1418 3362 1567 3415 Dicat
1594 3363 1715 3430 quia
1749 3378 1851 3415 non
1893 3377 2084 3416 secun-

531 3454 658 3507 dum
699 3455 1029 3508 divinitatem
1060 3454 1347 3521 Apostolus
1373 3453 1504 3506 dixit
1532 3453 1848 3522 subjectum,
1878 3453 1969 3507 sed
2001 3467 2090 3505 se-

530 3543 755 3598 cundum
777 3558 1013 3596 carnem.
1042 3541 1305 3609 Scriptum
1321 3553 1403 3596 est
1427 3542 1567 3595 enim
1595 3560 1606 3594 :
1638 3560 1655 3591 ί
1687 3541 1991 3594 Humiliavit
2012 3557 2091 3593 se-

533 3634 821 3701 metipsum,
874 3637 1038 3699 {actus
1088 3633 1320 3685 obediens
1373 3647 1526 3699 usque
1566 3631 1632 3682 ad
1683 3640 1890 3684 mortem
1931 3629 2086 3700 (Plii-

531 3722 625 3790 tip.
653 3737 708 3784 ll,
744 3720 850 3789 8).»
880 3722 934 3774 1η
953 3736 1056 3789 quo
1083 3736 1213 3789 ergo
1238 3729 1458 3774 mortem
1485 3719 1747 3789 gustavit?

605 3811 871 3865 Palladius
892 3811 1016 3864 dixit
1039 3827 1056 3864 :
1083 3812 1212 3877 Quia
1236 3826 1294 3868 se
1324 3810 1644 3864 ltumiliavit.

603 3901 896 3954 Ambrosius
916 3901 1179 3968 episcopus
1202 3901 1327 3952 dixit
1353 3915 1372 3952 :
1399 3899 1513 3952 Non
1545 3897 1814 3962 divinitas,
1844 3895 1936 3950 sed
1967 3909 2089 3950 caro

533 3991 806 4045 humiliata
835 3999 917 4045 est
947 4000 1103 4058 atque
1123 3990 1376 4056 subjecta.
1407 3988 1472 4041 Et
1497 3989 1700 4041 addidit
1727 4002 1744 4038 :
1774 3984 2089 4041 Creaturam

534 4083 823 4150 perlectam
850 4064 983 4136 bene
1005 4081 1138 4134 dixit
1157 4080 1334 4142 Arius,
1365 4094 1432 4132 an
1463 4078 1601 4132 male
1626 4076 1796 4131 dixit?

604 4172 875 4226 Palladius
897 4172 1023 4225 dixit
1050 4188 1067 4223 :
1094 4172 1203 4241 Ego
1244 4171 1340 4225 tibi
1368 4185 1471 4224 non
1512 4165 1831 4239 respondeo,
1863 4166 2089 4224 auctori-

535 4273 694 4316 tatem
725 4277 826 4315 non
859 4261 1095 4315 habenti.

603 4353 892 4404 Ambrosius
925 4351 1186 4420 episcopus
1208 4349 1334 4402 dixit
1364 4348 1660 4404 :Proﬁtere
1684 4347 1823 4416 quod
1848 4347 1947 4402 vis.

562 4460 568 4468 ί
604 4442 873 4496 Palladius
900 4442 1030 4494 dixit
1056 4458 1075 4495 :
1097 4441 1211 4495 Non
1236 4439 1534 4508 respondeo
1564 4440 1736 4496 vobis.

604 4534 824 4587 Sabinus
848 4535 1110 4602 episcopus
1133 4534 1259 4586 dixit
1287 4548 1304 4586 :
1337 4534 1437 4587 Pro
1466 4533 1594 4587 Arlo
1623 4547 1728 4587 non
1759 4528 2088 4602 respondes?
2115 4524 2165 4586 D
2193 4557 2479 4626 pomum",
2503 4524 2724 4627 πώεα.

533 4623 598 4678 ad
631 4625 949 4690 interrogata
973 4638 1078 4674 non
1108 4622 1435 4689 reapondes?

613 4711 878 4763 Palladius
907 4711 1034 4763 dixit
1059 4725 1074 4762 :
1110 4710 1208 4762 Pro
1231 4711 1355 4763 Ario
1379 4725 1475 4779 ego
1505 4726 1607 4764 non
1636 4710 1905 4777 respondi.

605 4800 822 4854 Sabinus
841 4800 1104 4867 episcopus
1127 4799 1291 4851 dixit:
1320 4798 1495 4866 Usque
1524 4799 1655 4852 adeo
1684 4798 1845 4868 498
1867 4813 2090 4866 respon-

535 4891 680 4955 disti,
719 4897 776 4942 ut
809 4889 994 4943 Filium
1026 4888 1118 4942 Dei
1158 4903 1377 4958 negares
1418 4899 1709 4958 potentem,
1751 4905 1970 4958 negares
1998 4905 2090 4944 ve-

535 4995 652 5039 rum
685 4980 866 5033 Deum.

609 5068 878 5122 Palladius
910 5067 1075 5121 dixit:
1105 5068 1215 5138 Ego
1247 5077 1296 5122 te
1318 5067 1547 5136 judicem
1589 5083 1690 5122 non
1719 5070 1909 5136 patior,
1934 5084 2090 5138 quem

541 5161 820 5226 impietatis
844 5172 1029 5226 arguo.

611 5248 828 5302 Sabinus
871 5248 1134 5317 episcopus
1162 5247 1285 5301 dixit
1313 5267 1324 5302 :
1351 5247 1466 5316 ipse
1506 5263 1603 5302 nos
1631 5249 1848 5317 coegisti
1879 5250 2086 5307 sedere.

613 5338 880 5392 Palladius
922 5341 1095 5394 dixit:
1124 5340 1363 5394 Mandavi
1404 5349 1461 5394 ut
1499 5342 1778 5408 sederetis,
1818 5353 1874 5395 ut
1902 5357 2088 5412 argue-

539 5445 653 5486 rem
685 5444 798 5484 vos.
829 5430 1000 5497 Quare
1027 5430 1363 5498 subripuistis
1408 5432 1751 5500 imperatori?
1784 5430 1850 5487 Ut
1876 5433 2087 5501 plenum

539 5521 818 5575 concilium
850 5536 953 5577 non
983 5530 1143 5596 esset,
1172 5521 1501 5589 obripuistis.

616 5629 898 5683 Ambrosius
925 5630 1182 5699 episcOpus
1208 5631 1334 5686 dixit
1358 5647 1374 5684 :
1396 5631 1526 5686 Cum
1559 5633 1667 5688 Arii
1693 5635 1988 5705 impietates
2017 5639 2091 5693 le-

543 5730 810 5790 gerentur,
852 5729 904 5777 et
949 5722 1191 5791 impietas
1239 5732 1322 5780 tua
1365 5725 1560 5794 pariter
1598 5729 1943 5787 condemnata
1987 5743 2086 5800 est,

2183 560 2419 626 epistolae
2452 560 2676 614 lectione
2709 575 3006 628 proponere
3035 565 3174 632 quod
3215 565 3449 619 volebas.
3498 566 3778 632 Respon-

2182 663 2297 700 sum
2326 649 2417 701 tibi
2449 661 2549 712 e5t,
2584 651 3024 717 quemadmodum
3069 655 3279 708 Patrem
3312 657 3572 724 majorem
3609 657 3788 709 dixe—

2184 741 2251 790 rit
2279 738 2443 791 Filius
2476 739 2592 802 Dei,
2631 754 2694 792 eo
2720 742 2856 807 quod
2893 743 3183 815 secundum
3229 749 3409 801 carnis
3449 749 3786 815 susceptio-

2184 842 2304 880 nem
2354 828 2516 881 Filius
2572 829 2824 896 majorem
2887 829 3094 885 Patrem
3153 835 3366 888 dixerit.
3416 838 3781 903 PrOposuisti

2184 917 2663 985 etiam‘subjectum
2702 932 2818 972 esse
2847 920 3039 974 Filium
3071 922 3185 988 Dei,
3219 933 3270 976 et
3306 925 3358 977 in
3403 927 3500 977 hoc
3529 941 3780 992 respon-

2184 1022 2299 1060 sum
2349 1008 2441 1060 tibi
2489 1018 2594 1075 est;
2634 1011 2753 1077 quia
2799 1011 3067 1078 subjectus
3115 1012 3284 1066 Filius
3320 1014 3412 1069 Dei
3457 1017 3782 1070 secundum

2184 1114 2397 1153 carnem
2429 1109 2527 1164 est,
2581 1116 2682 1163 non
2713 1103 3002 1158 secundum
3029 1104 3379 1160 divinitatem.
3415 1106 3597 1160 [labes
3637 1123 3782 1174 pra:-

2185 1189 2467 1243 fessionem
2501 1201 2756 1258 nostram,
2785 1209 2922 1247 nunc
2949 1196 3068 1248 audi
3109 1207 3320 1250 extera.
3347 1197 3616 1262 Quoniam
3669 1199 3779 1250 tibi

2186 1293 2493 1344 responsum
2522 1289 2624 1345 est,
2659 1284 2920 1349 responde
2948 1285 3012 1336 ad
3035 1299 3097 1338 ea
3121 1300 3237 1352 quae
3270 1285 3536 1353 leguntur.

2257 1368 2525 1423 Palladius
2547 1372 2713 1424 dixit:
2741 1371 2854 1426 Non
2886 1374 2985 1427 tibi
3009 1374 3328 1443 respondeo,
3357 1378 3474 1443 quia
3499 1392 3781 1441 quaecun-

2187 1473 2288 1526 que
2313 1474 2410 1528 ego
2449 1460 2580 1540 dixi,
2614 1475 2718 1515 non
2753 1471 2874 1516 sunt
2905 1465 3121 1531 scripta.
3154 1464 3337 1518 Vestra
3381 1470 3778 1519 tantummodo

2187 1556 2486 1610 scribuntur
2508 1558 2687 1611 verba.
2720 1557 2834 1611 Non
2869 1558 3023 1613 vobis
3051 1561 3369 1626 respondeo.
3415 1595 3430 1610 .

2257 1665 2547 1720 Ambrosius
2568 1670 2829 1737 episcopus
2856 1670 2984 1723 dixit
3009 1687 3024 1723 :
3053 1673 3238 1726 Omnia
3260 1674 3407 1729 vides
3435 1675 3631 1728 scribi.
3666 1675 3776 1728 De-

2192 1757 2351 1824 nique
2377 1773 2495 1824 qua:
2521 1759 2713 1825 scripta
2743 1771 2883 1819 sunt.
2927 1761 3198 1816 abundant
3228 1765 3290 1816 ad
3326 1775 3424 1818 tua
3463 1766 3777 1834 impietatis

1841 1827 1922 1921 θέε
1947 1818 2162 1921 "Fim'B
2191 1818 2460 1902 indicium.
2487 1848 2552 1901 Et
2581 1818 2822 1904 addidit:
2850 1818 3159 1907 Creaturam
3201 1855 3333 1908 dicis
3363 1818 3670 1921 Christum,
3704 1874 3774 1908 an

2185 1938 2389 2004 negas?

2255 2026 2520 2081 Palladius
2544 2031 2670 2083 dixit
2695 2047 2711 2084 :
2734 2031 2847 2085 Non
2875 2035 3189 2102 respondeo.

2255 2121 2543 2176 Ambrosius
2557 2124 2821 2190 episwpus
2845 2125 2974 2178 dixit
2990 2125 3158 2180 :Ante
3183 2125 3366 2180 horam
3395 2126 3527 2180 citra
3551 2137 3768 2186 actam.

2185 2222 2303 2262 cum
2326 2209 2588 2279 legeretur
2637 2215 2759 2279 quia
2787 2212 2947 2266 Arius
2974 2212 3105 2267 dixit
3129 2224 3427 2271 creaturam
3454 2214 3769 2276 Christum,

2187 2301 2407 2369 negasti.
2453 2302 2698 2355 Oblatum
2749 2313 2831 2356 est
2879 2304 2975 2357 tibi
3023 2313 3080 2357 ut
3124 2305 3406 2360 damnares
3446 2304 3770 2374 perﬁdiam,

2185 2391 2421 2445 noluisti.
2452 2391 2547 2445 Vel
2575 2392 2714 2446 nunc
2752 2392 2858 2458 dic,
2889 2401 3063 2447 utrum
3098 2404 3254 2448 natus
3283 2409 3344 2449 ex
3380 2395 3533 2449 Patre
3572 2395 3754 2450 Chri-

2185 2489 2298 2533 stus
2325 2481 2412 2549 sit,
2437 2495 2501 2535 an
2531 2493 2758 2537 creatus.

2259 2569 2526 2623 Palladius
2571 2573 2698 2624 dixit
2727 2587 2744 2623 :
2772 2572 2829 2628 Si
2855 2573 3036 2640 vultis,
3079 2586 3390 2644 exceptores
3435 2577 3615 2631 nostri
3672 2593 3770 2631 ve-

2187 2661 2351 2727 niant,
2371 2672 2423 2716 et
2443 2665 2522 2716 sic
2553 2672 2716 2716 totum
2745 2664 3062 2730 excipiatur.

2259 2752 2480 2807 Sabinus
2502 2756 2757 2822 episcopus
2788 2755 2918 2808 dixit
2939 2773 2957 2809 :
2980 2756 3222 2812 Adducat
3249 2771 3374 2813 suos
3403 2769 3763 2828 exeeptores.

2258 2842 2533 2898 Palladius
2579 2847 2705 2918 dixit
2737 2861 2755 2900 :
2791 2847 2954 2903 Pleno
2993 2850 3223 2906 concilio
3266 2852 3412 2906 vobis
3452 2854 3766 2920 responde-

2187 2934 2378 2990 bimus.

2260 3026 2553 3081 Ambrosius
2575 3028 2836 3097 episcopus
2872 3028 3040 3082 dixit:
3073 3029 3283 3083 Attalus
3314 3031 3363 3084 in
3398 3040 3631 3085 tractatu
3671 3031 3766 3085 Ni-

2187 3115 2319 3184 cazni
2365 3115 2572 3169 concilii
2615 3115 2949 3184 subseripSit.
3011 3115 3177 3184 Ne‘get
3215 3118 3405 3171 factum
3447 3120 3569 3186 quia
3603 3120 3762 3171 venit

2188 3204 2255 3257 ad
2302 3205 2603 3259 concilium.
2659 3207 2810 3261 Dicat
2856 3207 3012 3262 hodie
3053 3217 3233 3262 utrum
3285 3210 3672 3278 subscripserit
3713 3212 3764 3264 in

2190 3301 2410 3346 tractatu
2436 3293 2632 3348 Niemni
2659 3296 2889 3360 concilii,
2924 3311 2987 3350 an
3019 3313 3147 3352 non.

2261 3383 2486 3453 Cumque
2542 3385 2741 3439 Attalus
2805 3387 3071 3452 reticeret,
3140 3388 3426 3442 Ambrosius
3487 3391 3766 3458 epist-apris

2191 3475 2365 3528 dixit:
2397 3476 2606 3529 Attalus
2645 3477 2952 3546 presbyter,
2976 3478 3099 3532 licet
3125 3478 3264 3532 inter
3291 3481 3516 3532 Arianos
3557 3483 3651 3545 sit,
3685 3491 3764 3532 ta—

2190 3579 2310 3617 men
2335 3563 2494 3619 habet
2520 3567 2888 3621 auctoritatem
2920 3567 3190 3636 loquendi.
3226 3568 3415 3622 Libere
3441 3569 3766 3637 proﬁteatur

2191 3663 2369 3707 utrum
2416 3655 2797 3724 subscripserit
2827 3657 2880 3710 in
2915 3659 3140 3712 tractatu
3181 3657 3377 3713 Nicazni
3408 3661 3623 3714 concilii
3662 3661 3764 3716 sub

2190 3741 2440 3810 episcopo
2469 3756 2566 3796 suo
2595 3743 2907 3812 Agrippino,
2938 3760 3003 3798 an
3027 3759 3155 3799 non.

2261 3832 2468 3884 Attalus
2518 3833 2645 3911 dixit
2682 3850 2700 3886 :
2735 3833 2897 3904 499
2938 3835 3057 3889 Jam
3092 3837 3278 3891 dixisti
3334 3853 3420 3893 me
3469 3840 3762 3909 aliquoties

2172 3919 2658 3986 'damnatum,‘non‘
2677 3923 2768 3978 tibi
2799 3929 3118 3992 respondeo.

2262 4009 2549 4064 Ambrosius
2577 4013 2835 4081 episcopus
2859 4015 2987 4068 dixit
3014 4016 3415 4086 :Subscripsisti
3438 4020 3489 4072 in
3525 4028 3756 4077 tractatu

2192 4103 2402 4158 concilii
2432 4103 2652 4172 Nicaani,
2685 4115 2776 4160 aut
2804 4108 2947 4162 non?

2260 4197 2458 4252 Attalus
2487 4198 2614 4252 dixit
2644 4216 2663 4252 :
2690 4201 2802 4257 Non
2836 4201 2927 4256 tibi
2971 4204 3284 4272 respondeo.

2263 4285 2533 4342 Palladius
2586 4291 2712 4343 dixit
2742 4292 2946 4348 :Modo
2997 4293 3152 4348 vultis
3205 4304 3483 4352 tractatum
3533 4297 3751 4369 plenum

2193 4377 2394 4445 haberi,
2419 4389 2507 4433 aut
2531 4393 2633 4432 non
2657 4379 2679 4431 ἲ

2263 4465 2583 4531 Chromatius
2605 4468 2860 4538 presbyter
2879 4470 3008 4523 dixit
3029 4470 3370 4526 :‘Creaturam
3393 4487 3496 4527 non
3520 4477 3751 4544 negasti,

2752 4559 2932 4621 omnia
2956 4561 3155 4629 negasti
3185 4575 3300 4630 quas
3325 4562 3456 4617 ﬁdes
3485 4566 3752 4621 catholica

2189 4646 2482 4716 profitetur.

2261 4735 2481 4790 Sabinus
2535 4736 2793 4806 episcopus
2832 4738 2961 4790 dixit
2992 4752 3010 4790 :
3039 4735 3220 4792 Testes
3248 4753 3426 4792 sumus
3477 4755 3580 4795 nos
3612 4741 3756 4796 Atta-

2189 4824 2294 4877 lum
2324 4825 2697 4893 subscripsisse
2725 4827 2777 4880 in
2807 4827 3028 4881 concilio
3071 4825 3302 4894 Nicazno,
3335 4841 3386 4883 et
3436 4845 3582 4884 nunc
3617 4833 3753 4887 nolle

2192 4918 2533 4986 respondere.
2559 4920 2694 4984 Quid
2721 4923 2923 4976 cunctis
2949 4923 3189 4977 videtur?

2263 5011 2482 5081 Cumque
2502 5013 2699 5066 Attalus
2721 5015 2963 5080 reticeret,
2990 5016 3276 5068 Ambrosius
3299 5016 3561 5080 epist-Opus
3584 5017 3717 5068 dixit
3739 5031 3752 5064 :

2194 5104 2342 5156 Dicat
2370 5113 2540 5156 utrum
2570 5105 2946 5174 subscripserit
2968 5107 3019 5160 in
3048 5116 3262 5160 tractatu
3291 5107 3498 5159 courilii
3530 5106 3750 5171 Sicani,

2194 5205 2283 5246 aut
2313 5209 2438 5247 non.

2264 5281 2533 5336 Palladius
2553 5284 2678 5337 dixit
2703 5300 2720 5336 :
2745 5285 3003 5356 Exceptor
3029 5295 3205 5341 vester
3225 5297 3276 5340 et
3307 5293 3480 5338 noster
3504 5293 3679 5352 stent,
3705 5292 3753 5338 et

2199 5373 2372 5426 omnia
2395 5373 2643 5426 scribant.

2275 5463 2577 5539 Valerianus
2627 5465 2888 5531 epismpus
2940 5467 3255 5521 dixit:.lam
3305 5481 3420 5535 qua
3468 5467 3656 5522 dixisti
3704 5475 3751 5521 et

2199 5555 2418 5622 negasti,
2453 5556 2645 5621 scripta
2668 5563 2789 5607 sunt
2809 5554 3003 5608 omnia.

2269 5641 2534 5695 Palladius
2569 5641 2734 5694 dixit:
2765 5641 2926 5696 Dicite
2954 5643 3092 5711 quod
3121 5642 3295 5697 vultis.

2267 5732 2558 5788 Ambrosius
2586 5733 2847 5802 episc0ptts
2872 5733 2998 5787 dixit
3022 5750 3041 5787 :
3069 5733 3197 5802 Quia
3246 5733 3437 5804 sapius
3465 5735 3575 5789 vult
3606 5733 3749 5790 dam-
