3862 6222
92 366 205 421 445
1116 367 1376 424 CONTRA
1418 369 1801 427 PALLADIUM
1840 371 2141 430 ARIANUM
2180 373 2304 428 LIB.
2347 375 2386 427 Ι.
3126 376 3130 379 ”
3225 385 3323 437 Hii

92 485 214 537 nari
243 485 573 557 Palladius,
600 487 680 553 qui
706 484 810 553 jam
843 483 1132 552 frequenter
1157 487 1536 550 damnatusest,
1557 486 1674 555 lego
1703 492 1756 548 Α
1780 495 1926 556 parte
1954 497 2275 555 esceptores.
2306 488 2417 540 Non
2455 489 2669 555 potestis
2713 503 2831 544 esse
2875 491 3076 559 judiccs
3101 506 3141 544 Si
3175 499 3320 546 auiti-

90 574 400 640 epissolam
439 575 585 636 Arii,
616 588 766 642 quam
797 573 886 627 ille
923 575 1087 627 noluit
1119 574 1486 630 condemnare.
1520 575 1682 630 Proll-
1783 583 1922 629 tores
1943 589 2046 628 non
2070 575 2442 639 habuerimus;
2470 578 2638 630 etnisi
2664 593 2726 631 ex
2745 587 2963 646 utraque
2993 588 3140 646 parte
3167 595 3323 634 vene-

93 663 292 714 temini
322 662 493 729 quod
521 662 661 715 vobis
687 661 908 715 videtur.
1595 659 1598 662 ’
1779 664 1886 717 rint
1915 663 2002 730 qui
2031 664 2261 726 audiant,
2291 678 2392 717 non
2421 665 2567 718 vobis
2599 667 2991 732 respondemus.

171 751 384 803 Omnes
420 752 655 818 episcopi
692 751 916 802 dixerunt
950 765 967 802 :
998 748 1232 817 Legitur.
1849 753 2138 806 Ambrosius
2181 753 2441 821 episcopus
2483 754 2609 806 dixit
2657 769 2675 805 :
2717 755 2854 819 Quos
2891 755 3128 824 quazritis
3179 755 3326 807 audi-

171 838 241 889 Et
273 841 522 892 recitata
560 848 630 892 est
661 855 678 891 :
704 839 847 893 ΝΑτο
873 853 1044 890 Αυτει
1071 830 1168 891 sou
1196 852 1472 905 ruranve,
1513 847 1564 893 et
1593 852 1677 893 re-
1781 841 1956 897 tores?

91 928 273 999 liqua.
1851 927 2122 982 Palladius
2149 926 2278 979 dixit
2307 942 2323 977 :
2351 926 2483 982 Sunt
2504 926 2588 979 hic
2611 926 2850 979 honorati
2876 928 3042 980 multi.

162 1019 512 1073 Ambrosius
558 1021 815 1087 episcopus
839 1019 1284 1086 dixit:Respondi
1329 1018 1418 1072 tibi
1451 1019 1518 1072 de
1569 1032 1681 1071 ma-
1853 1017 2073 1070 Sabinus
2121 1017 2377 1085 episcopus
2429 1015 2555 1068 dixit
2595 1031 2614 1067 :
2677 1015 2804 1069 Post
2851 1023 2925 1069 tot
2975 1016 3327 1084 blasphemias

91 1106 238 1175 fore,
273 1109 560 1177 respondi
614 1109 703 1164 tibi
744 1118 796 1163 et
837 1109 904 1164 de
927 1110 1182 1176 subjecto,
1212 1123 1345 1163 nunc
1380 1119 1432 1163 et
1463 1110 1571 1178 ipse
1600 1123 1684 1164 re-
1780 1105 2043 1159 auditores
2065 1103 2230 1172 petis?

51 1189 63 1192 ’
93 1198 343 1265 sponde.
1851 1197 2143 1250 Ambrosius
2185 1196 2446 1265 episcopus
2497 1195 2622 1260 dixit
2665 1210 2683 1247 :
2712 1195 3023 1250 Sacerdotes
3065 1196 3129 1250 de
3179 1195 3325 1248 laicis

167 1283 489 1340 Palladius
543 1288 712 1340 dixit:
751 1287 860 1341 Non
905 1286 1247 1356 respondebo,
1294 1287 1392 1341 nisi
1444 1293 1684 1340 auctores
1778 1286 2012 1356 judicare
2033 1285 2243 1348 debent,
2274 1301 2378 1339 non
2399 1286 2518 1339 laici
2538 1286 2605 1340 de
2623 1286 3127 1351 sacerdotibus;sed
3153 1297 3323 1340 tamen

98 1377 332 1430 veniant
369 1385 510 1446 post
535 1378 847 1432 dominicam
877 1378 1034 1432 diem.
1782 1387 1912 1445 quos
1937 1377 2138 1443 judices
2159 1385 2300 1443 petas
2321 1376 2498 1430 dicito.

169 1467 510 1532 Ambrosius
526 1471 780 1537 episcopus
802 1469 962 1522 dixit:
991 1469 1214 1522 Veneras
1239 1477 1572 1532 tractaturus,
1591 1467 1684 1523 sed
1854 1466 2126 1520 Palladius
2152 1467 2277 1519 dixit
2306 1482 2324 1518 :
2350 1466 2627 1519 Anditores
2649 1466 2875 1520 veniant.

101 1567 494 1628 posteaquam
531 1561 698 1627 objeci
731 1560 842 1624 tibi,
876 1559 1046 1613 vidisti
1075 1561 1181 1613 Arii
1211 1560 1500 1628 epistolam,
1528 1573 1682 1628 quam
1853 1555 2169 1608 Chromatius
2214 1557 2465 1622 presbyter
2511 1556 2683 1607 dixit:
2705 1555 2856 1608 Salva
2897 1555 3326 1609 condemnatione

102 1647 383 1700 damnare
412 1648 655 1712 noluisti,
686 1661 920 1702 asserere
943 1661 1111 1700 autem
1140 1661 1240 1700 non
1270 1658 1416 1715 putes
1444 1665 1456 1700 :
1491 1646 1686 1702 idcirco
1785 1638 2116 1714 sacerdotali,
2143 1647 2265 1715 quin
2287 1654 2341 1700 et
2365 1646 2454 1715 qui
2482 1645 2694 1700 Palladii
2734 1653 2856 1699 sunt
2907 1647 3062 1700 etiam
3096 1648 3144 1699 iu
3176 1648 3326 1714 plent)

105 1753 259 1792 nunc
289 1738 516 1808 refugis
544 1746 594 1794 et
631 1737 904 1792 cavillaris.
939 1739 1171 1792 Plenarie
1218 1738 1378 1804 ipsam
1420 1739 1635 1791 recitato
1668 1753 1681 1790 :
1788 1737 2049 1804 legantur.

107 1826 174 1878 ad
205 1828 443 1896 singula
472 1829 573 1881 dic.
603 1827 784 1882 Utrum
836 1828 1070 1880 Christus
1100 1833 1301 1880 creatus
1326 1827 1579 1891 videatur,
1618 1840 1684 1880 an
1715 1813 1765 1872 Β,
1855 1826 2125 1879 Palladius
2152 1826 2318 1879 dixit:
2347 1825 2458 1879 Non
2483 1810 2850 1894 permittantur
2871 1825 3007 1892 loqui
3033 1822 3324 1888 auditores,

111 1915 215 1969 fuit
245 1919 491 1984 quando
532 1932 634 1971 non
671 1917 764 1971 luit
791 1916 1041 1979 Christus,
1073 1932 1136 1970 an
1167 1932 1290 1970 vero
1339 1931 1547 1984 semper
1587 1916 1687 1971 luit
1786 1919 1994 1996 veniant
2025 1928 2076 1971 et
2097 1933 2160 1970 ex
2192 1925 2411 1985 utraque
2441 1925 2587 1983 parte
2610 1926 2941 1984 esceptores,
2966 1923 3018 1968 et
3044 1916 3326 1982 responde-

112 2006 451 2074 nnigenitus
485 2009 574 2062 Dei
610 2009 789 2063 Filius.
819 2009 946 2064 Cum
975 2011 1081 2062 Arii
1123 2010 1391 2074 epistolam
1435 2011 1684 2074 audieris,
1785 2006 1916 2060 bunt
1941 2006 2088 2058 vobis
2114 2005 2166 2057 hi
2199 2006 2249 2058 in
2277 2005 2501 2059 concilio
2523 2005 2774 2072 generali-

116 2107 206 2149 aut
232 2096 477 2162 damna,
501 2108 587 2150 aut
620 2099 798 2164 proba.
1856 2099 2138 2150 Ambrosius
2181 2097 2436 2164 episwpus
2467 2096 2591 2148 dixit
2624 2112 2640 2148 :
2668 2096 2776 2149 Etsi
2803 2097 2852 2148 in
2884 2096 3057 2148 multis
3089 2094 3328 2161 impieta-

189 2185 496 2241 Palladius
546 2189 719 2242 dixit:
769 2188 898 2242 Cum
948 2187 1224 2255 impietatis
1265 2197 1314 2242 te
1343 2202 1583 2256 arguam,
1637 2197 1688 2243 te
1785 2188 1922 2242 tibus
1945 2187 2300 2255 deprehensus
2331 2186 2416 2252 sit,
2439 2186 2795 2240 erubescimus
2840 2195 3009 2240 tamen
3055 2195 3109 2238 ut
3147 2185 3326 2237 videa-

117 2275 300 2342 judice
325 2291 447 2327 non
475 2286 608 2332 utor.
631 2277 1003 2346 Transgressor
1022 2291 1097 2330 es.
1787 2284 1869 2330 tur
1896 2279 2048 2347 501
2080 2277 2166 2344 qui
2196 2275 2544 2330 sacerdotium
2576 2275 2674 2327 sibi
2703 2275 2933 2327 vindicat
2981 2290 3007 2326 a
3041 2275 3186 2327 laicis
3210 2289 3326 2326 esse

193 2366 441 2420 Sabinus
491 2369 744 2436 epist-Opus
798 2367 966 2420 dixit:
991 2365 1127 2432 Quas
1175 2354 1463 2432 impietates
1505 2365 1688 2432 objicis
1784 2366 2076 2422 damnatus.
2106 2369 2180 2421 Ac
2208 2380 2300 2433 per
2345 2366 2464 2428 hoc,
2489 2366 2732 2434 quoniam
2761 2375 2812 2418 et
2839 2366 2888 2418 in
2918 2364 3017 2418 hoc
3045 2367 3152 2432 ipso
3180 2365 3327 2416 dam-

124 2455 278 2510 lmtri
314 2466 514 2511 nostro
543 2467 596 2511 et
624 2457 982 2511 consacerdoti
1012 2457 1329 2511 Ambrosio?
1355 2456 1533 2513 dicito.
1787 2458 1987 2512 nandus
2015 2468 2098 2512 est
2128 2456 2215 2521 qui
2256 2456 2505 2509 laicorum
2547 2464 2811 2520 exspectat
2847 2455 3178 2519 sententiam,
3209 2469 3326 2508 cum

198 2544 497 2599 Palladius
549 2546 854 2601 dixit:.lam
904 2547 1049 2600 vobis
1078 2546 1180 2599 dixi
1216 2565 1226 2598 :
1263 2547 1419 2607 Pleno
1465 2547 1688 2602 concilio
1785 2547 1950 2615 magis
1983 2546 2047 2600 de
2094 2546 2244 2600 laicis
2281 2545 2580 2598 sacerdotes
2621 2543 2844 2596 debeant
2877 2543 3138 2609 judicare,
3178 2542 3327 2608 juxta

129 2623 505 2704 respondebo,
528 2647 578 2691 et
607 2637 947 2707 praesentibus
991 2639 1303 2693 auctoribus.
1787 2649 1848 2689 ea
1894 2651 2009 2704 quae
2063 2635 2218 2688 hodie
2267 2633 2560 2688 audivimus
2617 2630 2906 2686 Palladium
2960 2631 3326 2696 proﬁtentem,

203 2727 518 2780 Ambrosius
566 2729 819 2796 episcopus
873 2728 996 2780 dixit
1037 2727 1138 2780 :‘ln
1175 2741 1421 2781 consessu
1471 2728 1688 2782 fratrum
1787 2732 1840 2778 et
1864 2725 2015 2793 juxta
2043 2739 2104 2779 ea
2131 2739 2248 2794 quae
2274 2724 2629 2779 condemnare
2655 2725 2839 2792 noluit,
2873 2728 3152 2792 pronuntio
3183 2725 3325 2777 illum

136 2827 385 2868 meorum
402 2816 562 2883 cupio
580 2807 832 2869 Eonlutari
859 2828 908 2870 et
931 2817 1185 2883 redargui.
1215 2818 1336 2881 Quae
1354 2818 1509 2884 igitur
1532 2817 1689 2885 impie
1787 2814 2080 2867 sacerdotio
2109 2814 2376 2883 indignum
2407 2823 2458 2867 et
2480 2813 2765 2868 curandum
2795 2821 2855 2866 ut
2881 2814 2931 2866 in
2957 2814 3072 2866 loco
3100 2813 3211 2881 ejus
3242 2827 3327 2866 cas

142 2899 395 2966 dixerim,
450 2903 627 2958 dicito.
671 2904 776 2959 Sed
821 2905 1007 2974 impius
1050 2905 1140 2959 tibi
1191 2907 1385 2972 videor,
1432 2907 1518 2974 qui
1575 2907 1688 2975 pie-

143 3000 304 3045 tatem
337 3003 543 3048 astruo.

213 3081 448 3136 Sabinus
500 3085 754 3152 episwpus
795 3085 951 3155 500
996 3087 1120 3140 dixit
1146 3103 1161 3139 :
1187 3087 1322 3156 Ergo
1376 3087 1566 3156 impius
1595 3086 1686 3141 tibi

147 3172 378 3240 videtur,
417 3176 517 3244 qui.
538 3177 646 3230 Arii
676 3177 1023 3244 blasphemias
1053 3180 1252 3247 arguit?

217 3259 512 3317 Palladis:
541 3256 714 3318 dixit:
746 3255 856 3335 Ego
900 3283 1002 3321 non
1050 3269 1228 3337 negavi
1267 3269 1456 3324 bonum
1501 3270 1687 3325 Filium

148 3347 261 3404 Dei.

1791 2904 2013 2958 tholicus
2034 2903 2323 2979 ordinetur.

1859 2992 2039 3046 Omnes
2065 2995 2281 3062 ερὶιεορὶ
2307 2991 2542 3047 dixerunt
2567 3009 2584 3046 :
2612 2995 2904 3049 Anathema
2933 2994 3184 3049 Palladio.

1856 3083 2140 3136 Ambrosius
2160 3083 2417 3152 episwpus
2455 3084 2580 3136 dixit
2609 3099 2627 3136 :
2665 3084 2951 3150 Imperator
2985 3081 3325 3137 clementissi-

1717 3158 1762 3219 C
1794 3186 1906 3226 mus
1945 3181 1997 3225 et
2023 3171 2348 3226 Christianus
2375 3172 2704 3227 sacerdotum
2730 3172 2926 3240 judicio
2955 3186 3163 3226 causam
3195 3180 3239 3231 ι.
3273 3181 3325 3226 et

1791 3269 1847 3313 ut
1877 3261 1972 3328 ipsi
1997 3260 2176 3314 arbitri
2207 3270 2384 3315 essent
2407 3262 2759 3315 altercationis
2792 3263 2840 3314 in
2871 3261 2991 3329 quid
3020 3261 3325 3315 constituis-

1789 3361 2012 3431 semus._
2043 3350 2298 3414 Quoniam
2349 3350 2506 3416 igitur
2547 3350 2699 3404 nobis
2721 3349 2969 3417 judicium
3007 3349 3212 3402 videtur
3232 3350 3326 3403 de-
3372 3391 3379 3398 η

217 3442 519 3497 Ambrosius
565 3445 820 3514 episcopus
863 3445 989 3498 dixit
1020 3462 1037 3498 :
1068 3446 1202 3502 Dicis
1251 3462 1374 3517 ergo
1424 3448 1677 3504 Christum

1798 3442 1966 3504 iatum,
2000 3439 2255 3507 interpres
2291 3448 2370 3494 est
2409 3440 2674 3509 Scriptura
2707 3459 2718 3492 :
2748 3441 3160 3494 condemnemus
3207 3441 3326 3494 Pal-

151 3525 310 3583 Deum
337 3530 576 3585 bonum?

213 3615 488 3672 Palladius
517 3621 641 3681 dixit
664 3637 682 3674 :
702 3620 813 3675 Non
837 3621 983 3676 vobis
1003 3623 1312 3690 respondeo.

228 3701 527 3760 Valerianus
555 3709 811 3778 episcOpus
839 3709 964 3762 dixit
990 3726 1008 3763 :
1039 3710 1206 3765 Nolite
1233 3711 1446 3764 multum
1469 3710 1681 3779 adigere

151 3787 455 3861 Palladium,
489 3811 592 3852 non
631 3805 799 3866 potest
839 3813 961 3852 vera
993 3810 1164 3853 nostra
1193 3801 1492 3866 simpliciter
1518 3802 1681 3855 conli-

156 3881 264 3936 tcri.
288 3882 460 3952 Ipsius
487 3887 624 3940 enim
651 3887 969 3940 ’conseientia
1001 3888 1187 3955 duplici
1216 3889 1532 3955 blasphemia
1555 3904 1680 3943 con-

153 3967 262 4023 fusa
301 3972 404 4026 est.
447 3975 576 4028 Nam
607 3989 634 4026 a
673 3974 991 4030 Photinianis
1031 3985 1111 4029 est
1140 3977 1401 4029 ordinatus
1425 4018 1439 4042 ,
1470 3988 1522 4031 et
1559 3993 1677 4031 cum

156 4057 274 4126 ipsis
293 4070 373 4113 est
397 4063 707 4127 damnatus;
739 4072 789 4116 et
819 4079 955 4117 nunc
983 4065 1181 4132 plenius
1207 4065 1558 4120 damnabitur.

217 4145 484 4204 Palladius
506 4151 632 4204 dixit
657 4168 674 4204 :
706 4152 814 4207 Hoc
837 4153 1014 4219 proba.

221 4234 436 4294 Sabinus
463 4242 718 4311 epist-Opus
759 4245 883 4296 dixit
927 4261 945 4297 :
987 4244 1098 4298 Non
1128 4246 1278 4299 aliter
1294 4254 1494 4314 poterat
1522 4245 1674 4301 Chri-

160 4330 282 4379 surm
312 4343 493 4385 verum
538 4346 751 4400 negare,
780 4334 877 4388 nisi
917 4345 1152 4389 auctores
1181 4351 1302 4392 suos
1342 4348 1672 4406 sequeretur.

208 4414 502 4471 ‘Ambrosius
525 4419 783 4488 episwpus
827 4422 992 4474 dixit:
1020 4422 1261 4492 Obiecisti
1303 4439 1386 4479 me
1414 4435 1549 4480 esse‘
1578 4427 1673 4480 im-

162 4497 287 4564 pium
316 4523 327 4557 :
355 4509 456 4563 hoc
487 4508 666 4576 proba.
1006 4510 1010 4514 ’

222 4585 481 4647 Palladius
507 4597 631 4649 dixit
659 4615 677 4652 :
705 4598 1090 4667 Espositionem
1129 4610 1355 4656 nostram
1383 4602 1669 4658 atIerimus.

167 4671 276 4730 Cum
297 4685 641 4753 attuletimus,
665 4695 785 4740 tunc
805 4688 1085 4756 disputatio
1108 4689 1394 4744 habebitur.

223 4766 502 4828 Ambrosius
526 4776 779 4845 episcopus
803 4778 963 4831 dixit:
983 4779 1176 4833 Damna
1205 4781 1516 4848 impietatem
1540 4781 1667 4835 Arii.

227 4856 339 4914 Cum
365 4866 588 4918 reticeret
626 4865 908 4930 Palladius,
942 4867 1179 4922 Eusebius
1218 4871 1472 4940 episwpus
1495 4871 1622 4924 dixit
1651 4887 1669 4925 :

169 4939 435 5014 Superﬂuis
462 4953 814 5007 immoramur.
834 4954 934 5008 Tot
974 4954 1260 5022 impietates
1280 4939 1388 5010 Arii
1411 4957 1670 5013 Palladius

173 5036 318 5092 noluit
339 5041 704 5106 condemnare,
739 5044 843 5097 imo
869 5045 1036 5112 potius
1084 5046 1360 5119 asserendo
1399 5048 1669 5104 confessus

172 5135 254 5179 est.
281 5130 421 5187 Hunc
444 5133 528 5202 qui
559 5149 659 5188 non
689 5135 914 5198 damnat,
943 5137 1124 5193 similis
1167 5138 1301 5191 illius
1326 5147 1425 5203 est,
1468 5147 1520 5192 ct
1563 5140 1669 5195 δω-

174 5215 342 5272 reticus
363 5223 479 5288 jure
501 5222 750 5275 dicendus
769 5230 865 5277 est.

234 5305 397 5364 Omnes
452 5312 667 5379 episcOpi
698 5313 965 5364 dixerunt:
990 5310 1031 5364 A
1063 5311 1211 5365 nobis
1249 5312 1486 5366 omnibus
1540 5329 1666 5368 ana-

175 5388 318 5450 llletua
345 5402 414 5454 sit
443 5399 693 5454 Palladio.

233 5503 498 5562 Ambrosius
532 5509 787 5578 ερίδεοριιε
834 5507 1317 5578 dixit:Acquiescis
1368 5519 1423 5563 ut
1477 5520 1665 5566 caetera

183 5585 405 5670 letantur,
429 5599 666 5652 Palladit
815 5602 825 5616 ··

237 5676 478 5744 Palladius
502 5690 662 5747 dixit:
686 5688 811 5748 Date
837 5689 1111 5760 auditores,
1135 5692 1334 5749 veniant
1360 5707 1422 5748 cx
1450 5701 1663 5762 utraque

1783 3525 1998 3589 Iadium,
2032 3527 2117 3596 qui
2163 3529 2305 3595 impii
2337 3527 2448 3581 Arii
2478 3529 2644 3581 noluit
2697 3529 2947 3581 damnare
2991 3530 3326 3582 sententiam.

1782 3615 1847 3669 Et
1898 3618 2016 3685 quia
2072 3618 2183 3684 ipse
2233 3618 2321 3672 Dei
2375 3617 2561 3672 Filium
2606 3621 3001 3687 sempiternum,
3032 3629 3084 3673 et
3137 3629 3325 3674 caztera

1780 3720 1896 3774 quae
1917 3707 2045 3760 actis
2076 3706 2296 3771 haerent,
2329 3709 2564 3777 negavit:
2599 3723 2724 3776 ergo
2753 3710 3025 3763 anathema
3051 3711 3328 3766 habeatur.

1853 3798 2036 3850 Omnes
2082 3799 2298 3868 epitCOpi
2337 3799 2571 3853 dixerunt
2609 3815 2627 3852 :
2665 3798 2860 3853 Omnes
2912 3798 3327 3856 condemnemus

1778 3901 1894 3941 eum
1920 3905 1931 3938 :
1976 3888 2249 3941 anathema
2273 3888 2542 3942 habeatur.

1847 3978 2138 4030 Ambrosius
2191 3980 2448 4048 episcopus
2494 3980 2621 4032 dixit
2651 3995 2669 4032 :
2698 3979 2949 4045 Quoniam
2979 3995 3163 4036 omnes
3192 3996 3320 4035 con-

1777 4069 1967 4121 sistunt
2009 4068 2107 4120 viri
2150 4067 2458 4131 Christiani,
2501 4079 2555 4125 et
2609 4071 2717 4142 Deo
2755 4072 2955 4138 probati
3000 4071 3224 4137 fratres,
3268 4083 3325 4128 et

1777 4155 2180 4210 consacerdotes
2225 4157 2412 4224 nostri,
2445 4156 2582 4212 dicat
2629 4158 2984 4225 unusquisque
3034 4159 3172 4226 quod
3220 4161 3320 4214 sibi

1777 4246 1998 4298 videtur.

1852 4333 2149 4386 Valerianus
2200 4335 2458 4403 episcopus
2492 4335 2613 4388 dixit
2646 4351 2665 4389 :
2711 4336 2833 4388 Mihi
2876 4335 3084 4403 quidem
3117 4337 3323 4411 videtur

1775 4422 1894 4490 quia
1925 4423 2013 4488 qui
2043 4422 2221 4476 Arium
2249 4422 2503 4486 defendit,
2543 4425 2769 4478 Arianus
2799 4432 2879 4478 est
2910 4441 2923 4476 :
2965 4427 3049 4492 qui
3079 4426 3322 4493 blasphe-

1606 4565 1609 4571 _
1699 4494 1905 4563 Dmias
1946 4511 2109 4579 ipsius
2163 4528 2264 4565 non
2312 4512 2646 4579 condemnat,
2696 4515 2809 4582 ipse
2836 4513 3171 4581 blasphemus
3210 4525 3315 4568 est.

1771 4601 1996 4668 Ideoque
2032 4601 2329 4669 hujusmodi
2380 4604 2642 4658 hominem
2682 4605 2949 4659 consortio
2986 4604 3315 4661 sacerdotum

1770 4705 1961 4745 censeo
1989 4707 2106 4746 esse
2133 4692 2382 4746 alienum.
3230 4713 3237 4718 ·

1840 4780 2102 4835 Palladius
2131 4784 2298 4836 dixit:
2320 4784 2558 4852 Cmpistis
2580 4786 2795 4842 ludere?
2817 4789 2980 4847 ludite
3011 4809 3024 4849 :
3055 4794 3168 4847 sine
3188 4808 3315 4850 con-

1770 4870 1892 4924 cilio
1917 4870 2164 4925 Orientali
2195 4873 2340 4927 vobis
2369 4888 2473 4928 non
2497 4862 2894 4943 respondemus.

1844 4980 2078 5034 Artemius
2124 4983 2382 5052 episwpus
2429 4985 2716 5038 Sirmiensis
2767 4990 2896 5041 dixit
2939 5004 2959 5042 :
3005 4990 3313 5062 Quicunque

1773 5068 2000 5124 haereses
2021 5072 2238 5126 Arianas
2268 5087 2370 5126 non
2394 5075 2725 5143 condemnat,
2757 5078 2980 5133 Arianus
3001 5082 3068 5134 sit
3088 5097 3308 5139 necesse

1770 5168 1869 5212 est.
1900 5160 2046 5214 IIunc
2069 5162 2225 5228 igitur
2244 5162 2468 5216 alienum
2495 5165 2649 5218 etiam
2673 5180 2700 5216 a
2724 5175 2900 5221 nostra
2941 5172 3308 5228 communione

1771 5254 1822 5299 ct
1850 5249 2159 5301 sacerdotali
2199 5257 2337 5303 caatu
2365 5250 2536 5304 denuo
2564 5253 2818 5319 privatum
2863 5269 2977 5308 esse
3006 5270 3303 5314 censemus.

1836 5359 2151 5413 Constantius
2167 5364 2422 5430 episcopus
2435 5362 2701 5417 Amusicus
2718 5366 2870 5418 dixit:
2886 5364 3170 5422 Palladium
3193 5373 3230 5424 Α
3242 5372 3304 5427 rii

1767 5448 2269 5518 discipulum,‘cujus
2298 5454 2589 5521 impietates
2613 5455 2719 5522 jam
2746 5457 2870 5509 olim
2900 5457 3155 5513 damnata:
3183 5472 3305 5516 sunt

1764 5552 1791 5590 a
1821 5539 2050 5607 patribus
2079 5542 2267 5596 n05tris
2297 5542 2349 5596 in
2390 5545 2611 5599 concilio
2636 5544 2866 5616 Nicano,
2891 5556 2942 5602 et
2978 5563 3116 5603 nunc
3145 5548 3303 5606 hodie

1835 5710 1860 5737 ι
1884 5683 2035 5756 Deest
2063 5701 2302 5768 permisit.
