3812 6224
483 354 581 407 ΗἸ

1796 339 2011 396 VlGlLll
2049 338 2412 397 TAPSENSIS
3299 401 3302 403 .
3580 353 3653 405 κς

480 466 723 540 prolatio,
754 478 872 518 cum
929 467 1326 517 recenserentur
1372 455 1606 512 Palladio
1652 453 1895 522 singulae,
1927 467 2033 507 non
2065 455 2110 514 Α
2138 453 2223 523 qui
2254 452 2603 521 blaSplietnias
2624 462 2676 509 et
2705 452 2999 525 iinpietates
3029 458 3135 513 Arii
3160 474 3263 513 non
3294 461 3646 528 condemnavit,

480 558 729 611 confusus
762 562 860 618 est,
890 551 1011 605 dum
1045 550 1132 605 Dei
1163 548 1354 604 Filium
1386 563 1413 601 a
1459 546 1565 599 Deo
1599 545 1750 599 Patre
1771 557 1889 597 esse
1918 544 2037 597 alie-

482 664 605 702 num
638 661 753 699 cum
783 652 1016 698 creatura
1040 641 1341 701 confitetur,
1374 652 1492 692 cunt
1522 635 1864 704 temporalem
1888 633 2033 695 dicit,

482 744 989 798 Dominum'verum
1045 744 1220 805 negat,
1284 735 1335 789 in
1389 732 1768 801 sempiternum
1844 741 2035 783 censeo

480 848 598 888 esse
627 828 1006 884 damnandum.

547 920 723 975 Justus
750 921 1011 990 episcopus
1032 917 1160 970 dixit
1188 932 1206 970 :
1229 915 1541 982 Palladium,
1564 913 1652 982 qui
1682 908 2034 977 blasphemias

478 1015 588 1070 Arii
618 1013 869 1067 damnare
921 1009 1108 1073 noluit,
1154 1006 1247 1061 sed
1299 1008 1455 1061 etiam
1512 1002 1677 1070 magis
1727 1000 1886 1068 502
1941 998 2035 1052 has

479 1103 715 1159 confiteri
746 1101 968 1165 videtur,
992 1111 1187 1153 censeo
1214 1096 1429 1150 ulterius
1452 1092 1779 1147 sacerdotem
1803 1090 1905 1144 dici
1928 1104 2033 1144 non

479 1206 654 1263 posse,
690 1206 786 1245 nec
826 1191 967 1244 inter
999 1188 1274 1258 episcopos
1302 1182 1556 1253 deputari.

548 1284 791 1337 Eventius
859 1282 1119 1349 episcopus
1163 1276 1459 1329 Ticiniensis
1507 1272 1635 1327 dixit
1672 1287 1688 1325 :
1722 1270 2035 1333 Palladium,

477 1377 567 1445 qui
600 1374 923 1443 impietatem
953 1368 1062 1423 Arii
1094 1367 1343 1433 damnare
1386 1363 1573 1429 noluit,
1603 1362 1829 1416 arbitror
1856 1375 1884 1414 a
1911 1374 2038 1415 cono

478 1465 644 1519 sortio
671 1459 982 1516 sacerdotali
1010 1458 1061 1511 in
1100 1466 1406 1526 perpetuum
1434 1467 1553 1508 esse
1573 1460 1858 1507 remotum.

550 1553 899 1608 Abundantius
964 1552 1223 1618 episcopus
1292 1545 1620 1599 Tridentinus
1664 1541 1793 1596 dixit
1843 1558 1860 1595 :
1903 1539 2035 1596 Cum

479 1647 751 1703 evidentes
782 1643 1133 1712 blaSphemias
1157 1638 1416 1696 Palladius
1440 1636 1711 1700 defendat,
1732 1634 2034 1688 damnatum

478 1752 536 1793 se
563 1753 628 1792 es
662 1735 890 1790 concilio
922 1731 1243 1803 Aquileiensi
1272 1737 1579 1797 cognoscat.

2138 546 2274 598 sicut
2321 554 2375 600 et
2417 546 2595 602 caeteri
2648 548 3050 604 consacerdotes
3103 550 3204 605 mei
3256 559 3312 606 et
3361 567 3459 623 ego
3499 569 3650 611 censeo

2135 637 2515 696 damnandum.

2208 727 2519 783 Heliodorus
2538 732 2793 801 episcopus
2809 733 3096 789 Altiniensis
3114 738 3239 791 dixit
3261 752 3278 789 :
3295 736 3394 803 Qui
3417 738 3649 805 perﬁdiam

2134 818 2246 873 Arii
2288 822 2627 891 omniumque
2681 823 3067 891 hiereticorum,
3098 840 3322 895 quorum
3368 841 3571 881 consors
3594 842 3652 882 est

2138 910 2418 978 Palladius,
2455 914 2612 982 hujus
2644 915 2893 983 insipiens
2917 931 3028 980 cor,
3057 918 3145 986 qui
3183 919 3457 974 veritatem
3489 928 3652 974 nonest

2136 1004 2433 1070 confessus,
2465 1018 2583 1059 cum
2613 1005 2816 1060 caeteris
2845 1005 3305 1063 consacerdutibus
3337 1009 3467 1063 meis
3497 1010 3655 1078 pariter

2135 1097 2449 1151 condemno.
3483 1086 3497 1095 ’

2209 1185 2360 1240 Felix
2399 1188 2658 1258 episcopus
2691 1187 2986 1243 Jadertinus
3029 1191 3155 1243 dixit
3186 1206 3203 1243 :
3230 1189 3516 1244 Palladium
3540 1233 3552 1257 ,
3588 1193 3654 1259 qui

2140 1273 2522 1347 bluspltetnavil
2552 1282 2761 1346 Filium,
2784 1284 2921 1337 sicut
2949 1283 3105 1344 Arius
3131 1325 3146 1351 ,
3173 1298 3293 1338 cum
3333 1284 3566 1339 omnibus
3587 1299 3653 1352 pa-

2138 1372 2266 1423 riter
2293 1370 2606 1426 condemno.

2213 1459 2502 1515 Theodorus
2522 1463 2786 1530 episcopus
2810 1464 3309 1537 Octodorensisdixit
3334 1482 3353 1519 :
3378 1464 3653 1533 Palladium,

2140 1549 2226 1619 qui
2254 1549 2522 1604 Christum
2551 1551 2713 1606 Deum
2732 1568 2934 1620 verum,
2952 1564 3274 1610 comternum
3295 1555 3433 1610 Patri
3458 1558 3655 1626 negavit,

2141 1657 2240 1697 nec
2267 1641 2621 1697 Christianum
2670 1643 2832 1710 hunc,
2863 1659 2960 1700 nec
3004 1646 3335 1702 sacerdotem
3388 1647 3494 1702 ullo
3532 1648 3655 1700 modo

2141 1747 2438 1787 censemus.

547 1826 795 1881 Eusebius
844 1826 1107 1892 episcopus
1135 1822 1458 1876 Bononiensis
1503 1821 1627 1874 dixit
1655 1838 1665 1872 :
1696 1818 1826 1884 Quia
1852 1816 2035 1883 impie-
2065 1810 2109 1870 Β
2212 1821 2493 1876 Dontninus
2516 1822 2776 1893 cpiscopus
2802 1822 3302 1893 GratianOpolitanus
3328 1816 3458 1880 dixit
3479 1841 3497 1878 :
3525 1825 3657 1880 Palla.

478 1926 614 1972 tates
654 1918 766 1971 Arii
805 1915 1067 1969 diabolico
1102 1915 1237 1985 stylo
1277 1912 1626 1979 conscriptas,
1678 1924 1807 1977 quas
1835 1923 1939 1962 non
1971 1908 2034 1960 li-

477 2010 629 2066 cebat
666 2022 762 2064 nec
788 2006 851 2061 ad
895 2021 1049 2060 aures
1077 2005 1376 2068 admittere,
1411 2002 1671 2056 Palladius
1710 2016 1813 2054 non
1866 1998 2037 2052 solum

476 2102 647 2158 nolnit
670 2100 1047 2161 condemnare,
1092 2097 1184 2151 sed
1212 2104 1267 2151 et
1306 2110 1487 2150 earum
1537 2092 1743 2146 exstitit
1782 2098 2034 2153 assertrr,

476 2190 717 2262 negando
742 2185 932 2244 Filium
957 2187 1051 2243 Dei
1071 2187 1263 2243 Filium
1285 2198 1493 2251 verum,
1519 2183 1795 2237 Dominum
1820 2180 2037 2242 bonum,

476 2280 756 2337 Dominum
801 2281 1114 2345 sapientem,
1147 2276 1423 2331 Dominum
1464 2274 1869 2341 sempiternum,
1901 2272 2040 2324 hunc

475 2389 504 2427 a
547 2384 687 2429 ccetu
737 2370 1069 2434 sacerdotali,
1110 2378 1164 2423 et
1214 2382 1328 2423 mea
1376 2365 1659 2431 sententia,
1702 2372 1756 2418 et
1802 2363 2038 2417 omnium

478 2465 858 2523 catholicorum
904 2460 1102 2531 judicio
1136 2460 1367 2514 arbitror
1393 2458 1511 2526 jure
1544 2470 1663 2509 esse
1712 2454 2037 2508 damnatum.

548 2556 768 2611 Sabinus
818 2554 1081 2621 episc0pus
1138 2549 1466 2603 Placentinus
1536 2548 1664 2599 dixit
1708 2562 1745 2599 :i
1781 2545 2038 2611 Quoniam

477 2646 681 2702 cunctis
724 2642 1038 2712 patefactum
1072 2650 1153 2695 est
1208 2638 1521 2700 Palladium,
1570 2634 1777 2689 Arianae
1808 2632 2040 2701 perfidia:
2076 2644 2079 2646 '

480 2745 772 2797 auctorem,
803 2732 1020 2801 ejusque
1067 2729 1391 2797 impietatem
1446 2736 1659 2789 tenere,
1695 2739 1813 2792 quae
1856 2728 2039 2776 contra

481 2825 783 2893 evangelica
811 2831 862 2877 ct
891 2820 1177 2888 apostolica
1208 2818 1445 2874 instituta
1477 2814 1637 2877 venit,
1667 2814 1807 2901 justa
1839 2813 1889 2867 in
1921 2826 2040 2867 eum

480 2915 639 2969 totius
693 2912 898 2967 concilii
950 2912 1050 2964 lata
1105 2908 1366 2965 sententia
1414 2915 1496 2962 est
1544 2923 1559 2956 :
1602 2903 1691 2973 qui
1745 2918 1877 2957 mea:
1919 2902 2042 2957 licet

479 3006 752 3078 pravitatis
798 3002 887 3074 [Ε.
924 3000 1212 3072 parvitatis]
1245 2999 1501 3054 sententia
1532 2995 1829 3051 sacerdotio
1868 2993 2041 3068 denuo

480 3100 719 3170 privatus
740 3113 805 3151 ex
841 3096 941 3150 hoc
970 3083 1478 3149 sacrosancto'coetu
1506 3093 1624 3159 jure
1653 3088 1901 3157 pellatur.

2141 1913 2284 1968 dium
2316 1914 2366 1967 in
2399 1898 2616 1982 perfidia
2665 1913 2775 1969 Arii
2824 1927 3238 1985 permanentem.
3281 1917 3331 1971 in
3364 1925 3653 1985 perpetuum,

2138 2005 2272 2059 sicut
2324 2015 2377 2059 et
2434 2005 2618 2059 fratres
2648 2005 3046 2070 damnaverunt,
3077 2008 3235 2061 etiam
3284 2016 3339 2061 et
3368 2021 3465 2076 ego
3501 2020 3656 2060 censeo

2100 2128 2105 2131 ι
2137 2108 2255 2149 esse
2292 2092 2668 2149 damnandum.

2209 2184 2460 2239 Proculus
2481 2186 2741 2255 epist-Opus
2768 2184 3160 2241 Massiliensium
3185 2187 3312 2240 dixit
3339 2202 3358 2240 :
3378 2185 3655 2247 Palladium,

2139 2277 2229 2346 qui
2260 2278 2368 2331 Arii
2398 2277 2748 2346 blasphemiae
2797 2278 2894 2332 sub
2916 2279 3142 2346 quadam
3193 2278 3353 2346 impia
3384 2278 3657 2332 hmreditate

2141 2381 2247 2422 non
2272 2366 2673 2423 condemnando
2724 2367 2978 2434 defendit,
3010 2369 3146 2423 sicut
3182 2368 3325 2423 hunc
3354 2380 3408 2423 et
3435 2367 3658 2437 plurimo-

2142 2475 2256 2515 rum
2280 2462 2387 2529 jam
2436 2461 2809 2516 venerabilium
2861 2460 3189 2515 sacerdotum
3232 2461 3494 2515 sententia
3540 2459 3658 2514 blas-

2143 2552 2389 2622 phemum
2410 2546 2722 2621 designavit,
2748 2560 2903 2619 atque
2927 2551 3226 2605 sacerdotio
3252 2550 3479 2605 alienum
3516 2549 3658 2611 duxit,

2142 2654 2257 2693 mea
2303 2640 2497 2707 pariter
2524 2640 2783 2695 sententia
2830 2640 2882 2693 in
2929 2649 3239 2708 perpetuum
3285 2638 3659 2703 condemnatum

2141 2728 2399 2798 designat.

2211 2818 2462 2890 Diogenes
2505 2821 2766 2889 episcopus
2814 2814 3115 2873 Genace'nsis
3166 2819 3344 2871 dixit:
3380 2816 3659 2883 Palladium,

2142 2911 2231 2981 qui
2276 2909 2539 2965 Christum
2593 2910 2867 2964 Dominum
2923 2909 3088 2964 Deum
3135 2923 3342 2974 verum,
3369 2908 3586 2963 similem
3620 2916 3663 2960 et

2143 2980 2394 3069 aequalem
2437 2999 2578 3054 Patri
2603 2999 2725 3054 dum
2768 3014 2870 3053 non
2901 2999 3201 3064 confitetur,
3221 3000 3448 3069 negavit,
3477 3000 3664 3052 dsmua-

2147 3094 2340 3147 tionem
2376 3093 2554 3163 judico
2580 3107 2699 3148 cum
2735 3091 2940 3148 caeteris
2967 3093 3213 3151 fratribus
3239 3092 3374 3148 meis
3396 3090 3478 3145 vel
3504 3101 3663 3147 cons:-

551 3188 701 3244 Felix
728 3200 773 3243 et
810 3187 1082 3241 Numidius
1112 3186 1263 3255 legati
1311 3183 1551 3250 Afrorum
1580 3183 1814 3234 dixerunt
1842 3194 1862 3233 :
1892 3178 2044 3231 Aria-
2069 3164 2113 3225 (ἶ
2144 3184 2443 3240 cel-dotibus
2460 3184 2659 3242 sortiri,

481 3296 561 3336 nte
589 3280 807 3335 hatresis
850 3287 1032 3341 sectar,
1062 3278 1114 3331 in
1170 3290 1271 3345 qua
1302 3272 1566 3327 Palladius
1613 3274 1663 3324 in
1715 3270 2037 3339 Aquileiensi

480 3371 681 3440 synodo
720 3368 1018 3424 declaratus
1064 3374 1178 3431 est,
1211 3365 1510 3419 anathema.
1570 3362 1673 3417 Sed
1714 3371 1766 3415 et
1808 3376 1898 3416 eos
1951 3360 2038 3429 qui

482 3468 661 3516 contra
692 3460 968 3512 veritatem
997 3454 1224 3510 Nicaeam
1264 3454 1450 3525 synodi
1496 3461 1846 3522 repugnantes
1893 3460 2035 3517 sunt,

481 3551 701 3605 condem
712 3564 915 3601 namus.

553 3641 805 3695 Lintenius
853 3639 1118 3705 episc0pus
1171 3636 1493 3691 l'ercellensis
1543 3635 1669 3687 dixit
1727 3649 1745 3687 :
1792 3633 2039 3687 Arianam

483 3734 779 3788 doctrinam
810 3745 951 3798 saepe
980 3743 1100 3784 esse
1146 3728 1443 3783 damnatam
1492 3724 1827 3779 manifestum
1858 3730 1966 3783 est;
1990 3731 2043 3778 et

483 3825 603 3877 ideo
632 3821 889 3875 Palladius
915 3826 1205 3873 conventus
1232 3818 1409 3889 inhac
1436 3826 1614 3869 sancta
1645 3817 1845 3885 synodo
1875 3813 2038 3881 Aqui-
2092 3872 2096 3881 ,

484 3912 689 3973 leiensi,
714 3924 817 3979 quo
840 3909 1004 3963 noluit
1032 3909 1298 3976 corrigere
1322 3907 1405 3960 vel
1428 3906 1730 3969 emendare,
1756 3905 1847 3958 sed
1877 3904 2041 3971 magis

485 4002 745 4071 probavit,
779 4001 1184 4069 depri-ltensibili
1222 4014 1280 4053 se
1308 4000 1575 4052 collutavit
1614 3998 1851 4066 perfidia,
1885 4010 2039 4065 quam

483 4107 540 4146 se
577 4092 780 4160 publice
806 4092 1070 4159 professus
1092 4101 1174 4145 est
1201 4100 1378 4144 tenere
1412 4109 1422 4143 :
1454 4091 1592 4143 hunc
1628 4090 1887 4143 sententia
1926 4103 2040 4141 mea

483 4192 534 4238 et
554 4195 653 4250 ego
682 4181 931 4250 profiteor
959 4181 1227 4235 consortio
1255 4180 1567 4234 sacerdotali
1600 4195 1719 4233 esse
1751 4180 2036 4244 privatum.

556 4270 870 4323 Maximinus
910 4273 1169 4339 episcopus
1202 4269 1495 4323 Emonensis
1522 4272 1649 4323 dixit
1678 4286 1695 4322 :
1730 4270 2037 4335 Palladium,

483 4365 568 4434 qui
609 4364 961 4429 blaSphetnias
991 4364 1099 4416 Arii
1145 4377 1240 4418 nec
1271 4363 1522 4417 damnare
1548 4362 1730 4428 voluit,
1760 4362 1851 4416 sed
1878 4363 2042 4431 magis

484 4457 596 4522 ipse
639 4453 914 4509 confessus
962 4462 1061 4517 est,
1104 4454 1242 4521 juste
1269 4468 1328 4507 ac
1357 4453 1543 4507 merito
1585 4467 1701 4506 esse
1734 4454 2035 4507 damnatum

2210 3278 2471 3331 Amantius
2497 3278 2756 3348 episeOpus
2788 3276 3020 3331 Nicensis
3056 3270 3197 3331 ‘disit
3225 3294 3245 3333 :
3269 3276 3570 3337 Palladium,
3591 3274 3665 3344 qui

2141 3375 2339 3421 sectam
2370 3366 2483 3421 Arii
2508 3381 2610 3421 non
2634 3365 2919 3428 destruxit,
2942 3365 3230 3420 secundum
3258 3364 3667 3421 consacerdotum

2142 3470 2377 3509 meorum
2399 3454 2675 3524 judicium,
2699 3457 2853 3510 etiam
2872 3463 2925 3509 et
2944 3468 3042 3524 ego
3063 3454 3383 3510 condemno.

2208 3544 2490 3598 Januarius
2520 3547 2779 3615 episcopus
2817 3546 2943 3599 dixit
2966 3528 3162 3600 E'Sicut
3205 3560 3395 3601 omnes
3416 3558 3669 3601 consacer-

2143 3636 2293 3691 dotes
2336 3638 2436 3692 mei
2462 3636 2843 3695 damnaverunt
2882 3638 3192 3701 Palladium.
3216 3639 3291 3694 ita
3338 3650 3391 3694 et
3439 3654 3533 3709 ego
3575 3637 3667 3707 pari

2136 3728 2334 3797 judicio
2361 3745 2479 3784 eum
2509 3745 2701 3785 censeo
2728 3746 2845 3786 esse
2875 3731 3249 3786 damnandum.

2214 3820 2371 3893 504
2402 3821 2463 3874 Et
2491 3838 2602 3874 cum
2629 3821 2974 3876 Secundianus
3017 3823 3363 3892 subripuisset,
3405 3823 3668 3875 Ambrosius

2142 3917 2403 3984 episcopus
2459 3915 2583 3968 dixit
2629 3930 2647 3967 :
2698 3914 2935 3978 Audisti,
2977 3914 3344 3979 Secundiane,
3402 3912 3669 3982 cujusmodl

2142 4008 2409 4063 Palladius
2472 4008 2664 4082 impius
2713 4006 3065 4071 sententiam,
3110 4005 3427 4060 sacerdotali
3471 4004 3669 4059 concilio

2142 4104 2439 4165 damnatus,
2472 4099 2757 4168 exceperit.
2790 4098 2930 4152 Licet
2960 4096 3291 4166 dieplicuerit
3330 4100 3501 4164 nobis,
3548 4096 3667 4166 quod

2144 4194 2276 4262 ejus,
2308 4193 2405 4246 hoc
2429 4201 2505 4247 est
2528 4190 2744 4245 Palladii
2768 4204 2870 4244 non
2897 4188 3165 4243 horrueris
3189 4191 3495 4253 amentiam,
3516 4198 3668 4241 tamen

2144 4284 2209 4338 de
2231 4290 2298 4337 ’te
2338 4283 2509 4350 aliqua
2563 4280 2862 4348 specialiter
2903 4291 3104 4347 quaero,
3136 4286 3309 4331 utrum
3364 4277 3461 4331 Dei
3505 4276 3669 4330 Filium

2145 4374 2421 4427 Dominum
2464 4384 2696 4425 nostrum
2725 4370 2899 4425 Jesum
2944 4370 3230 4435 Christum,
3266 4369 3346 4423 vel
3379 4386 3481 4424 non
3512 4379 3665 4422 verum

2150 4465 2308 4518 Deum
2339 4464 2503 4517 dicas.

484 4560 539 4605 et
570 4552 703 4605 Deus
744 4551 907 4611 novit,
956 4558 1009 4602 ct
1044 4550 1275 4603 fidelium
1304 4548 1623 4602 conscientia
1653 4546 2041 4601 condemnavit.
2072 4523 2122 4581 Ῐ)
2219 4553 2569 4607 δρειιηᾶἱαηιω
2607 4552 2731 4605 dixit
2775 4566 2795 4605 :
2831 4549 2929 4615 Qui
2976 4558 3129 4616 negat
3174 4548 3452 4601 Dominum
3512 4559 3669 4599 verum

559 4639 951 4710 Exsuperantius
1000 4640 1260 4707 episcopus
1292 4637 1616 4689 Dertonansis
1659 4636 1786 4688 dixit
1817 4652 1834 4688 .'
1864 4637 2039 4689 Palla-

486 4732 652 4795 dium,
683 4730 769 4798 qui
792 4738 989 4783 sectam
1016 4730 1121 4781 Arii
1163 4729 1242 4783 vel
1284 4728 1397 4793 ejus
1448 4726 1740 4779 doctrinam
1792 4724 2044 4779 damnare

486 4822 677 4887 noluit,
702 4821 790 4873 sed
835 4820 1086 4882 defendit,
1119 4827 1173 4872 ut
1195 4818 1368 4871 caeleri
1396 4826 1670 4871 consortes
1704 4816 1808 4870 mei
1828 4816 2045 4871 damna-

486 4923 697 4975 vcmnt,
729 4913 883 4977 etiam
907 4921 961 4964 et
989 4925 1087 4978 ego
1108 4910 1419 4963 condemno.

558 5002 711 5074 503
741 5001 1013 5053 Bassianus
1039 5002 1300 5066 episcopus
1328 4999 1603 5053 Laudeusis
1632 4998 1759 5049 dixit
1784 5013 1802 5050 :
1825 4996 2032 5061 Audivi,

484 5096 623 5147 sicut
667 5102 718 5146 et
762 5090 939 5145 creteri
987 5089 1389 5144 consacerdotes
1429 5090 1548 5151 mei,
1582 5088 1873 5155 impietatcs
1900 5088 2033 5149 Arii,

487 5199 615 5251 quas
667 5181 932 5235 Palladius
981 5194 1082 5233 non
1136 5180 1304 5233 solum
1360 5194 1463 5232 non
1506 5176 1897 5241 condemnavit,
1943 5176 2037 5230 sed

487 5270 836 5325 confirmavit.
878 5270 971 5323 llic
1005 5273 1282 5323 anathema
1332 5267 1403 5323 sit
1442 5276 1495 5323 et
1534 5267 1833 5321 sacerdotio
1864 5267 2038 5335 priva-

487 5362 649 5416 bitur.
1235 5355 1241 5363 ’

561 5473 811 5525 Pliilaster
860 5472 1122 5539 episwpus
1160 5460 1435 5523 Brixiduus
1484 5472 1611 5524 dixit
1640 5485 1657 5523 :
1686 5470 2043 5537 Dlaspltemias

488 5572 541 5616 et
562 5562 886 5627 iniquitatem
914 5560 1154 5627 Palladii,
1179 5560 1265 5628 qui
1292 5560 1534 5613 Arianain
1562 5561 1851 5613 doctrinam
1876 5562 2045 5627 sequi-

490 5661 576 5705 tur
605 5662 653 5703 et
689 5636 943 5712 defendit,
978 5665 1078 5703 una
1108 5666 1225 5705 cum
1259 5651 1503 5705 omnibus
1533 5668 1626 5720 ego
1671 5651 2040 5707 condetunavi.

558 5738 872 5795 Constantius
891 5742 1153 5810 episCOpus
1176 5741 1510 5797 Sisciancnsis
1533 5742 1657 5796 dixit
1688 5759 1703 5795 :
1731 5742 2042 5812 Palladium,

2149 4662 2267 4702 esse
2294 4646 2500 4699 Patrem
2532 4643 2735 4697 Domini
2780 4654 2829 4696 et
2857 4641 2948 4695 Dei
2995 4639 3157 4693 nostri
3188 4638 3313 4693 Jesu
3337 4637 3555 4701 Christl,
3583 4650 3668 4689 non

2149 4743 2231 4789 est
2274 4735 2619 4797 Christianus,
2678 4746 2775 4786 nec
2824 4730 2910 4799 qui
2970 4738 3120 4798 negat
3174 4728 3362 4781 Filium
3413 4726 3671 4780 Dominum

2152 4840 2351 4879 verum.

2218 4913 2502 4967 Ambrosius
2522 4913 2782 4983 episcopus
2803 4910 2926 4964 dixit
2950 4924 2969 4961 :
2998 4908 3159 4961 Deum
3187 4920 3368 4962 verum
3393 4904 3485 4960 Dei
3508 4903 3672 4957 Filium

2142 5004 2444 5060 confiteris?

2215 5094 2559 5148 Secundianus
2588 5093 2711 5147 dixit
2743 5109 2759 5145 :
2791 5090 2977 5144 Verum
3006 5089 3096 5144 Dei
3122 5087 3333 5151 Filium,
3366 5088 3671 5157 unigenitum

2146 5183 2236 5239 Dei
2268 5183 2453 5237 Filium
2481 5198 2662 5237 verum
2686 5182 2821 5236 dico.

2217 5274 2508 5328 Ambrosius
2536 5273 2811 5340 episwpus'
2841 5270 2966 5325 dixit
2992 5286 3009 5322 :
3038 5268 3229 5321 Verum
3264 5267 3429 5320 Deum
3459 5261 3623 5319 dicis!

2219 5363 2567 5417 Secundianus
2592 5361 2714 5415 dixit
2741 5378 2758 5415 :
2791 5362 2981 5415 Verum
3010 5359 3330 5429 unigenitum
3356 5357 3549 5411 Filium
3576 5353 3676 5422 quis

2146 5461 2299 5525 negat
2324 5468 2504 5505 verum
2535 5451 2728 5505 Filium
2758 5450 2899 5519 De”,

2220 5560 2463 5615 Eusebius
2487 5563 2745 5631 episcopus
2771 5562 2898 5613 dixit
2931 5577 2947 5613 :
2976 5560 3086 5612 Non
3116 5558 3313 5611 sufticit
3341 5558 3484 5627 quod
3511 5556 3677 5613 Filia.

2149 5652 2239 5707 Dei
2299 5653 2620 5721 unigenitum
2671 5653 2934 5705 confiteris
2964 5667 2978 5712 ;
3011 5666 3127 5702 nam
3160 5648 3260 5700 hoc
3304 5664 3495 5703 omnes
3536 5644 3683 5699 αοε-

2148 5753 2321 5799 tentur
2336 5742 2467 5809 ;.sed
2524 5741 2623 5799 hoc
2671 5752 2842 5797 movct
2880 5740 3018 5807 quod
3060 5739 3214 5795 Arius
3248 5738 3389 5795 dixit
3425 5736 3681 5793 Dominum
