3862 6222
63 271 163 324 με)

1033 261 1294 317 CONTRA
1339 254 1719 315 l’ALLADlUM
1761 253 2062 309 ARIANUM
2104 251 2230 309 LIB.
2279 251 2338 305 ll.

3189 252 3291 306 450

59 386 230 439 solum
286 383 532 445 Patrem,
579 381 744 434 solum
792 387 994 438 verum,
1038 373 1248 442 negavit
1298 371 1488 426 Filium
1539 367 1634 422 Dei
1662 366 1709 427 Δ
1736 365 1957 435 adjecit:
1987 363 2062 418 Ne
2084 363 2206 432 quid
2237 363 2307 416 illi
2335 335 2571 416 videatur
2596 373 2714 415 esse
2735 359 3038 430 subreptum
3059 404 3073 429 ,
3097 363 3295 417 conﬁr-

61 476 350 527 Dominum
387 488 598 527 verum.
628 466 943 536 Simpliciter
975 465 1162 521 Filium
1214 463 1301 517 Dei
1350 463 1513 517 Deum
1543 478 1634 519 ve-

64 585 175 622 rum
199 566 533 621 conﬁteris?

130 657 510 709 Secundianus
535 653 666 722 dixit
693 651 828 718 :Qui
879 648 1036 704 fuerit
1065 646 1220 702 Arius
1260 645 1464 713 ignoro,
1514 644 1639 713 quid

65 748 262 801 dixerit
292 745 493 799 nescio
528 733 548 797 5:
591 756 794 798 mecum
850 737 1081 809 loqueris
1126 735 1276 790 vivus
1328 734 1394 788 ad
1442 735 1637 788 vivum.

66 838 192 891 illud
249 836 404 890 dico.
433 835 572 905 quod
597 831 839 888 Christus
866 831 996 884 dixit
1024 848 1035 880 :
1078 827 1408 896 Unigenitum
1450 827 1638 880 Filium

69 943 120 981 se
147 926 351 979 asserit
396 925 589 992 Patris,
639 921 802 976 Filius
856 918 1154 988 unigenitus
1195 932 1207 968 :
1243 915 1380 970 Deus
1420 922 1502 969 est
1547 913 1640 968 Dei

69 1015 232 1069 Filius
256 1028 454 1066 verus.
503 1029 506 1031 ·

133 1105 449 1160 Ambrosius
497 1104 756 1173 epitcOpus
787 1101 915 1155 dixit
941 1116 959 1154 :
984 1100 1122 1155 Deus
1170 1102 1324 1153 verus
1355 1108 1464 1165 est,
1486 1113 1642 1153 verus

73 1196 204 1248 Deus
237 1192 422 1246 Filius
443 1193 611 1246 Deus.
659 1191 723 1244 Et
762 1189 1000 1244 addidit:
1036 1188 1088 1242 In
1123 1189 1408 1256 Scripturis
1450 1188 1647 1242 divinis

69 1283 329 1350 scriptum
359 1288 472 1345 est,
504 1299 520 1332 ι
541 1280 657 1348 quia
683 1280 768 1348 qui
776 1282 955 1350 jurant
983 1295 1133 1347 super
1176 1288 1375 1343 terram,
1394 1280 1645 1350 juraimnt

73 1374 233 1426 Deum
259 1388 449 1425 verum
471 1370 620 1441 (Isdi.
643 1386 770 1436 va,
794 1369 938 1439 16).»
968 1369 1115 1434 Quod
1142 1369 1318 1435 utique
1346 1369 1412 1424 de
1436 1368 1643 1423 Christo

72 1477 184 1516 esse
210 1475 321 1515 non
356 1460 584 1516 dubium
612 1469 712 1514 est.
741 1459 844 1512 Nos
880 1471 1006 1527 ergo
1034 1472 1213 1512 verum
1241 1458 1402 1512 Deum
1435 1456 1643 1526 proﬁte-

74 1567 204 1614 mur,
227 1560 284 1606 et
318 1552 466 1606 ﬁdes
515 1560 692 1604 nostra
733 1549 842 1602 haec
873 1557 953 1602 est
981 1558 1030 1602 et
1060 1547 1336 1617 professio,
1370 1548 1490 1615 quia
1527 1547 1645 1601 uni—

73 1643 279 1709 genitus
309 1639 703 1704 Patrisi‘ilius,
731 1625 832 1693 hoc
859 1647 942 1693 est
983 1652 1138 1692 verus
1174 1639 1329 1694 Deus.
1355 1639 1453 1694 Dic
1489 1647 1542 1695 et
1591 1648 1644 1695 tu

79 1734 138 1788 de
164 1732 275 1786 Deo
301 1745 468 1795 vero,
497 1730 590 1784 Dei
630 1728 815 1783 Filium
853 1728 1014 1782 Deum
1054 1735 1255 1783 Verum.

142 1823 514 1878 Secundianus
538 1822 668 1876 dixit
699 1836 717 1874 :
743 1821 814 1875 De
839 1821 946 1874 Deo
970 1834 1116 1875 vero.

127 1905 456 1967 Ambrosius
487 1912 745 1981 episcopus
776 1910 944 1964 dixit:
982 1909 1142 1964 Filius
1180 1909 1272 1965 Dei
1312 1909 1453 1966 Deus
1491 1923 1648 1967 verus

81 2003 189 2057 est?
1006 2041 1008 2043 ›

148 2094 519 2149 Secundianus
547 2091 673 2144 dixit
706 2105 723 2144 :
756 2089 891 2160 Ergo
916 2089 1156 2144 mendax.

147 2187 453 2239 Ambrosius
478 2169 743 2252 episcopus
773 2182 901 2234 dixit
933 2197 950 2234 :
987 2181 1038 2234 ln
1084 2181 1182 2234 hoc
1226 2177 1460 2234 fraudem
1497 2178 1647 2245 facis,

88 2285 141 2328 ut
161 2291 267 2330 non
295 2275 476 2330 Deum
504 2289 686 2328 verum
710 2272 875 2332 dicas,
904 2270 995 2325 sed
1022 2271 1186 2325 Deum
1211 2269 1559 2338 unigenitum,
1588 2283 1649 2324 ac

93 2380 179 2432 per
201 2365 302 2418 hoc
334 2365 430 2420 dic
454 2363 764 2433 simpliciter
791 2383 803 2418 :
829 2360 1134 2431 Unigenitus
1171 2361 1266 2416 Dei
1305 2361 1466 2416 Filius
1510 2360 1650 2415 Deus

92 2469 262 2507 verus.

158 2554 525 2617 Secundianus
566 2562 694 2616 dixit
721 2576 737 2614 :
762 2560 1104 2630 Un’igenitum
1136 2561 1247 2615 dixi
1287 2560 1380 2616 Dei
1425 2560 1646 2616 Filium.

159 2650 408 2705 Eusebius
437 2653 702 2720 episcopus
730 2651 856 2724 dixit
888 2666 906 2704 :
931 2651 1038 2706 lloc
1067 2651 1319 2708 Photinus
1341 2669 1445 2709 non
1472 2661 1646 2723 negat,

102 2741 191 2794 hoc
216 2740 484 2796 Sabellius
519 2741 817 2795 conﬁtetur.

163 2832 317 2902 505
354 2832 651 2905 Ambrosius
678 2831 938 2900 episcopus
977 2831 1143 2902 dixit:
1175 2831 1238 2885 Et
1277 2832 1364 2901 qui
1404 2832 1505 2887 hoc
1542 2845 1648 2887 non

104 2920 392 2986 conﬁtetur,
423 2922 548 2991 jure
583 2921 883 2977 damnatur.
916 2922 987 2976 Ac
1016 2922 1109 2986 per
1134 2925 1232 2977 hoc
1257 2938 1397 2992 saepe
1427 2935 1478 2979 te
1516 2939 1646 2980 con-

103 3008 263 3072 venio,
283 3010 719 3066 iicetcavillando
736 3011 1007 3080 negaveris
1021 3012 1316 3066 veritatem.
1338 3013 1452 3067 Non
1468 3029 1647 3084 qutero

109 3106 158 3149 ut
178 3099 541 3152 tantummodo
562 3098 882 3168 unigenitum
908 3097 1020 3165 Dei,
1045 3099 1230 3154 Filium
1252 3100 1343 3156 Dei
1367 3103 1530 3171 dicas,
1555 3103 1647 3160 sed
1677 3095 1721 3158 C

111 3186 254 3239 etiam
283 3187 456 3241 Deum
481 3201 688 3241 verum.

175 3273 528 3340 Secundianm
556 3275 725 3329 dixit:
747 3275 994 3331 Veritatis
1021 3291 1105 3332 me
1133 3271 1342 3332 servium
1376 3280 1646 3348 proﬁteor.

113 3363 229 3429 Quas
250 3366 369 3421 dico
401 3380 512 3420 non
554 3366 881 3435 scribuntur,
908 3376 961 3421 et
999 3381 1114 3436 quae
1151 3367 1281 3423 dicis
1330 3370 1653 3427 scribuntur.

115 3453 361 3508 Christum
393 3469 584 3510 verum
601 3455 701 3510 .Dei
732 3454 922 3509 Filium
951 3455 1088 3511 dico.
1111 3455 1238 3526 Quis
1268 3467 1424 3527 negat
1462 3458 1651 3515 Filium

119 3543 197 3598 Dei
218 3560 396 3601 verum
422 3548 584 3602 esse?
1642 3602 1646 3605 .

179 3636 464 3692 Ambrosius
481 3639 740 3710 episcopus
757 3639 911 3716 dixit:
929 3640 1023 3708 Qui
1047 3651 1200 3711 negat
1218 3643 1541 3714 unigenitum
1567 3646 1659 3701 Dei

123 3726 312 3793 Filium,
339 3733 625 3786 anathema
660 3718 766 3786 sit.

185 3814 535 3871 Secundinus
571 3819 745 3872 dixit:
775 3820 936 3875 Deum
981 3835 1160 3876 verum
1197 3823 1523 3891 unigenitum
1566 3827 1656 3883 Fi-

125 3901 234 3956 lium
260 3903 386 3960 Dei?
426 3906 567 3972 Quid
597 3907 726 3962 mihi
765 3909 1046 3978 proﬁteris,
1089 3910 1226 3980 quod
1271 3926 1375 3966 non
1409 3922 1492 3968 est
1528 3915 1661 3970 scri-

125 4001 252 4058 ptum
265 3998 287 4047 ἲ

187 4082 469 4140 Ambrosius
515 4086 779 4154 episcopus
822 4088 1000 4144 dixit:
1026 4088 1279 4159 Apertum
1325 4095 1657 4166 sacrilegium

128 4179 215 4235 est,
235 4177 441 4242 quando
461 4173 732 4232 Cbristu
765 4169 1074 4235 Dei'l-‘iiium
1104 4183 1263 4238 Arius
1293 4183 1453 4241 Deum
1481 4204 1662 4244 verum

135 4265 345 4329 negavit.

194 4354 540 4435 Secundinus
584 4362 713 4417 dixit
747 4377 768 4418 :
803 4364 983 4420 JeSum
1025 4366 1286 4423 Christum
1337 4370 1533 4433 Filium,
1572 4374 1666 4430 Dei

137 4441 315 4519 Deum,
343 4455 432 4522 qui
460 4454 705 4511 Christus
731 4455 936 4512 dicatur
962 4458 1126 4522 Filius
1154 4476 1329 4529 verus,
1358 4464 1545 4520 Filium
1572 4469 1660 4524 Dei
1693 4449 1745 4508 D

138 4530 258 4590 dico.

1739 462 1847 508 met
1873 453 2184 526 sententiam
2219 465 2389 506 suam.
2432 450 2580 504 Dicat
2611 465 2736 520 ergo
2771 450 3096 520 unigenitum
3136 451 3291 506 Clui—

1739 553 1876 596 stum
1895 583 1908 606 ,
1935 527 2029 595 Dei
2051 540 2239 594 Filium
2261 582 2275 603 ,
2301 538 2464 593 Deum
2497 553 2701 592 verum.

1810 629 2162 684 Secundianus
2188 627 2350 680 dixit:
2376 625 2487 681 Jam
2516 625 2640 682 dixi.
2666 625 2798 693 Quid
2827 627 2951 682 mihi
2976 615 3289 697 extorquere

1741 718 1821 772 vis
1847 716 2105 785 amplius?
2231 759 2235 762 .
2637 725 2640 728 ’

1812 810 2104 866 Ambrosius,
2138 808 2396 879 episcopus
2441 806 2607 861 dixit:
2635 805 2768 874 Quid
2798 806 3012 862 dixisti?
3043 808 3197 862 Certe
3241 808 3286 861 si

1742 903 1965 959 dixisses
1995 910 2167 966 tanta,
2187 899 2326 969 quod
2368 898 2595 968 gloriose
2626 897 2836 966 dicitur,
2869 884 3008 968 saepe
3039 908 3285 967 repeten-

1742 993 1864 1048 dum
1890 1003 1988 1047 est.

1814 1080 2163 1135 Secundianus
2209 1079 2335 1132 dixit
2359 1095 2376 1133 :
2407 1081 2608 1136 Dictum
2637 1089 2718 1137 est
2742 1099 2753 1134 :
2792 1100 2810 1136 t
2839 1080 2918 1137 Sit
2935 1097 3093 1149 sermo
3116 1091 3292 1148 vester,

1742 1181 1811 1228 est
1833 1178 1934 1233 est;
1963 1185 2061 1221 non
2089 1185 2190 1221 non
2222 1168 2425 1237 (Matth.
2446 1186 2505 1235 π,
2531 1168 2605 1240 5).
2639 1187 2656 1220 ›

1813 1259 2104 1312 Ambrosius
2132 1259 2390 1326 episcopus
2413 1259 2578 1311 dixit:
2609 1257 2706 1323 Qui
2733 1256 2862 1314 dicit
2882 1252 3051 1326 ipsum
3085 1257 3293 1312 Patrem

1745 1348 1956 1414 Filium,
1981 1347 2268 1418 sacrilegus
2285 1355 2382 1401 est.
2411 1347 2519 1401 lloc
2543 1361 2568 1399 a
2590 1355 2641 1400 te
2663 1362 2842 1416 quaero
2865 1355 2919 1401 ut
2939 1347 3083 1403 dicas
3101 1347 3166 1403 de
3188 1348 3298 1402 Deo

1743 1451 1870 1492 vero
1893 1436 2055 1490 Deum
2082 1435 2385 1508 verum-Dei
2428 1436 2614 1489 Filium
2643 1448 2843 1491 natum.

1817 1519 2320 1584 Secundianusitixit
2340 1543 2359 1582 :
2389 1527 2574 1583 Filium
2602 1542 2630 1581 a
2664 1515 2771 1582 Deo
2799 1527 3032 1598 genitum
3065 1529 3312 1599 (dicente,

1747 1619 1884 1687 ipso,
1910 1617 2077 1673 Genui
2108 1628 2157 1674 te
2197 1618 2364 1690 [PsaL
2391 1634 2509 1690 crs,
2533 1616 2610 1689 3])
2644 1618 2838 1674 Filium
2880 1622 3211 1676 conﬁtentem
3249 1639 3306 1678 se
3414 1649 3418 1651 >

1675 1742 1722 1802 Β
1747 1708 1978 1776 genitum
2005 1721 2124 1763 esse
2148 1709 2289 1762 dico.

1820 1797 2108 1851 Ambrosius
2132 1797 2395 1868 episwpus
2421 1797 2549 1851 dixit
2569 1797 2659 1852 :'A
2686 1797 2796 1854 Deo
2821 1812 2946 1855 vero
2978 1799 3115 1855 Deus
3145 1814 3301 1856 verus

1749 1886 1869 1940 est?

1821 1974 2172 2030 Secundianus
2213 1976 2388 2031 dixit:
2430 1977 2493 2032 Et
2534 1992 2652 2034 cum
2703 1980 2906 2035 nomini
2947 1982 3104 2036 etiam
3157 1981 3306 2035 addis

1748 2074 1802 2120 et
1831 2080 2038 2134 verum,
2076 2067 2249 2134 ‘andis,
2283 2069 2454 2138 qualis
2480 2069 2534 2123 in
2574 2079 2625 2125 te
2670 2071 2801 2127 ﬁdes
2844 2073 2942 2138 sit,
2970 2083 3023 2127 et
3055 2074 3308 2129 Christia-
3366 2116 3368 2119 -

1752 2169 1852 2212 nus
1878 2156 1978 2210 es?
2968 2185 2971 2187 ·

1823 2244 2066 2300 Eusebius
2094 2245 2357 2316 episwpus
2389 2246 2556 2302 dixit:
2585 2247 2684 2315 Qui
2732 2251 2939 2320 negavit
2971 2246 3112 2308 illum
3147 2253 3309 2308 Deum

1755 2335 1976 2388 verum?
2003 2335 2158 2388 Arius
2184 2345 2238 2390 et
2282 2336 2543 2390 Palladius
2569 2339 2798 2406 negavit.
2836 2339 2912 2393 Tu
2945 2341 2986 2394 si
3032 2342 3194 2398 Deum
3214 2358 3312 2413 Ive-

1749 2442 1869 2482 rum
1894 2427 2086 2493 credis,
2115 2427 2274 2481 debes
2301 2427 2612 2497 simpliciter
2638 2429 2942 2498 designare.

1822 2518 2111 2570 Ambrosius
2140 2518 2399 2587 episcOput
2434 2519 2602 2572 dixit:
2637 2519 2694 2575 Si
2739 2535 2842 2576 non
2889 2508 3118 2577 dixeris:
3140 2524 3306 2578 Deum

1752 2620 1930 2661 verum
1959 2605 2025 2660 de
2053 2606 2162 2660 Deo
2190 2621 2317 2662 vero
2347 2615 2523 2662 natum
2551 2623 2690 2673 esse,
2712 2611 2980 2666 Christum
3009 2615 3229 2684 negasti.

1823 2693 2174 2749 Secundianus
2206 2695 2331 2753 dixit
2357 2711 2373 2748 :
2405 2697 2755 2769 Interrogatus
2784 2700 2849 2763 de
2891 2702 3039 2769 Filio,
3073 2703 3194 2757 dedi
3224 2720 3309 2760 re-

1750 2797 2002 2850 sponsum
2027 2800 2040 2837 :
2064 2783 2502 2853 quemadmodum
2525 2786 2772 2841 deberem
2825 2790 3056 2858 proﬁteri
3096 2807 3315 2862 respom

1751 2873 1824 2926 di.
1848 2872 2110 2928 Habemus
2133 2881 2360 2929 vestram
2384 2877 2765 2946 expositionem
2781 2919 2795 2945 ,
2823 2880 2981 2951 508
3000 2882 3302 2952 adoremus,

1751 2961 1975 3029 legatur.
2779 3017 2782 3019 .
3259 2973 3262 2976 ‘
3319 2961 3330 2969 ’

1822 3052 2114 3106 Ambrosius
2157 3057 2331 3109 dixit:
2373 3056 2538 3112 Hodie
2578 3057 2766 3114 παθη-ο
2803 3062 3063 3119 debueras
3095 3081 3109 3119 ε
3147 3075 3309 3121 ctete-

1753 3155 1868 3194 rum
1904 3140 2266 3219 subterfugere
2288 3146 2517 3200 conaris.
2548 3146 2938 3206 Professionem
2964 3167 2993 3206 a
3021 3169 3106 3210 me
3134 3158 3309 3226 exige,

1724 3239 1805 3302 et
1834 3231 2214 3299 professionem
2250 3245 2285 3288 a‘
2316 3245 2365 3296 te
2397 3237 2570 3307 exigo.
2612 3240 2749 3296 Deus
2785 3258 2939 3298 verus
2969 3255 3050 3301 est
3087 3247 3182 3304 Dei
3226 3249 3314 3304 Fi-

1754 3319 1894 3374 lius?
2033 3344 2038 3353 ι
2987 3329 2993 3333 ’
3149 3323 3153 3327 ’
3203 3370 3211 3380 ,

1825 3407 2174 3464 Secundianus
2200 3412 2367 3467 dixit:
2396 3413 2704 3490 Unigenitus
2724 3427 2804 3473 est
2829 3420 2968 3477 Deus
2996 3423 3088 3478 Dei
3119 3425 3304 3482 Filius.

1757 3497 1824 3552 Et
1842 3513 1940 3568 ego
1961 3500 2246 3570 interrogo,
2271 3503 2575 3572 unigenitus
2608 3505 2726 3561 est?
3096 3572 3099 3574 _

1827 3591 2114 3646 Ambrosius
2144 3595 2408 3662 episcopus
2437 3595 2608 3652 dixit:
2636 3596 2860 3653 Ratione
2889 3605 3194 3666 permoveat
3223 3618 3320 3657 nos
3355 3602 3358 3605 ’

1759 3678 2004 3747 impietas
2025 3689 2076 3733 et
2105 3680 2405 3749 insipientia
2435 3691 2540 3738 tua.
2597 3686 2726 3740 Cum
2769 3687 2901 3741 dicis
2934 3688 3099 3744 Deum
3140 3708 3322 3748 verum

1758 3770 2110 3838 unigenitum,
2145 3786 2249 3825 non
2280 3772 2444 3828 Deum
2469 3790 2651 3830 verum
2677 3778 2833 3843 dicis,
2862 3781 2956 3834 sed
2985 3797 3167 3838 verum
3198 3790 3314 3842 uni-

1759 3860 1989 3927 genitum
2017 3877 2029 3912 :
2057 3875 2119 3915 ac
2147 3874 2240 3931 per
2267 3862 2386 3928 hoc,
2418 3873 2476 3918 ut
2505 3866 2657 3920 istam
2695 3867 2900 3923 adimas
2929 3875 3273 3940 quaestionem
3299 3920 3312 3943 ,

1761 3951 1829 4005 ita
1856 3953 2134 4020 responde.
2163 3955 2234 4008 Ex
2263 3954 2373 4009 Deo
2401 3970 2524 4011 vero
2545 3956 2684 4013 Deus
2709 3971 2865 4014 verus
2892 3963 3009 4014 est?

1831 4045 2182 4100 Secundianus
2208 4047 2372 4100 dixit:
2404 4046 2541 4118 Ergo
2567 4048 2709 4105 Deus
2751 4050 2914 4105 Deum
2959 4068 3062 4108 non
3100 4057 3326 4125 genuit?

1769 4136 1904 4192 Deus
1926 4153 2081 4192 verus
2103 4139 2187 4192 ille
2208 4139 2296 4210 qui
2319 4146 2434 4204 est,
2459 4139 2594 4207 quod
2616 4149 2697 4198 est
2722 4144 2928 4212 genuit,
2956 4160 3117 4206 unum
3147 4162 3329 4204 verum

1765 4227 2088 4296 unigenitum
2123 4226 2321 4299 Filium,
2340 4229 2548 4296 genuit.
2971 4295 2977 4301 ‘
3133 4282 3139 4287 .

1835 4317 2121 4371 Ambrosius
2149 4317 2277 4370 dixit
2299 4332 2318 4371 :
2339 4316 2461 4372 Non
2487 4318 2755 4374 confiteris
2783 4320 2941 4378 Deum
2976 4335 3159 4378 verum
3177 4363 3191 4387 ,
3226 4323 3320 4377 sed

1770 4407 1848 4460 vis
1870 4406 2068 4470 dicere,
2089 4421 2271 4460 verum
2296 4405 2732 4476 unigenitum.‘Et
2751 4423 2847 4478 ego
2868 4409 3210 4481 unigenitum,
3235 4414 3328 4465 and

1773 4499 1890 4552 dico
1915 4508 1968 4551 et
1999 4499 2161 4553 Deum
2190 4513 2396 4557 verum.

1778 4590 1781 4591 '
1845 4585 2195 4663 Secundianus
2218 4587 2378 4641 dixit:
2406 4587 2513 4657 Ego
2533 4588 2650 4644 dico
2670 4587 2898 4659 genitum
2923 4604 2952 4643 a
2975 4588 3127 4650 Patre
3149 4605 3328 4656 verum

201 4646 474 4704 Ambrosius
511 4652 771 4724 episcopus
802 4654 972 4710 dixit:
1001 4657 1236 4719 Nondum
1281 4663 1570 4732 resipuisti.
1606 4667 1670 4722 Et
1775 4659 2010 4741 genitum
2038 4690 2050 4725 :
2085 4672 2205 4727 dico
2235 4646 2496 4729 omnibus.

807 4770 1126 4841 Divionensi,
1151 4791 1253 4831 uno
1276 4787 1456 4835 tenore
1476 4781 1812 4849 decurreret,
1843 4799 1936 4840 nos
1965 4795 2138 4842 tamen
2161 4797 2281 4842 octo
2301 4789 2530 4856 capitum
2562 4790 2849 4844 sectionem
2873 4805 2936 4845 ex
2964 4789 3187 4861 vulgatis
3215 4792 3333 4846 edi-

147 4823 349 4882 tionibus
379 4837 706 4891 retinuimus.

149 4919 3308 4970 Μ

1198 5014 1529 5096 LIBER
1581 5016 2222 5104 SECUNDUS.

1177 5165 1258 5208 ne
1300 5163 1479 5234 ῖωε,
1516 5167 1580 5211 IN
1628 5170 1906 5214 ransom
1953 5173 2272 5218 annuos".

1487 5277 1624 5288 -——_.

620 5372 644 5401 ³
668 5362 886 5422 CAPUT
923 5367 1200 5428 PRIMUM.

213 5500 480 5564 Ambrosius
520 5512 785 5581 episwpus
812 5515 940 5569 dixit
966 5533 981 5569 :
1012 5518 1196 5574 Multas
1223 5522 1434 5590 quidem
1480 5533 1534 5579 et
1563 5541 1684 5596 gra-

1628 5280 1956 5296 Ἥ

1739 5400 1741 5402 ,
1787 5343 1868 5409 (Il
1902 5343 2035 5398 Tim.
2059 5359 2129 5408 ιι,
2160 5343 2268 5413 l7).
2296 5343 2399 5399 Sed
2426 5345 2562 5400 vinci
2595 5345 2666 5401 illi
2692 5347 2775 5401 vel
2804 5345 2955 5401 facile
2981 5357 3218 5417 possunt,
3245 5354 3326 5406 vel

1783 5433 1934 5486 facile
1964 5433 2149 5498 vitari,
2182 5450 2402 5504 quorum
2435 5437 2602 5504 prima
2632 5439 2988 5507 propositione
3017 5455 3172 5496 omne
3211 5458 3334 5496 cnn-

1784 5522 1958 5576 silium
2005 5525 2233 5590 pectoris
2273 5525 2534 5593 proditur.
2575 5528 2640 5579 At
2682 5540 2806 5579 vero
2846 5526 2898 5580 lti
2942 5529 3127 5596 quibus
3177 5532 3332 5601 507

161 5604 238 5688 ves
259 5597 470 5659 haereses
514 5605 754 5658 novimus
789 5620 817 5659 a
850 5608 1090 5675 plurimis
1128 5613 1369 5680 ebullire,
1410 5625 1464 5671 et
1495 5620 1690 5674 veneni
1787 5618 1946 5670 multa
1974 5617 2246 5672 nobiscum
2279 5619 2423 5686 paria
2462 5628 2612 5687 sunt,
2645 5618 2796 5674 facile
2833 5612 3051 5688 possunt
3095 5621 3341 5678 innoxiae

162 5683 256 5741 vice
279 5692 338 5747 ad
364 5696 602 5751 intimum
634 5705 815 5766 pectus
849 5701 1087 5757 canceris
1117 5703 1196 5758 sui
1225 5705 1366 5761 virus
1398 5698 1680 5769 infundere
1790 5717 1992 5764 mentes
2028 5719 2082 5763 et
2123 5710 2222 5766 soli
2283 5710 2394 5767 Deo
2435 5710 2637 5768 deditas
2663 5754 2676 5779 ,
2716 5711 3048 5768 fraudulenta
3086 5715 3340 5774 societate
