3862 6222
26 206 124 261 ιε’»

1001 205 1266 299 CONTRA
1305 204 1689 263 PALLADIUM
1730 208 2037 268 AMANle
2080 212 2203 267 LIB.
2249 213 2310 274 ll.

3154 213 3254 267 43.5

24 328 78 371 ut
104 318 319 373 initium
360 320 538 390 possis
572 317 859 389 sapientiast
883 317 1053 388 ipsius
1089 318 1442 389 consignare?
1484 320 1595 373 Non
1626 325 1665 382 Α
1702 322 1853 377 taris.
1885 323 1949 378 Et
1984 339 2285 393 quanquam
2332 338 2434 378 non
2476 325 2841 380 immutaveris
2884 324 3114 393 dictum,
3153 300 3261 396 quo

25 409 165 462 enim
194 411 270 464 ita
300 409 445 465 Deus
481 410 789 479 saplentlam
829 425 979 469 suam
1014 398 1283 479 condidit,
1316 414 1465 481 quasi
1505 406 1600 467 tili‘

27 505 243 571 quando
267 507 388 561 sine
406 491 667 576 sapientia
688 506 861 561 fuerit.
887 506 991 564 Sed
1016 522 1137 565 cum
1165 508 1372 566 initium
1394 510 1599 565 viarum

29 611 251 651 suarum
293 598 465 672 dicat,
498 596 704 652 initium
746 604 921 653 motus
945 600 1122 669 operis
1160 598 1383 670 alicujus
1423 608 1602 655 osten-

31 686 132 750 dit,
159 688 329 757 διο
352 696 408 742 ut
436 687 536 742 hoc
561 688 768 742 initium
801 688 985 743 habeat
1012 690 1276 759 sapientia
1308 690 1431 759 Dei,
1451 692 1602 761 quod

33 776 95 828 de
134 775 253 829 Deo
284 776 550 845 processit
586 776 651 831 ad
689 777 961 835 condenda
992 780 1189 845 omnia,
1220 789 1324 835 tam
1363 782 1599 840 caelestia

32 878 187 926 quam
214 871 436 919 terrena
456 905 470 930 ,
500 880 606 920 non
636 881 741 933 quo
765 866 987 935 coeperit
1013 881 1132 933 esse
1162 868 1214 923 in
1249 869 1377 924 Deo.
1408 867 1603 926 Creata

37 963 113 1008 est
138 968 276 1024 ergo
311 955 602 1023 sapientia,
635 955 739 1008 imo
766 956 976 1025 genita,
1009 970 1116 1012 non
1159 956 1257 1011 sibi
1303 973 1422 1027 qua:
1459 973 1602 1015 sem-

38 1059 127 1112 per
151 1054 307 1108 erat,
341 1044 437 1097 sed
468 1042 549 1098 bis
574 1059 693 1113 qute
727 1045 793 1099 ab
820 1059 880 1099 ea
914 1044 1025 1099 ﬁeri
1056 1046 1364 1114 oportebat;
1396 1053 1458 1101 ut
1485 1048 1604 1117 quia

42 1142 236 1200 (piant:
266 1142 320 1185 et
348 1133 519 1202 qualis
548 1142 689 1188 esset
729 1133 850 1187 sciri
896 1148 1001 1189 non
1046 1144 1279 1204 poterat,
1304 1136 1372 1191 de
1416 1135 1605 1193 cﬁ‘ectu

44 1238 265 1291 operum
307 1239 523 1277 suorum
548 1225 715 1277 virtus
755 1214 873 1293 eius
914 1233 968 1279 et
987 1226 1225 1293 potentia
1270 1236 1603 1293 nosceretur,

44 1322 97 1365 ut
145 1312 277 1366 dum
315 1313 643 1367 conditorem
692 1312 756 1365 de
800 1313 1027 1367 conditis
1076 1314 1433 1381 aestimamus,
1481 1324 1605 1372 tunc

46 1402 211 1470 magis
238 1403 523 1456 timeamus
546 1416 662 1455 cum
695 1400 827 1455 facta
858 1401 1131 1456 miramur.
1164 1403 1427 1459 Caeterum
1458 1392 1503 1460 Si
1551 1415 1603 1459 tu

47 1490 117 1542 ita
154 1500 394 1545 creatam
437 1489 746 1557 sapientiam
777 1482 941 1555 dicas,
970 1499 1028 1545 ut
1057 1491 1246 1546 Filium
1279 1492 1370 1546 Dei
1401 1505 1609 1550 creatu—

52 1594 161 1633 ram
194 1579 490 1649 intelligas,
522 1579 757 1635 occurrit
796 1579 888 1660 tibi
918 1577 1220 1649 Apostolus,
1251 1564 1609 1639 condemnans

1701 412 1902 480 putaris
1930 412 2283 481 prohibuisse,
2306 412 2403 467 Dei
2434 412 2622 467 Filium
2654 414 2947 483 nuncupari
2971 414 3258 480 facturam;

1702 501 1794 556 sed
1820 516 1940 555 cum
1966 500 2261 571 subjungis,
2288 500 2454 557 Sicuti
2480 502 2673 572 aliquid
2698 502 2879 556 horum
2900 503 3038 573 quod
3067 502 3261 569 factum

1701 604 1798 658 est,
1821 609 1884 650 ex
1912 603 2094 663 aperto
2125 594 2359 649 emendis
2386 608 2491 649 non
2517 594 2586 648 ob
2610 593 2712 647 hoc
2742 594 2996 647 iacturam
3026 592 3129 648 dici
3161 606 3257 644 no-

1701 683 1899 750 luisse,
1926 683 2074 753 quasi
2098 698 2201 737 non
2232 683 2420 738 debeat
2447 683 2616 738 lactus
2650 681 2897 751 intelligi;
2931 684 3025 736 sed
3054 697 3158 736 non
3190 682 3259 734 ita

1704 772 1895 837 factum
1918 774 2017 837 vis,
2042 774 2178 831 sicut
2196 773 2393 842 aliquid
2420 774 2606 829 horum
2635 775 2776 844 quod
2803 773 2998 829 factum
3028 782 3139 842 est,
3167 772 3261 826 sed

1707 852 1897 921 tamen
1929 864 2143 931 laetum.
2191 867 2357 922 Aliter
2402 866 2545 921 enim
2585 867 2719 921 dicis
2765 866 2997 931 factum,
3039 874 3099 919 ut
3136 874 3261 932 pote

1706 946 1999 1024 perfectam
2028 946 2356 1019 creaturam,
2391 969 2485 1024 per
2518 949 2675 1023 quem
2719 954 2854 1009 facta
2894 963 3017 1009 sunt
3050 953 3265 1016 omnia;

1712 1045 1997 1100 dummodo
2018 1054 2072 1100 et
2100 1046 2271 1115 ipsum
2296 1045 2488 1102 factum
2519 1045 2800 1117 intelligas,
2825 1047 2948 1101 licet
2975 1062 3081 1102 non
3110 1047 3178 1099 ita
3206 1051 3264 1098 ut

1708 1142 1919 1187 caetera.
1948 1134 2052 1188 Sed
2082 1141 2139 1193 ut
2176 1128 2239 1191 ad
2270 1133 2324 1190 id
2353 1143 2607 1199 revertar,
2647 1134 2788 1205 quod
2830 1136 2994 1200 dicis,
3027 1137 3077 1190 in
3121 1135 3266 1188 Scri-

1709 1220 1878 1289 pluris
1918 1219 2396 1293 divinis‘épodcnav,
2431 1222 2481 1276 id
2509 1233 2593 1278 est
2634 1223 2788 1277 unius
2827 1224 3136 1293 substantiae
3170 1236 3263 1276 vo-

1711 1312 1949 1365 cabulum
1980 1327 2084 1366 nou
2114 1313 2363 1379 inveniri,
2394 1313 2531 1383 ﬁnge
2566 1315 2667 1369 hoc
2701 1316 2909 1370 interim
2946 1317 3026 1371 sic
3070 1316 3168 1379 sit;
3201 1328 3267 1370 eo

1710 1401 1849 1471 quod
1875 1402 2170 1473 ubicunque
2194 1404 2483 1459 substantia
2513 1404 2721 1475 legitur,
2750 1421 2834 1461 res
2863 1408 2957 1461 Dei
2987 1424 3088 1461 non
3124 1409 3267 1461 Deus

1710 1492 2023 1562 accipiatur;
2064 1493 2188 1563 quid
2218 1494 2357 1563 quod
2399 1501 2454 1548 et
2497 1495 2637 1549 aliud
2670 1478 2827 1564 quod
2868 1496 3123 1564 scriptum
3169 1509 3274 1548 non

1711 1590 1819 1644 est,
1850 1581 2043 1649 pariter
2071 1583 2353 1650 proﬁteris,
2385 1582 2435 1636 id
2464 1591 2546 1635 est
2576 1583 2737 1636 Deum
2766 1598 2829 1637 ex
2858 1583 2985 1646 Deo,
3009 1592 3062 1637 et
3095 1584 3274 1637 lumen

52 1684 141 1724 eos
161 1671 254 1739 qui
280 1678 577 1726 creaturam
607 1671 814 1735 colunt,
846 1670 1028 1727 dicens
1052 1688 1067 1725 :
1097 1671 1314 1743 Propter
1342 1678 1480 1745 quod
1508 1684 1613 1732 tm-
1642 1672 1688 1731 Β
1715 1684 1779 1723 ex
1817 1669 2046 1726 lumine?
2071 1669 2210 1739 Quid
2230 1670 2316 1725 red
2358 1672 2471 1726 hzec
2494 1670 2667 1725 dicis?
2707 1672 2813 1725 Aut
2857 1681 3023 1726 totum
3064 1686 3271 1740 mecum

53 1757 182 1810 didit
209 1758 327 1812 illos
358 1758 492 1812 Deus
515 1760 568 1812 in
600 1759 904 1813 desiderium
923 1759 1091 1815 cordis
1117 1777 1291 1817 eorum
1317 1765 1370 1817 in
1399 1765 1610 1821 immun.

54 1847 233 1900 ditium
248 1888 263 1909 ,
286 1858 340 1901 ut
368 1849 676 1902 contumeliis
696 1849 914 1917 alliciant
941 1866 1157 1920 corpora
1180 1869 1274 1907 sua
1299 1855 1351 1913 in
1380 1858 1614 1928 semetip-

58 1940 123 1995 sis
144 1955 165 1995 :
190 1942 277 2011 qui
300 1948 726 1994 commutarerunt
762 1942 1022 1995 veritatem
1052 1942 1146 1998 Dei
1172 1944 1226 1997 in
1253 1945 1608 2015 mendacium,

59 2042 103 2083 ct
130 2032 395 2085 coluerunt
422 2040 470 2086 et
498 2032 775 2086 servierunt
800 2044 1044 2086 creatura:
1071 2034 1237 2103 potius
1276 2051 1429 2104 quam
1459 2037 1615 2093 Crea-

65 2122 188 2185 tori,
225 2123 311 2191 qui
336 2133 406 2176 est
434 2122 721 2177 benedictus
750 2120 885 2175 Deus
908 2122 961 2177 in
1003 2122 1189 2177 saecula
1218 2123 1393 2193 (Rom.
1417 2140 1465 2192 ι,
1496 2127 1614 2198 28).

66 2212 189 2268 Haec
215 2223 323 2277 est,
351 2215 598 2283 inquam,
651 2200 738 2267 illa
768 2212 1022 2280 sapientia
1049 2212 1141 2269 Dei
1173 2230 1289 2284 qua:
1313 2214 1437 2270 dicit
1462 2233 1475 2268 :
1507 2216 1617 2288 Ego

66 2322 126 2360 σοι
149 2322 237 2361 ore
258 2308 499 2361 Attissimi
518 2299 745 2375 'prodiui
762 2303 948 2373 (Eccti.
969 2320 1114 2373 xstv,
1143 2307 1219 2374 5),
1250 2307 1617 2363 universitatis

71 2399 324 2454 conditrix
349 2406 402 2454 et
424 2396 691 2463 eﬁectrix,
720 2395 772 2451 id
800 2387 1068 2463 estKFilius
1094 2397 1185 2454 Dei
1217 2411 1310 2466 per
1336 2412 1492 2466 quem
1515 2412 1623 2452 om-

70 2490 175 2555 nia,
198 2497 250 2545 et
285 2490 336 2543 in
377 2502 482 2556 quo
510 2487 724 2543 omnia:
754 2485 905 2555 quia,
940 2478 1309 2553 ut_Apostolus
1345 2484 1480 2539 dixit
1509 2503 1523 2539 :
1554 2486 1631 2539 ln'

72 2577 177 2644 ipso
203 2577 617 2631 constituta'sunt
654 2564 881 2627 universa
907 2567 959 2625 in
986 2566 1122 2626 costis
1149 2563 1473 2637 et~in“ter'ra‘,
1502 2574 1621 2627 visi-

75 2664 191 2718 bilia
222 2675 265 2719 et
292 2664 589 2728 invisibilia,
618 2664 720 2717 sive
749 2661 945 2726 throni,
976 2660 1078 2715 sive
1104 2661 1490 2726 dominationes,
1521 2661 1623 2715 sine

77 2756 294 2820 rirtntes,
331 2755 429 2809 sive
470 2753 804 2825 principatus,
844 2750 957 2823 sive
982 2748 1279 2817 potestates",
1320 2748 1488 2802 omnia
1533 2765 1623 2817 per

77 2844 265 2913 ipsum,
289 2844 403 2897 etin
426 2844 534 2912 ipso
561 2840 764 2894 condita
789 2840 933 2901 sunt,
960 2847 1007 2891 et
1034 2840 1141 2906 ipse
1167 2847 1235 2892 est
1269 2845 1384 2891 ante
1420 2840 1588 2890 omnia
1605 2879 1620 2900 ,

80 2940 121 2982 rt
150 2933 311 2984 omuie
338 2932 390 2983 in
412 2932 520 3000 ipso
540 2935 766 2982 constant
797 2926 1016 3004 (σοιοεεἒ
1039 2942 1077 2991 t,
1104 2926 1212 2994 16).
1244 2925 1377 2980 Hinc
1398 2922 1451 2980 et
1475 2925 1625 2981 Salo-

1716 1766 1858 1821 tene,
1882 1768 1971 1814 aut
2001 1752 2166 1814 totum
2188 1760 2398 1816 omitte.
2427 1759 2483 1815 Si
2511 1759 2650 1815 enim
2680 1760 2835 1815 unius
2859 1762 3167 1815 substantia:
3195 1774 3275 1817 vo-

1720 1851 1963 1905 cabulum
2003 1851 2123 1906 inde
2162 1852 2318 1905 times
2341 1851 2541 1917 dicere,
2568 1850 2690 1922 quia
2724 1852 2980 1920 scriptum
3017 1865 3120 1931 non
3163 1856 3275 1911 est;

1718 1942 1905 1997 timere
1950 1940 2233 1995 identidem
2277 1933 2442 1995 debes
2489 1940 2651 1997 Deum
2707 1932 2771 1995 ex
2815 1940 2955 2007 Deo,
3001 1948 3055 1993 et
3099 1947 3276 1991 lumen

1718 2046 1782 2086 ex
1808 2018 2004 2087 lumine
2033 2031 2285 2099 proﬁteri.
2312 2031 2416 2087 Sed
2444 2046 2543 2099 ego
2574 2030 2737 2099 probo
2769 2032 2931 2085 Deum
2960 2030 3029 2085 de
3048 2027 3188 2097 Deo,
3219 2037 3273 2082 et

1717 2110 1901 2173 lumen
1922 2108 2232 2185 de'tttlnine,
2261 2127 2313 2174 et
2342 2118 2498 2173 unius
2528 2118 2838 2173 substantiae
2877 2118 3192 2174 vacabulum
3221 2132 3271 2170 m

1718 2203 1906 2262 divinis
1934 2200 2230 2277 Scripturis‘
2252 2206 2533 2262 contineri.
2572 2203 2701 2260 Cum
2735 2207 2874 2261 enim
2918 2207 3031 2275 ipse
3062 2209 3129 2259 De
3184 2204 3273 2258 Fi-

1718 2294 1827 2352 lius
1856 2298 1942 2365 qui
1975 2298 2111 2351 Deus
2140 2307 2250 2363 est,
2288 2297 2343 2351 in
2389 2296 2674 2364 Evangelio
2714 2308 2812 2349 suo
2842 2289 2989 2349 dicat
3067 2292 3166 2366 Egr
3218 2297 3282 2344 de

1722 2385 2044 2440 Patre-exivi
2080 2384 2265 2456 (Joan.
2293 2400 2411 2449 xw,
2437 2384 2529 2453 28)
2572 2401 2583 2436 τ
2627 2384 2743 2450 jure
2780 2391 2833 2436 et
2873 2382 3065 2436 merito
3116 2382 3280 2435 Deum

1720 2474 1786 2528 de
1816 2475 1922 2529 Deo
1960 2474 2296 2543 proﬁtemur;
2320 2468 2446 2544 quia
2473 2470 2554 2527 de
2583 2470 2693 2526 Deo
2727 2472 2884 2526 Patre
2923 2472 3110 2529 Filium
3148 2471 3280 2527 Dei.

1723 2565 1885 2619 Deum
1914 2562 2095 2620 verum
2134 2566 2200 2621 de
2226 2566 2333 2641 Deo
2364 2579 2491 2621 vero
2520 2576 2697 2618 natum
2730 2579 2846 2619 esse
2888 2554 3279 2636 cognoscunus.

1727 2653 1831 2707 Sed
1861 2668 1965 2708 non
2009 2668 2073 2708 eo
2103 2668 2296 2723 genere
2337 2663 2395 2708 ut
2422 2667 2517 2706 nos
2544 2653 2613 2706 dii
2644 2667 2824 2707 sumus
2852 2655 3008 2724 512
3033 2652 3279 2723 appellati

1726 2739 1902 2811 (Psal.
1955 2757 2143 2805 Lxxxt,
2184 2742 2279 2812 6);
2337 2743 2420 2797 vel
2465 2751 2521 2797 ut
2565 2742 2771 2810 Moyses
2814 2742 3105 2797 Pharaonis
3148 2750 3282 2800 ttcus

1724 2841 1805 2886 est
1831 2832 1999 2886 dictus
2035 2832 2225 2903 (Exod.
2251 2849 2370 2898 vttt,
2398 2834 2483 2903 l);
2513 2833 2603 2888 sed
2641 2835 2761 2901 quia
2797 2850 2953 2888 w'rus
2988 2836 3154 2894 Filius
3220 2849 3287 2891 ue

1724 2940 1851 3004 vero
1885 2926 2036 2985 Patre
2064 2937 2248 2990 natus,
2281 2925 2383 2980 non
2414 2925 2579 2979 factus
2604 2936 2714 2993 est,
2742 2942 2863 2980 vere
2885 2937 2936 2981 et
2959 2928 3277 2987 conﬁdentet

82 3035 236 3075 mon:
262 3020 382 3075 Cum
402 3017 487 3085 sit,
506 3020 689 3087 inquit,
712 3033 834 3083 una,
858 3016 1027 3069 omnia
1056 3023 1232 3080 potest,
1258 3024 1307 3067 et
1333 3030 1628 3083 permanens
1658 3022 1703 3084 ο
1738 3015 1875 3069 Deus
1907 3014 1975 3069 de
2003 3014 2109 3069 Deo
2131 3014 2383 3069 dicendus
2418 3022 2518 3069 est.
2556 3015 2645 3069 Sic
2684 3023 2733 3068 et
2772 3014 2945 3068 lumen
2990 3016 3054 3069 de
3092 3017 3271 3073 luuunt

58 3114 132 3165 εἰη
149 3130 219 3177 se,
240 3116 403 3168 omnia
424 3108 728 3179 innovat,“
758 3125 845 3176 per
873 3108 1098 3161 nationes
1120 3108 1173 3160 in
1198 3108 1395 3159 animus
1420 3115 1620 3158 sanctas

86 3216 133 3253 sc
148 3205 375 3271 transfert
398 3200 552 3270 (Sep.
572 3214 667 3265 vn,
688 3198 797 3265 27);
828 3196 975 3261 Quod
1000 3196 1317 3251 conﬁrmans
1338 3194 1622 3263 Apostolus

88 3288 182 3353 ait,
211 3291 259 3343 in
300 3289 549 3344 interiore
578 3288 791 3344 homine
836 3286 1075 3341 habitare
1108 3285 1373 3340 Christum
1396 3325 1409 3348 ,
1440 3292 1496 3364 ut
1532 3298 1626 3350 per

89 3392 232 3443 quem
253 3393 278 3431 a
308 3377 562 3447 principio
594 3376 768 3429 omnia
798 3374 931 3432 facta
959 3382 1083 3430 sunt
1098 3398 1127 3437 ,ο
1143 3388 1237 3441 per
1275 3374 1447 3442 ipsum
1485 3382 1539 3426 et
1571 3374 1620 3425 in

92 3467 380 3549 ﬁuclcuncta
408 3469 676 3524 solventur
699 3464 913 3537 (Εριιρσ.
939 3479 1024 3528 tu,
1055 3464 1163 3533 16).

668 3554 893 3610 CAPUT
933 3554 1018 3609 lll.

158 3646 252 3700 Sed
289 3646 415 3701 dicis
444 3644 570 3699 mihi
601 3643 856 3714 ὃμούσιον,
901 3641 952 3696 id
998 3651 1079 3696 est
1128 3643 1280 3697 unius
1322 3640 1629 3695 substantiae

98 3750 268 3790 nomen
296 3738 360 3789 ob
393 3736 494 3788 hoc
524 3720 780 3787 nominari
810 3746 916 3785 non
944 3740 1209 3798 oportere,
1240 3731 1361 3798 quia
1395 3731 1445 3782 in
1478 3729 1625 3782 Scri-

102 3823 251 3889 pturis
274 3823 459 3877 divinis
496 3836 601 3898 non
641 3818 960 3898 continetur.
997 3820 1192 3884 Quaero
1220 3832 1272 3874 et
1306 3834 1427 3887 ego,
1463 3818 1621 3873 homo

100 3912 179 3978 qui
206 3910 297 3965 hoc
324 3911 593 3981 prohibes,
614 3909 660 3963 si
692 3908 809 3963 ideo
848 3908 1106 3972 nominari
1148 3922 1249 3962 non
1281 3908 1477 3973 debet,
1504 3908 1625 3974 quia

101 4000 331 4068 scriptum
358 4016 462 4053 non
492 3998 600 4065 est,
624 4014 688 4053 an
710 4000 828 4068 quia
858 4000 928 4053 ita
958 3999 1100 4053 credi
1126 4015 1230 4053 non
1262 4000 1449 4052 liceat?
1481 3999 1631 4063 Quod

102 4088 144 4139 si
169 4090 229 4142 ita
248 4088 565 4144 credendum
588 4096 699 4151 est,
725 4079 821 4167 cut:~
839 4104 942 4141 non
970 4089 1036 4140 ita
1062 4087 1448 4155 proﬁtendum?
1472 4087 1634 4139 Corde

104 4181 252 4243 enim,
290 4179 457 4247 inquit
498 4178 781 4252 Aposmlus
813 4218 828 4243 ,
870 4180 1093 4231 creditur
1122 4181 1189 4231 ad
1233 4180 1520 4251 justitiam,
1555 4196 1638 4231 ore

108 4267 242 4337 511
270 4276 430 4320 autent
458 4265 704 4333 confessio
746 4267 803 4334 ﬁt
840 4271 906 4319 ad
946 4268 1156 4321 salutem
1204 4268 1387 4339 (Rom.
1426 4284 1489 4335 x,
1523 4269 1632 4333 i0).

1730 3102 1891 3172 (quod
1930 3103 2183 3170 scriptum
2228 3119 2329 3157 non
2370 3103 2471 3172 est)
2508 3118 2712 3169 mecum
2750 3105 2958 3172 quidem
3006 3106 3167 3169 dicis;
3194 3120 3271 3163 sct

1730 3205 1935 3244 mecum
1984 3192 2198 3245 omnino
2229 3206 2332 3245 non
2362 3192 2540 3245 sentis.
2576 3190 2641 3243 Et
2667 3192 2787 3259 quia
2821 3193 3071 3259 sciiptum
3108 3204 3185 3245 est
3225 3192 3290 3243 de

1730 3278 1920 3333 Patre:
1954 3278 2090 3333 lleus
2121 3279 2208 3333 lux
2236 3288 2342 3345 est;
2376 3288 2427 3332 et
2456 3279 2523 3332 de
2552 3279 2682 3332 Filio
2708 3296 2720 3332 :
2755 3278 2879 3335 Erat
2909 3282 2994 3335 lux
3026 3294 3149 3333 vera
3176 3294 3287 3350 qua

1730 3370 1987 3424 illuminat
2014 3385 2221 3424 omnem
2254 3369 2515 3424 hominem
2550 3370 2844 3424 venientem
2880 3372 2927 3423 in
2963 3369 3093 3425 hunt
3128 3382 3275 3428 mun-

1730 3461 1852 3514 dum
1886 3461 1933 3531 (I
1963 3460 2118 3515 Joan.
2144 3475 2192 3527 ι,
2222 3461 2311 3529 5);
2344 3469 2430 3513 et:
2464 3460 2573 3513 Lux
2602 3462 2739 3514 lucet
2766 3460 3074 3514 intenebris
3133 3468 3179 3513 td
3207 3472 3282 3513 est

1731 3549 1969 3605 Christus
2002 3552 2055 3605 in
2091 3549 2304 3616 saeculo,
2338 3558 2389 3607 et
2421 3550 2653 3604 tenebrae
2683 3565 2799 3602 eum
2835 3564 2940 3602 non
2976 3560 3096 3603 sunt
3134 3561 3277 3603 asso-

1732 3652 1867 3695 cutm
1908 3640 2088 3713 (Joan.
2114 3658 2159 3709 ι,
2186 3640 2262 3711 9).
2303 3641 2367 3694 lii
2410 3640 2612 3695 scilicet
2653 3640 2890 3694 homines
2936 3655 3156 3708 quorum
3198 3652 3263 3694 co

1733 3729 2039 3797 ignorantiae
2066 3730 2294 3784 tenebris
2317 3731 2637 3783 obcaecatum
2670 3736 2777 3794 est,
2808 3727 3077 3782 Christum
3104 3740 3287 3783 verum

1734 3818 1926 3883 Deum,
1957 3828 2007 3874 et
2047 3834 2229 3872 verum
2278 3816 2391 3873 Dei'
2416 3802 2605 3871 Filium
2651 3832 2754 3872 non
2795 3827 3139 3885 agnoverunt.
3185 3818 3284 3872 Sed

1734 3908 1845 3972 ipse
1874 3910 1914 3961 D
1938 3911 2158 3982 uninus:
2197 3908 2300 3977 Ego
2322 3896 2466 3973 suui,‘
2492 3900 2693 3979 inquit,
2722 3908 2811 3961 lux
2845 3908 2999 3960 mund
3091 3913 3175 3976 qui
3213 3925 3293 3961 me

1735 4010 1934 4053 secutus
1962 3998 2144 4067 fuerit,
2177 4017 2274 4053 non
2316 4000 2402 4052 ibit
2442 3984 2754 4063 intenebris,
2784 4004 2865 4051 sed
2902 4001 3093 4052 habebit
3126 4001 3286 4057 luntrr

1738 4079 1849 4141 rita:
1877 4088 2047 4155 (Ιοαη.
2080 4104 2205 4152 vnt,
2237 4086 2344 4157 η).
2382 4089 2517 4157 Ergo
2546 4087 2662 4155 quia
2699 4087 2872 4141 lumen
2910 4087 3081 4151 Pater,
3113 4098 3166 4142 et
3202 4106 3289 4143 tux

1740 4177 1923 4242 Ὲιιὶιιε,
1957 4189 2096 4231 recte
2126 4180 2300 4232 lumen
2328 4177 2395 4232 de
2425 4177 2651 4231 lumine.
2668 4176 2770 4232 Sed
2800 4177 2978 4232 lumen
3003 4192 3068 4234 ex
3096 4176 3288 4236 lumine

1745 4269 1811 4321 ita
1833 4268 2208 4338 asseris,quasi
2239 4282 2267 4320 a
2292 4268 2467 4333 Patre,
2496 4267 2583 4336 qui
2614 4257 2997 4321 verumtlumen
3020 4282 3094 4320 es.
3159 4268 3299 4322 aliud

107 4356 193 4405 Aut
213 4357 251 4408 si
282 4354 394 4409 ideo
428 4354 802 4408 nominandum
836 4371 938 4409 non
967 4365 1074 4419 est,
1108 4358 1229 4425 quia
1270 4371 1369 4410 nec
1401 4359 1469 4410 ita
1512 4371 1637 4411 crc-
1667 4379 1717 4438 D
1743 4358 1915 4412 lumen
1962 4359 2029 4411 sit
2078 4359 2302 4423 factum,
2344 4357 2481 4425 quod
2524 4357 2743 4424 de‘ipsa
2786 4355 2955 4411 Pazrts
3003 4356 3295 4413 substantia

110 4440 343 4507 dendum,
385 4442 611 4494 obtinuit
649 4443 856 4497 Arianae
896 4443 1027 4521 labis
1064 4446 1323 4499 assertio:
1362 4460 1480 4514 quae
1521 4445 1640 4499 ideo

112 4530 291 4587 Patrem
325 4542 376 4585 et
417 4531 605 4585 Filium
646 4532 797 4586 unius
834 4535 1139 4590 substantia:
1174 4535 1488 4605 denegavit,
1518 4536 1640 4604 quia

114 4620 275 4675 Filium
305 4623 395 4677 Dei
434 4623 589 4676 modo
627 4638 691 4677 ex
724 4624 906 4688 nihilo,
940 4627 1095 4680 modo
1124 4642 1185 4682 et
1231 4628 1420 4692 Patre,
1458 4628 1549 4682 sed
1579 4628 1644 4681 ab

116 4712 197 4763 alia
220 4713 498 4766 substantia
518 4757 530 4779 ,
562 4712 773 4781 quando
802 4714 966 4768 voluit
993 4726 1046 4769 et
1072 4718 1334 4785 quomodo
1366 4717 1531 4770 voluit
1549 4756 1565 4781 ,
1594 4724 1647 4769 et

118 4804 233 4857 unde
260 4806 419 4859 voluit
447 4804 637 4859 factum
673 4806 899 4874 inducit,
928 4808 1214 4861 dummodo
1245 4808 1455 4861 aliunde
1487 4822 1605 4862 eum
1626 4848 1640 4871 ,

118 4903 160 4945 ct
184 4909 276 4947 non
312 4894 377 4948 de
413 4908 476 4948 eo
514 4895 651 4963 quod
697 4895 850 4949 Pater
890 4905 1002 4961 est,
1044 4898 1313 4951 exstitisse
1359 4896 1645 4963 conﬁngat.

120 4984 263 5047 Quem
299 4984 395 5038 etsi
430 4994 607 5037 natum
645 4985 801 5047 dicit,
839 4985 931 5039 sed
978 4986 1079 5039 hoc
1116 4988 1260 5040 dicto
1306 4994 1456 5040 tenus
1484 5028 1496 5051 ,
1526 4987 1646 5056 quia

122 5086 302 5126 rursum
331 5087 486 5127 omne
545 5074 685 5141 quod
720 5083 896 5127 natum
934 5084 1016 5128 est
1054 5076 1243 5129 factum
1277 5077 1553 5146 intelligit;
1585 5092 1649 5130 eo

123 5165 241 5232 quod
278 5175 329 5219 et
367 5182 460 5220 nos
494 5182 521 5218 a
567 5168 672 5219 Deo
700 5161 861 5234 geniti
896 5168 1239 5237 appellentur,
1270 5182 1400 5238 quos
1435 5178 1649 5221 constat

124 5267 242 5317 esse,
267 5253 532 5309 facturam.
567 5258 658 5310 Vel
686 5258 732 5312 si
760 5257 985 5313 Arianus
1015 5274 1118 5313 non
1151 5275 1228 5323 es,
1264 5270 1314 5314 et
1347 5276 1526 5314 verum
1562 5260 1648 5313 Fi-

127 5340 236 5393 lium
257 5342 317 5395 de
346 5359 467 5397 vero
500 5335 650 5399 Patre
682 5355 857 5401 natum
888 5363 990 5401 non
1029 5350 1219 5403 factum
1254 5351 1517 5418 agnoscis,
1552 5367 1650 5406 cur

128 5443 218 5482 non
250 5444 359 5484 eum
395 5446 512 5486 cum
560 5434 711 5488 Patre
748 5450 907 5489 unam
941 5437 1290 5491 substantiam
1317 5438 1484 5493 dicis?
1522 5440 1653 5494 Fru~

130 5526 221 5571 stra
245 5520 407 5586 times,
436 5522 614 5590 homo,
648 5526 881 5594 proliteri
924 5526 1062 5596 quod
1092 5529 1295 5591 credis;
1325 5538 1415 5581 aut
1458 5520 1652 5584 frustra

130 5612 297 5679 credis,
323 5614 365 5670 si
401 5614 472 5670 ita
510 5624 614 5672 non
642 5617 840 5686 credis,
866 5626 921 5674 et
950 5617 1140 5675 merito
1169 5619 1450 5675 haereticus
1491 5621 1655 5678 deno-

1744 4464 1845 4502 non
1885 4450 1996 4502 sit:
2038 4448 2129 4503 sed
2174 4447 2328 4501 sicuti
2371 4442 2510 4500 aliud
2559 4445 2830 4510 quodlibet
2877 4446 3083 4509 lumen,
3127 4464 3301 4513 quutt-

1745 4554 1897 4609 quam
1928 4554 1955 4592 a
1998 4540 2106 4592 Deo
2134 4538 2198 4591 sit
2228 4538 2446 4601 factum,
2481 4537 2634 4604 longe
2665 4544 2838 4587 tamen
2880 4535 2994 4591 aliu-
3048 4535 3091 4587 si
3144 4528 3210 4587 ab
3237 4548 3301 4587 «ιο

1747 4632 1835 4699 qui
1867 4630 2045 4685 fecerit
2072 4647 2083 4682 :
2115 4638 2165 4683 et
2190 4628 2308 4681 ideo
2336 4627 2602 4691 lumcncx
2635 4613 2849 4688 lumine,
2883 4635 2983 4676 nun
3013 4633 3077 4678 de
3108 4630 3302 4678 lummo

1748 4720 1899 4775 dicis.
1940 4718 2069 4773 Cum
2096 4732 2221 4785 ergo
2253 4717 2364 4769 hnc
2404 4716 2719 4783 praelocutus
2759 4722 2900 4775 sunt:
2934 4713 3055 4767 licet
3095 4728 3299 4769 mecum

1754 4824 1856 4861 n'tn
1889 4807 2146 4874 intelligas
2169 4845 2184 4869 ,
2217 4814 2390 4858 tamen
2435 4805 2546 4873 ipsa
2575 4804 3048 4872 quomodocunquc
3080 4820 3301 4871 prorum-

1755 4901 1875 4967 tias,
1893 4914 2011 4954 cum
2029 4898 2223 4967 scripta
2240 4912 2342 4949 non
2362 4898 2506 4948 sint:
2536 4910 2600 4946 an
2632 4910 2733 4947 nou
2753 4901 2805 4945 et
2827 4893 2977 4946 unius
2998 4892 3304 4947 substantia:

1754 4990 2096 5054 vocabulum,
2126 4987 2264 5057 quod
2297 4986 2346 5040 in
2386 4983 2675 5052 Scripturis
2705 4997 2806 5037 non
2839 4992 2989 5052 putas
3012 4973 3307 5049 contineri,

1757 5098 1960 5137 mecum
1995 5082 2187 5150 pariter
2216 5076 2508 5149 proﬁteris?
2534 5074 2632 5128 nisi
2658 5076 2776 5142 quia
2801 5074 2907 5127 illic
2930 5072 3153 5125 habuisti
3184 5085 3315 5143 quo-

1758 5175 1914 5227 modo
1941 5173 2198 5241 malignos
2225 5184 2413 5224 sensus
2440 5177 2555 5220 tuos
2576 5165 2779 5221 occulta
2804 5162 2985 5220 fraude
3014 5164 3064 5217 in
3091 5172 3314 5234 utroque

1754 5274 2090 5330 conlegeras;
2123 5270 2177 5313 ut
2214 5274 2419 5314 mecum
2454 5258 2553 5311 hoc
2591 5257 2759 5324 ipsum
2802 5267 2933 5308 sono
2960 5254 3105 5309 vocis
3134 5254 3303 5321 expri-

1756 5366 1949 5418 meres,
1976 5352 2066 5404 sed
2098 5361 2268 5403 tamen
2313 5349 2466 5416 longe
2501 5347 2630 5400 dicti
2664 5344 3277 5411 intelligentiam’separv

1756 5457 1861 5495 res.
1888 5440 2050 5494 Sicuti
2078 5449 2131 5493 et
2160 5438 2234 5490 illi
2269 5436 2499 5490 haeretici
2526 5435 2612 5506 qui
2654 5435 3093 5489 resurrectionem
3134 5446 3278 5486 carm

1760 5539 1978 5597 negant,
2011 5528 2076 5581 ad
2118 5524 2459 5594 decipiendas
2488 5528 2691 5580 animas
2722 5522 3037 5594 simplicium
3112 5536 3190 5575 νι-
3225 5520 3309 5577 di-

1760 5635 1886 5677 cunt
1931 5622 2013 5675 his
2042 5621 2165 5689 quia
2202 5620 2254 5676 in
2291 5637 2450 5677 carne
2474 5636 2579 5676 non
2614 5628 2910 5690 resurgunt.
2936 5617 3005 5674 Se
3069 5616 3109 5670 si
3140 5614 3291 5673 dtscu
