3862 6222
569 211 672 265 455

1865 207 2082 264 VIGILII
2120 205 2487 264 TAPSENSIS

3697 199 3792 255 456

566 325 662 378 tias
684 335 774 377 eos
795 335 888 375 cur
917 320 1016 374 hoc
1046 320 1300 382 dixerint,
1326 331 1442 371 cum
1483 316 1622 371 scias
1659 317 1779 371 illos
1817 319 1994 373 carnis
2027 332 2116 373 rc-
2144 323 2202 384 A
2223 330 2462 376 sanctum
2495 318 2697 373 totum?
2724 317 2804 370 An
2849 324 2902 371 tu
2933 325 3086 386 putas
3131 317 3287 371 inane
3337 312 3532 384 aliquid
3575 329 3702 369 esse
3746 326 3794 368 ct

562 413 940 468 surrectionem
971 410 1183 464 omnino
1214 422 1426 476 negare,
1451 407 1630 462 dicent
1653 408 1745 461 tibi
1773 425 1788 462 :
1818 407 1908 463 Vae
1941 413 2123 478 utique

563 504 639 555 illi
664 503 763 556 erit
787 500 873 568 qui
902 499 952 551 in
983 511 1142 550 carne
1168 496 1459 565 baptizatus
1489 511 1594 551 non
1626 496 1810 559 fuerit,
1859 497 2121 550 ut‘anima

562 592 744 657 ipsius,
764 587 888 640 dum
947 585 998 638 iu
1047 574 1269 653 corpore
1311 594 1422 649 est,
1463 584 1530 639 de
1587 594 1757 639 morte
1803 584 2120 637 delictorum

559 689 806 738 suorum,
838 681 893 726 ut
918 673 983 726 de
1020 673 1264 740 sepulcro
1289 672 1565 726 criminum
1592 688 1685 741 per
1721 672 2038 736 baptismum
2070 672 2121 725 in

558 761 738 816 eadem
779 768 1034 828 resurgat.
1070 760 1247 815 Solius
1287 760 1484 815 etenim
1525 760 1746 821 animae,
1784 773 1878 827 per
1922 759 2121 813 lavaCr-i

556 851 728 904 vitalis
759 851 980 920 gratiam
1011 850 1452 904 resurrectionem
1492 849 1542 901 in
1583 861 1742 900 carne
1784 847 2118 901 defendunt:

556 953 675 992 nam
706 948 759 993 et
799 939 964 1005 ipsius
1004 939 1178 992 carnis
1218 937 1438 990 salutem
1481 935 1788 995 excludunt.
1824 936 1890 989 Et
1921 937 1973 989 hi
2025 952 2119 1005 per

555 1028 910 1104 verisirnilem‘
935 1027 1349 1093 confessionem,
1389 1027 1746 1080 innocentium
1787 1036 1993 1081 mentes
2029 1042 2120 1082 oc-

555 1121 694 1174 culta
733 1119 916 1174 fraude
943 1119 1217 1173 seducunt.
1253 1117 1392 1170 Etut
1424 1117 1561 1170 solet
1599 1116 1796 1171 letbale
1820 1117 1978 1186 513
2021 1132 2115 1186 po-

557 1209 734 1262 culum
774 1208 944 1261 mellis
983 1205 1258 1260 dulcedine
1297 1215 1677 1279 temperatum,
1713 1216 1978 1260 suavrtate
2020 1207 2117 1260 fal-

559 1295 719 1363 lente,
751 1296 1026 1365 perimere;
1052 1294 1128 1350 sie
1150 1305 1202 1349 et
1231 1296 1330 1349 hoc
1359 1296 1551 1349 malum
1578 1311 1672 1365 per
1697 1292 2117 1352 blandimentum

557 1387 793 1452 aurium,
834 1372 1163 1438 audientium
1200 1398 1389 1440 sensus
1427 1385 1651 1453 quadam
1695 1386 1812 1442 labe
1856 1387 2120 1441 contami-

556 1490 707 1541 nans,
728 1473 1041 1544 contagione
1063 1475 1171 1529 vitii
1195 1475 1516 1530 adhaerentis
1545 1475 1728 1532 inlicit.

1150 1610 1388 1702 .CAPUT
1425 1613 1514 1668 IV.

629 1728 859 1796 Denique
885 1735 936 1781 et
960 1740 1099 1780 nunc
1125 1735 1340 1795 possent
1383 1726 1617 1796 ὁμούσιον
1644 1726 1798 1781 sicuti
1843 1735 1896 1785 et
1931 1735 2121 1781 caetera

553 1817 718 1871 verbo
749 1828 901 1870 tenus
931 1817 1225 1883 nominare,
1254 1817 1296 1870 si
1329 1816 1589 1871 haberent
1618 1817 1884 1886 quomodo
1910 1817 2038 1871 illud
2056 1818 2121 1872 ad

553 1908 707 1960 aliam
752 1907 1153 1977 intelligentiam
1205 1921 1347 1960 szevo
1393 1920 1552 1962 sensu
1595 1917 1973 1976 perverterent.
2017 1908 2121 1963 Sed

553 2015 669 2053 cum
699 1989 937 2054 viderent
962 2014 1020 2053 se
1051 1999 1103 2052 in
1134 1999 1237 2052 hoc
1262 1999 1423 2053 verbo
1461 1998 1736 2064 concludi,
1766 1999 1966 2053 nullam
2007 2016 2120 2052 om-

555 2092 681 2144 nino
712 2095 1032 2146 mentionem
1061 2088 1215 2161 hujus
1242 2089 1354 2144 ﬁeri
1385 2090 1694 2158 voluerunt,
1737 2107 1804 2145 ne
1828 2101 1917 2146 aut
1955 2092 2120 2161 proﬁ-

553 2183 716 2237 tendo
746 2182 845 2236 boc
874 2182 1176 2248 crederent,
1207 2190 1297 2235 aut
1322 2182 1598 2237 credentes
1623 2182 1847 2251 professi
1876 2182 2121 2238 videren-

551 2281 674 2326 tur:
702 2273 880 2327 subtili
931 2274 1141 2343 ingenio
1170 2284 1521 2338 excusantes,
1563 2275 1703 2344 quod
1747 2284 1835 2329 aut
1863 2275 2119 2344 scriptum

551 2376 655 2415 non
685 2371 868 2428 esset,
895 2373 986 2416 aut
1015 2364 1179 2417 Deum
1206 2362 1276 2418 'in
1308 2363 1599 2418 substantia
1644 2363 1746 2418 dici
1777 2379 1882 2418 non
1909 2375 2122 2434 oporte-

550 2464 653 2514 ret,
683 2465 750 2505 ne
772 2465 1062 2519 corporeus
1083 2453 1409 2508 crederetur.
1436 2453 1576 2507 Deus
1604 2453 1823 2519 ctenim,
1854 2455 2114 2524 inquiunt,

550 2538 717 2594 efficit
742 2548 800 2593 ut
826 2539 893 2593 sit
921 2540 1211 2610 substantia
1236 2583 1249 2607 ,
1295 2557 1400 2596 non
1443 2550 1615 2596 tamen
1641 2550 1698 2596 ut
1740 2541 1854 2610 ipse
1895 2543 2038 2598 Deus
2065 2543 2116 2598 in

550 2631 843 2688 substantia
865 2631 1164 2699 deputetur.
1192 2632 1396 2702 Quippe
1424 2633 1615 2702 (aiunt)
1639 2647 1759 2687 cum
1784 2632 1959 2687 omnis
1989 2633 2117 2689 sub-

553 2719 745 2773 stantia
768 2718 1035 2774 contraria
1065 2721 1303 2791 recipiat,
1321 2723 1459 2777 Deus
1485 2736 1632 2789 vero,
1657 2722 1745 2791 qui
1775 2721 1904 2776 nihil
1930 2722 2112 2777 diver-

549 2824 667 2866 sum
717 2810 997 2866 admittere
1043 2823 1246 2881 potest,
1293 2813 1591 2866 Substantia
1640 2812 1742 2867 dici
1788 2828 1893 2867 non
1938 2813 2114 2869 debet.

552 2901 885 2971 Ignoscerem
912 2903 1004 2956 tibi
1025 2903 1070 2957 si
1092 2902 1192 2957 hoc
1212 2902 1523 2972 simpliciter
1543 2901 1770 2967 diceres,
1793 2902 1837 2958 si
1859 2904 2117 2958 rationem

551 2992 631 3048 rei
661 2992 824 3048 velles
853 2995 1022 3057 scire,
1051 2995 1095 3046 si
1137 2993 1283 3047 rudis
1310 2991 1375 3046 ad
1410 2993 1548 3047 hanc
1576 2994 1923 3064 quaestionem
1967 3007 2116 3058 acce-

550 3083 740 3149 deres,
769 3085 814 3137 si
840 3098 946 3138 non
976 3084 1089 3153 ipse
1114 3096 1261 3138 esses
1289 3083 1375 3152 qui
1415 3095 1630 3152 semper
1653 3083 1738 3137 vel
1768 3082 1833 3137 de
1861 3081 1963 3137 alia
1995 3083 2119 3138 sub-

551 3175 743 3230 stantia
762 3214 779 3242 ,
810 3174 894 3229 vel
921 3173 989 3229 de
1017 3173 1177 3228 nullis
1202 3173 1538 3229 exstantibus
1569 3173 1660 3229 Dei
1693 3173 1883 3228 Filium
1915 3187 2123 3229 assere-

552 3265 669 3321 bas.
698 3264 768 3318 At
789 3272 907 3319 cum
949 3263 1087 3320 idem
1118 3266 1232 3333 ipse
1257 3264 1333 3318 sis
1379 3265 1470 3333 qui
1504 3264 1626 3318 hinc
1653 3278 1796 3334 saepe
1822 3265 2121 3334 convictus,

551 3369 695 3426 sape
733 3353 1042 3422 confessus,
1075 3368 1218 3424 saepe
1248 3354 1485 3423 negasti,
1518 3356 1714 3423 saepius
1746 3356 1902 3410 aliter
1929 3354 2123 3410 immu-

554 3448 716 3506 tando
740 3447 1019 3501 damnatus
1043 3461 1131 3513 es,
1163 3446 1252 3515 qui
1280 3438 1436 3501 etiam
1464 3462 1607 3501 nunc
1637 3448 1719 3514 vi,
1752 3448 2040 3502 ambitione
2068 3455 2130 3508 et

554 3536 794 3607 potentia
820 3537 1076 3606 exagitas,
1109 3536 1292 3590 turbas
1319 3537 1534 3590 omnia:
1565 3535 1830 3605 quomodo
1857 3551 1942 3591 me
1972 3546 2124 3606 putas

552 3630 830 3695 ignoscere
862 3626 955 3680 tibi
984 3639 1140 3694 posse
1180 3624 1511 3696 frequentius
1558 3627 1744 3680 eadem
1772 3627 2122 3683 retractanti?

551 3717 671 3774 Sed
692 3732 758 3772 ne
783 3715 1024 3771 videatur
1067 3719 1182 3772 llaec
1221 3717 1542 3786 perversitas
1588 3716 1925 3786 praajudicata
1958 3718 2123 3789 magis

551 3822 711 3877 quam
741 3808 1038 3862 examinata
1067 3806 1330 3875 damnari,
1365 3807 1597 3862 breviter
1624 3808 1715 3862 tibi
1739 3810 1806 3863 de
1832 3809 1928 3862 hac
1955 3824 2120 3877 oppo-

551 3904 749 3960 sitione
777 3901 1149 3971 respondeam.
1183 3901 1441 3957 Probibes
1471 3903 1646 3971 itaque
1674 3902 1726 3957 in
1751 3902 1857 3956 Deo
1879 3903 2123 3956 substan-

553 3995 680 4047 tiam
707 3991 992 4054 nominari,
1025 3991 1175 4061 quasi
1203 4005 1363 4046 omne
1392 3991 1533 4061 quod
1578 3991 1873 4046 substantia
1903 3991 2121 4057 dicitur,

558 4094 644 4135 res
684 4081 795 4148 ipsa
824 4081 980 4134 unius
1012 4080 1223 4149 generis
1262 4080 1537 4136 habeatur.
1583 4081 1663 4135 An
1694 4083 1908 4151 ignoras
1928 4122 1942 4147 ,
1971 4081 2125 4134 aliter

555 4171 816 4236 cmleStia,
856 4160 1010 4226 aliter
1037 4171 1247 4225 terrena
1269 4181 1547 4236 constare;
1575 4172 1668 4229 sed
1703 4181 1758 4226 et
1783 4172 1834 4226 in
1861 4171 1988 4239 ipsis
2014 4185 2124 4253 cm-

553 4261 781 4316 lestibus
817 4271 974 4330 atque
1003 4261 1284 4334 mqndanis
1315 4264 1471 4316 rebus
1501 4278 1741 4332 magnam
1774 4261 2123 4316 dill‘crentiam

2227 426 2447 465 vacuum
2489 409 2632 479 quod
2672 409 2808 464 Deus
2850 410 2966 464 est?
2992 407 3103 463 Hoc
3141 409 3283 463 enim
3315 406 3422 461 dici
3466 405 3788 472 blaspheia

2228 509 2339 562 est,
2373 507 2428 552 ut
2458 501 2615 554 inane
2647 507 2860 568 putetur
2889 514 2982 568 per
3011 513 3168 567 quem
3194 507 3386 554 cuncta
3414 498 3792 556 constiterunt,

2226 590 2312 659 qui
2344 590 2521 644 omnia
2554 590 2720 644 verbo
2746 587 2948 653 edidit,
2995 589 3201 642 ratione
3248 587 3572 654 composuit,
3601 585 3793 639 virtute

2225 677 2478 756 perfecit,
2530 677 2680 747 cujus
2710 686 2840 732 nutu
2881 687 2935 731 et
2982 677 3206 744 imperio
3235 677 3482 730 universa
3523 683 3790 744 reguntur.

2226 777 2411 821 cuncta
2440 767 2767 822 deserviunt.
2807 767 2876 820 Et
2903 766 3042 820 bene
3082 765 3222 833 quod
3265 765 3331 818 de
3363 767 3472 822 Deo
3497 765 3624 832 legis
3666 766 3790 818 scri-

2226 865 2404 924 ptum:
2438 854 2550 925 Ego
2574 871 2686 908 sum
2710 856 2799 924 qui
2821 871 2967 919 sum;
2999 863 3053 909 et
3078 873 3092 906 :
3121 853 3217 918 Qui
3241 864 3312 907 est
3336 853 3473 905 misit
3501 869 3574 906 me
3596 852 3786 921 (Exod.

2224 963 2301 1013 tu,
2335 948 2448 1013 η).
2483 948 2546 1000 Et
2571 947 2685 1014 ipse
2714 945 2962 1002 Salvator
2999 956 3054 1001 et
3098 946 3352 1000 Dominus
3381 962 3394 998 :
3431 945 3550 1000 Ha'c
3578 955 3682 1010 est,
3715 946 3788 1000 in-

2223 1040 2358 1108 quit,
2385 1039 2486 1090 vita
2512 1045 2722 1101 (eterna,
2749 1046 2803 1090 ut
2827 1045 3131 1106 cognosrant
3157 1045 3203 1089 te
3225 1036 3390 1090 solum
3418 1052 3584 1090 verum
3605 1035 3785 1100 Dm,

2221 1139 2269 1183 et
2301 1145 2450 1198 quem
2494 1128 2673 1180 misisti
2706 1127 2884 1181 Iesum
2908 1128 3164 1181 Christum
3205 1128 3383 1197 (Joan.
3422 1143 3561 1194 xm,
3587 1129 3664 1198 5).
3703 1129 3789 1184 Est

2221 1233 2348 1287 ergo
2394 1218 2447 1272 in
2491 1216 2784 1271 substantia
2846 1232 2939 1271 sua
2987 1216 3164 1280 Deus,
3214 1217 3367 1283 cujus
3412 1219 3640 1286 cognitio
3687 1220 3785 1272 vita

2221 1322 2423 1363 aatcrna
2453 1315 2553 1372 est,
2582 1316 2636 1362 et
2661 1306 2748 1377 qui
2775 1314 2954 1362 tantus
2983 1316 3066 1361 est
3084 1314 3314 1375 quantus
3338 1307 3440 1361 dici
3470 1323 3573 1362 non
3595 1319 3785 1377 potest.

2219 1397 2318 1464 Qui
2347 1407 2470 1452 tunc
2499 1396 2659 1466 digne
2684 1399 2979 1455 animatur
3005 1410 3123 1453 cum
3148 1397 3532 1454 intestimabilis
3557 1399 3750 1453 dicitur
3772 1421 3782 1449 ;

2220 1488 2401 1551 utique
2430 1487 2560 1542 velis
2588 1501 2651 1541 ac
2681 1487 2836 1542 nolis.
2884 1487 3024 1557 Ergo
3062 1486 3232 1556 ipsum
3264 1488 3406 1557 quod
3433 1498 3548 1557 est,
3579 1490 3679 1544 hoc
3711 1500 3786 1544 est

2218 1577 2508 1632 substantia
2539 1576 2653 1646 ejus
2680 1577 2755 1635 rei
2782 1591 2898 1648 quas
2919 1592 3036 1634 esse
3065 1577 3365 1634 defenditur
3396 1597 3408 1632 :
3437 1581 3575 1650 quod
3607 1589 3776 1635 tamen

2153 1687 2199 1746 Β
2221 1668 2329 1736 jam
2376 1667 2577 1728 dictum
2619 1676 2700 1724 est
2725 1710 2739 1735 ,
2785 1657 3040 1738 quantum
3069 1678 3123 1725 ct
3157 1670 3314 1740 quale
3343 1672 3441 1737 sit,
3487 1686 3582 1726 nec
3615 1685 3784 1726 mente

2225 1757 2454 1827 concipi,
2487 1772 2586 1812 nec
2611 1767 2770 1814 sensu
2799 1758 3084 1827 estimari,
3113 1774 3213 1815 nec
3252 1760 3429 1816 animo
3469 1761 3671 1815 deliniri
3701 1777 3782 1828 po-

2227 1857 2346 1903 test.
2380 1848 2679 1903 Dummodo
2715 1857 2925 1908 constet
2957 1851 3244 1921 essequod
3283 1866 3402 1906 esse
3430 1852 3690 1912 creditur;
3734 1862 3782 1904 ut

2224 1938 2290 1992 de
2312 1953 2375 1993 co
2402 1939 2515 2008 ipso
2536 1937 2678 2008 quod
2708 1937 2847 1994 Deus
2876 1946 2957 1996 est
2983 1939 3108 1994 inde
3151 1942 3220 1995 sit
3249 1941 3444 2010 Filius,
3468 1951 3524 1995 ut
3555 1957 3705 1997 verus
3723 1944 3780 1995 sit

2225 2027 2414 2093 Filius,
2444 2037 2497 2083 et
2528 2040 2682 2084 verus
2706 2027 2775 2081 sit
2804 2025 2962 2086 Pater
2990 2027 3043 2082 in
3072 2025 3228 2093 Filio,
3259 2040 3313 2084 et
3340 2030 3508 2084 Filius
3535 2031 3586 2086 in
3615 2030 3777 2084 Patre.

2224 2118 2335 2173 Hoc
2356 2119 2457 2173 erit
2482 2120 2742 2189 ὁμούσιον,
2771 2119 2822 2174 id
2848 2129 2930 2177 est
2959 2121 3114 2175 unius
3143 2121 3452 2178 substantiae
3475 2136 3590 2176 cum
3614 2121 3777 2175 Patre.

2221 2208 2373 2264 Sicut
2402 2209 2514 2277 ipse
2561 2208 2817 2263 Dominus
2860 2209 2966 2273 ait.
3019 2208 3128 2278 Ego
3165 2210 3218 2267 in
3264 2208 3455 2275 Patre,
3490 2222 3534 2262 et
3566 2209 3778 2263 Peterin

2219 2317 2301 2355 me
2325 2300 2632 2371 (ham-xw,
2666 2300 2778 2369 li).
2807 2299 2918 2370 Ego
2956 2309 3001 2354 ct
3037 2298 3380 2357 Patet-unum
3408 2317 3578 2355 sumus
3615 2302 3776 2369 (leas.

2182 2417 2187 2424 -
2223 2407 2276 2456 ι,
2307 2389 2437 2460 '50);
2468 2399 2522 2446 et
2551 2404 2566 2442 :
2597 2388 2709 2459 Ego
2738 2389 2800 2446 de
2825 2389 2990 2444 Patre
3007 2391 3138 2444 exivi
3181 2389 3360 2460 (Joan.
3392 2405 3514 2456 va,
3542 2389 3664 2459 28);
3692 2400 3738 2444 et
3767 2409 3774 2440 :

2225 2481 2328 2548 Qui
2347 2495 2425 2534 me
2449 2481 2602 2547 videt,
2624 2480 2756 2533 videt
2777 2489 2824 2535 et
2852 2479 3060 2536 Patrem
3089 2480 3268 2549 (Joan.
3296 2497 3406 2546 stv,
3437 2481 3515 2550 9).
3545 2480 3654 2546 Non
3685 2481 3776 2535 im-

2219 2572 2409 2632 merito
2429 2610 2446 2636 ,
2472 2573 2593 2639 quia
2621 2569 2788 2627 Filius
2828 2570 2923 2626 Dei
2967 2571 3035 2625 de
3062 2569 3171 2625 Deo
3200 2570 3358 2630 Patre
3401 2579 3552 2624 natus
3578 2579 3661 2625 est
3687 2587 3701 2624 :
3729 2578 3774 2622 et

2219 2662 2340 2719 ideo
2369 2662 2436 2724 (te
2475 2662 2677 2718 unitate
2715 2661 3054 2727 substantiae,
3085 2669 3140 2716 et
3179 2661 3247 2717 de
3275 2661 3557 2730 majestate
3588 2660 3776 2716 deitatis

2218 2767 2379 2808 unum
2409 2763 2550 2816 sunt,
2579 2753 2734 2809 sicuti
2765 2762 2820 2808 et
2854 2752 3110 2808 Jeremias
3138 2752 3473 2822 prophetavit
3499 2768 3514 2808 :
3547 2752 3666 2818 Quis
3690 2763 3775 2804 su-

2217 2843 2285 2896 bit
2325 2844 2380 2898 in
2419 2843 2700 2902 substantia
2736 2842 2972 2909 Domini,
3021 2830 3296 2899 stridebit
3343 2844 3544 2899 verbum
3588 2838 3776 2895 Domini

2217 2922 2351 2992 (Jer.
2380 2950 2514 2989 mu
2535 2978 2550 3001 ,
2585 2934 2710 3004 £8)?
2738 2935 2799 2996 Et
2828 2936 3020 2990 iterum
3048 2952 3064 2992 :
3095 2935 3157 2990 Si
3182 2935 3435 2990 stetissent
3467 2936 3518 2988 in
3563 2934 3774 2991 substan-

2144 3035 2192 3098 c
2223 3027 2293 3080 tia
2326 3041 2468 3089 mea,
2508 3033 2558 3079 et
2598 3026 2643 3078 si
2680 3025 2941 3079 audissent
2983 3025 3131 3078 verba
3158 3041 3292 3092 mea,
3327 3025 3611 3078 avertissent
3644 3037 3718 3076 eos
3750 3035 3776 3069 α

2222 3118 2402 3195 studiis
2438 3131 2615 3171 eorum
2642 3117 2872 3183 pessimis
2908 3113 3100 3182 (Ibid,
3127 3115 3346 3194 22)._Et
3373 3113 3511 3184 apud
3559 3113 3773 3169 Salomo-

2222 3224 2342 3265 ηοω
2371 3225 2386 3263 :
2419 3207 2715 3264 Substantia
2737 3223 2867 3272 mea,
2895 3207 3108 3262 dulcedo
3131 3223 3239 3262 mea
3261 3215 3332 3263 est
3358 3206 3514 3277 (Sap.
3545 3219 3649 3267 avt,
3673 3202 3773 3270 5|).

2843 3345 3075 3402 CAPUT
3107 3345 3169 3399 ν.

2295 3461 2452 3533 515
2480 3460 2610 3515 Cum
2636 3474 2762 3530 ergo
2783 3459 2918 3515 hanc
2944 3459 3199 3515 unitatem
3221 3459 3532 3513 substantia:
3555 3460 3603 3511 in
3629 3458 3768 3511 Patre

2223 3560 2278 3606 et
2307 3550 2442 3612 Filio
2473 3565 2578 3604 non
2608 3551 2779 3604 solum
2808 3549 3144 3617 prophetica,
3174 3548 3271 3602 sed
3296 3556 3352 3602 et
3380 3547 3674 3616 evangelica
3698 3558 3774 3596 au-

2225 3642 2473 3699 ctoritate
2500 3637 2792 3711 cognoscas
2810 3679 2826 3705 ,
2861 3642 3130 3708 quomodo
3158 3638 3291 3700 dicis
3329 3639 3381 3691 in
3406 3637 3685 3706 Scripturis
3707 3634 3776 3687 di-

2225 3733 2360 3788 vinis
2390 3733 2630 3805 ὁμούσιον
2665 3745 2772 3785 non
2815 3729 3077 3784 inveniri?
3104 3730 3252 3797 quasi
3279 3729 3423 3783 aliud
3464 3730 3533 3783 slt
3558 3729 3772 3799 ὀμοὺσισν

2224 3837 2380 3892 quam
2403 3813 2544 3892 quod
2573 3820 2735 3887 dicit,
2765 3817 2878 3890 Ego
2905 3819 2966 3872 de
2994 3818 3104 3873 Deo
3135 3818 3291 3872 Patre
3318 3820 3451 3872 exivi
3474 3817 3646 3888 (Joan.
3676 3831 3770 3877 ni,

2225 3911 2355 3982 28);
2385 3921 2460 3980 et,
2500 3909 2611 3980 Ego
2639 3919 2686 3963 et
2716 3906 2878 3966 Pater
2894 3923 3052 3961 unum
3077 3923 3250 3960 sumus
3273 3905 3447 3986 (Jun.
3482 3924 3540 3974 ι,
3565 3908 3677 3976 30);
3703 3905 3769 3958 vel

2223 4003 2366 4072 quod
2409 4002 2684 4071 prephetaa
2725 4016 2790 4055 es
2827 4009 3014 4068 aperto
3055 3998 3404 4054 substantiam
3450 3997 3544 4054 Dei
3589 3999 3770 4052 intima-

2225 4092 2386 4146 bant?
2415 4092 2538 4146 llazc
2565 4099 2646 4145 est
2688 4097 2864 4144 autem
2907 4090 3140 4144 nominis
3180 4090 3349 4154 ratio,
3380 4099 3436 4144 ut
3470 4090 3521 4143 in
3564 4089 3706 4143 Patre
3728 4093 3770 4137 et

2225 4182 2361 4236 Filio
2405 4181 2663 4234 unitatem
2693 4179 3005 4236 substantiae
3033 4179 3253 4242 credas,
3302 4177 3426 4232 licet
3472 4193 3582 4231 rem
3627 4178 3767 4244 ipsam

2227 4273 2366 4340 (quas
2414 4279 2496 4325 cst
2539 4268 2930 4339 inenarrabilis)
2975 4269 3198 4324 deﬁnire
3227 4283 3332 4322 non
3365 4269 3562 4336 possis;
3603 4276 3656 4320 ut
3675 4267 3767 4316 sive

553 4351 849 4407 interesse?
877 4351 1047 4406 Aliter
1065 4351 1207 4406 enim
1237 4352 1431 4420 angeli,
1467 4352 1619 4406 aliter
1650 4352 1869 4421 singula:
1900 4365 2122 4421 quasque
2147 4384 2201 4452 ι)
2230 4363 2408 4444 Ιυπιρρ
2448 4362 2514 4416 de
2543 4361 2740 4414 lumine
2769 4360 2916 4413 dicas
2936 4399 2952 4424 ,
2993 4361 3105 4413 sive
3135 4360 3353 4413 verbum
3382 4359 3450 4413 de
3473 4358 3654 4422 verbo,
3676 4356 3766 4409 sive

554 4443 799 4506 virtutes,
829 4442 1263 4497 constitutionum
1294 4457 1508 4495 suarum
1551 4441 1874 4495 substantias
1907 4456 2123 4510 accepe-

513 4599 515 4601 _
557 4541 712 4598 runt,
743 4533 898 4587 sicuti
943 4533 1228 4602 Apostolus
1275 4531 1388 4586 ait:
1427 4533 1542 4585 Alia
1582 4533 1782 4586 claritas
1820 4532 1976 4600 solis,
2023 4532 2125 4585 alia

555 4622 761 4676 claritas
787 4621 953 4687 Iunce,
986 4621 1088 4675 alia
1116 4623 1326 4676 claritas
1350 4623 1609 4676 stellarum
1656 4621 1717 4693 (Ι
1740 4621 1855 4676 Cor.
1888 4638 1978 4685 xv,
2011 4621 2123 4689 Η).

561 4712 653 4769 Sic
673 4724 727 4767 et
755 4713 807 4768 in
835 4712 933 4766 hnc
964 4713 1177 4777 mundo,
1212 4721 1272 4766 ut
1298 4712 1513 4766 diversa
1537 4727 1730 4782 genera
1752 4727 1948 4774 rerum,
1977 4710 2048 4765 ita
2074 4719 2124 4766 et

558 4802 770 4857 diversa
801 4802 961 4875 5ιᾶ¹
987 4816 1208 4870 corpora
1251 4802 1596 4856 animantium
1619 4844 1632 4866 ,
1661 4811 1715 4857 et
1758 4803 2002 4857 omnibus
2043 4803 2125 4855 sui

556 4892 820 4961 cujusque
846 4893 1056 4961 generis
1086 4892 1378 4947 substantia
1397 4932 1412 4955 ,
1463 4893 1599 4946 sicut
1641 4892 1925 4960 Aposwlus
1954 4892 2080 4946 dicit
2111 4909 2125 4944 :

562 4985 684 5039 Non
714 4985 879 5038 omnis
923 5001 1065 5049 caro,
1098 4986 1273 5039 eadem
1301 5001 1415 5038 caro
1453 4984 1612 5054 (Ibid.
1632 5026 1649 5052 ,
1677 4987 1789 5055 59).
1822 4986 1878 5041 Si
1909 5001 2036 5055 ergo
2065 4999 2128 5039 ea

560 5089 680 5143 quae
705 5089 734 5128 a
761 5075 868 5128 Deo
896 5073 1032 5128 facta
1054 5083 1197 5138 sunt,
1231 5075 1470 5130 diversas
1500 5075 1781 5144 qualitates
1808 5075 2129 5130 substantia-

561 5180 676 5220 rum
704 5180 918 5220 suarum
950 5165 1163 5234 habent,
1196 5175 1248 5222 tu
1281 5175 1432 5234 putas
1452 5167 1503 5220 in
1537 5167 1645 5221 Deo
1671 5167 1828 5219 talem
1859 5180 1977 5220 esse
2006 5165 2130 5218 sub-

567 5260 839 5323 stantiam,
873 5257 1083 5326 qualem
1131 5256 1288 5311 habet
1316 5257 1511 5328 aliquid
1543 5257 1728 5312 horum
1760 5256 1900 5326 quod
1933 5257 2124 5311 factum

561 5358 679 5414 est,
730 5359 786 5402 ut
828 5350 993 5417 possit
1035 5349 1297 5403 contraria
1345 5352 1620 5419 recipere?
1667 5351 1836 5403 Absit.
1887 5349 2017 5413 Qua:
2045 5335 2127 5402 est

565 5442 705 5496 enim
748 5440 1040 5494 substantia
1082 5441 1174 5494 Dei
1206 5441 1303 5494 nisi
1335 5440 1502 5507 ipsum
1532 5433 1668 5510 quod
1702 5441 1839 5495 Deus
1863 5450 1973 5502 est,
2003 5441 2129 5493 sim-

567 5531 706 5597 plex,
729 5530 1012 5599 singulare,
1034 5548 1244 5600 purum,
1265 5532 1404 5586 nulla
1427 5534 1763 5586 concretione
1783 5535 2124 5602 permixtum,

564 5619 872 5690 limpidum,
903 5621 1123 5686 bonum,
1160 5621 1452 5690 perfectum
1475 5662 1490 5684 ,
1537 5621 1780 5689 beatum,
1825 5623 2124 5686 integrum,

2232 4437 2471 4523 spiritum
2495 4451 2562 4507 de
2584 4449 2793 4520 spiritu,
2821 4451 2934 4507 sive
2963 4449 3239 4503 Dominum
3266 4449 3333 4503 de
3360 4450 3606 4514 Domino,
3632 4443 3768 4513 quod-

2233 4557 2438 4611 cunque
2467 4543 2532 4596 de
2559 4555 2624 4596 eo
2653 4541 2875 4606 dixeris,
2909 4541 3062 4594 unius
3097 4550 3273 4595 tamen
3303 4543 3548 4594 essentia:
3586 4539 3764 4593 Patrem

2233 4643 2286 4686 et
2329 4632 2518 4686 Filium
2546 4630 2767 4693 credas,
2799 4641 2851 4684 et
2881 4629 2948 4683 de
2974 4644 3038 4684 eo
3069 4630 3354 4698 ipso“quod
3387 4630 3543 4683 Pater
3565 4638 3666 4690 est,
3696 4625 3766 4677 Fi-

2237 4725 2362 4778 lium
2403 4724 2685 4790 intelligas.
2733 4721 2862 4776 Nam
2895 4721 2940 4776 si
2984 4722 3210 4790 aliquam
3254 4722 3690 4789 comparationem
3716 4716 3765 4766 de.

2239 4816 2393 4869 rebus
2423 4815 2506 4867 his
2533 4829 2651 4881 qua:
2681 4813 2946 4876 videntur,
2982 4813 3032 4865 in
3058 4827 3121 4866 en
3152 4812 3342 4875 facias,
3389 4814 3495 4878 ipsa
3525 4806 3765 4864 dissimili-

2232 4905 2412 4961 tudine
2454 4919 2631 4959 rerum
2654 4944 2668 4967 ,
2700 4918 2803 4957 non
2835 4904 3094 4956 rationem
3140 4903 3417 4965 osrcndes,
3458 4902 3550 4980 scd
3578 4901 3764 4954 alterca-

2231 4996 2428 5050 tionem
2461 4994 2876 5062 disputationum
2906 4992 3149 5048 induces.
3192 4992 3258 5046 Et
3287 4994 3408 5058 quia
3438 5008 3503 5045 ex
3543 5005 3669 5044 voce
3695 4984 3762 5038 Dei

2229 5085 2487 5152 scriptum
2512 5092 2635 5137 est:
2666 5081 2761 5136 Cui
2783 5099 2861 5136 me
2893 5081 3246 5149 comparabitis
3269 5080 3418 5150 (Isai.
3447 5097 3587 5144 XLVI,
3619 5079 3696 5146 5)?
3718 5087 3762 5124 ac

2230 5175 2455 5242 proinde
2501 5175 2644 5230 Deus
2685 5173 2772 5227 cui
2818 5174 3099 5228 assimilari
3148 5173 3278 5227 nihil
3326 5184 3533 5242 potest,
3574 5169 3763 5226 sufﬁciat

2233 5262 2377 5318 credi
2418 5262 2557 5331 quod
2589 5263 2703 5331 ipse
2743 5263 2991 5328 sentitur,
3020 5263 3142 5332 quia
3173 5262 3286 5331 ipse
3314 5264 3458 5318 credi
3501 5276 3560 5318 se
3600 5261 3759 5317 voluit.

2236 5367 2341 5408 non
2372 5352 2613 5408 indicari.
2656 5353 2896 5422 Denique
2943 5352 2986 5407 si
3030 5353 3095 5407 de
3126 5352 3226 5408 hoc
3268 5355 3382 5421 ipso
3411 5352 3549 5417 quod
3591 5363 3760 5407 mecum

2233 5441 2529 5508 profiteris,
2579 5441 2809 5510 aliquam
2841 5441 3240 5500 similitudinem
3272 5443 3403 5496 velis
3438 5443 3490 5495 in
3537 5442 3644 5496 Deo
3666 5453 3759 5493 ροη-

2234 5531 2397 5591 ferre.
2421 5532 2596 5584 nescio
2621 5546 2687 5584 an
2710 5529 2848 5598 quud
2870 5532 3261 5597 comparaveris
3307 5532 3476 5598 possis
3497 5528 3761 5599 expressit“

2234 5619 2476 5684 definire.
2510 5619 2573 5675 Ut
2612 5632 2735 5687 puta
2760 5637 2883 5676 cum
2911 5621 3047 5677 dicis
3088 5619 3268 5681 lumen
3291 5635 3360 5680 ex
3392 5621 3618 5684 lumine,
3658 5616 3694 5674 si
3715 5613 3761 5666 ad
