3862 6222
120 311 211 365 457

1095 305 1359 364 CONTRA
1398 305 1781 360 P.\Ll.ADlUM
1821 305 2121 361 ARIANUM
2163 305 2283 360 LIB.
2325 307 2387 358 ll.

3222 328 3324 384 εδδ

118 420 507 488 ωρῐειητιηιιιιηι
555 419 676 474 illud
726 419 1032 488 scrupulosa
1084 421 1386 474 narratione
1432 418 1668 486 cogaris,
1700 419 1747 474 Λ
1777 416 1876 471 hoc
1903 417 2135 471 Verbum
2160 397 2508 488 nuncupatur,
2542 434 2660 488 quia
2693 435 2757 474 ex
2802 403 3016 490 proprio
3044 419 3219 473 ditino
3239 435 3332 478 ore

114 522 289 574 quer
339 509 613 576 quomodo
653 508 829 562 lumen
880 521 946 562 ex
995 507 1194 563 lumine
1239 508 1443 563 credas.
1484 507 1671 560 Utrum

114 598 254 663 quasi
287 597 568 650 lucernam
598 611 662 650 ex
691 596 923 663 lucerna,
963 584 1045 652 vel
1073 599 1222 666 quasi
1251 598 1415 653 solem
1445 612 1511 652 ex
1538 597 1672 661 sole,

114 691 164 736 ut
189 693 282 737 aut
311 682 456 738 duas
481 685 749 749 lucernas,
779 694 869 738 aut
896 685 1028 739 duos
1057 687 1196 742 soles
1219 688 1370 755 quasi
1394 686 1527 740 duos
1547 685 1674 740 deos

112 773 202 824 sub
234 756 340 826 hoc
371 773 618 841 exemplo
663 773 898 827 inducas.
945 777 1050 830 Aut
1093 777 1429 845 splendorem
1460 776 1675 830 luminis

97 861 348 928 .ejusdem
383 862 636 924 lucernae.
669 863 750 940 vc!
778 863 1071 918 claritatem
1101 865 1226 919 solis
1252 866 1319 920 de
1345 865 1530 920 eodem
1561 864 1687 918 sole:

115 950 430 1018 fulgentem,
459 953 632 1005 lumen
660 951 726 1006 de
758 951 956 1007 lumine
982 953 1262 1022 consignes
1282 994 1296 1019 ,
1327 964 1384 1008 ut
1409 954 1462 1008 in
1494 954 1675 1008 matri-

111 1057 219 1095 cem
253 1043 478 1097 luminis
508 1043 679 1098 Patris
705 1043 1230 1113 ﬁguram'assimiles,
1261 1042 1446 1102 Filium
1474 1062 1600 1101 vero
1621 1048 1674 1101 in

112 1130 453 1197 splendorem
483 1132 740 1187 claritatis
763 1135 1040 1200 ostendas;
1072 1135 1211 1204 quod
1241 1135 1307 1191 de
1328 1151 1392 1190 eo
1418 1135 1673 1206 propheta

114 1221 298 1273 dixerit
334 1222 540 1289 :_Apud
569 1233 615 1274 te
641 1231 714 1276 est
742 1226 855 1292 [om
880 1224 994 1278 vitae
1013 1265 1028 1289 ,
1059 1234 1106 1278 et
1140 1225 1192 1277 in
1220 1218 1404 1278 lumine
1432 1237 1516 1280 tuo
1540 1226 1674 1279 vide-

115 1309 268 1361 bimus
296 1310 474 1389 tamen
511 1309 683 1379 (Psal.
722 1327 884 1379 xxxv,
916 1313 1027 1381 10).
1054 1313 1146 1367 Vel
1177 1314 1425 1368 Salomon
1451 1328 1567 1368 cum
1597 1314 1678 1368 di-

114 1402 176 1452 cit
199 1418 214 1454 :
244 1401 459 1473 Candor
483 1412 557 1456 est
583 1403 713 1457 lucis
731 1413 952 1469 (sternar,
983 1415 1029 1457 et
1056 1408 1315 1474 speculans
1342 1407 1447 1458 sine
1474 1405 1675 1458 macula

118 1489 201 1540 Dci
226 1493 550 1559 ntajestatis,
583 1501 628 1545 et
658 1493 826 1562 imago
847 1493 1077 1545 bonitatis
1099 1493 1235 1545 illius
1258 1493 1407 1562 (Sap.
1434 1507 1524 1557 vn,
1557 1491 1672 1562 26).

119 1580 200 1632 Vel
233 1581 528 1648 Apostolus
573 1583 659 1634 hic
688 1582 1048 1645 pra-dicaverit
1086 1581 1410 1636 Salvatorem
1439 1593 1673 1636 nostrum

114 1671 395 1739 imaginem
445 1687 563 1726 esse
593 1672 874 1727 invisibilis
922 1672 1010 1726 Dei
1060 1672 1191 1741 (Col.
1220 1687 1266 1738 i,
1293 1673 1409 1743 25),
1439 1688 1504 1728 eo
1535 1675 1671 1742 quod

1779 507 2063 574 processit,
2106 517 2159 562 et
2200 509 2333 562 nihil
2362 509 2514 563 Pater
2543 511 2658 565 sine
2681 525 2746 564 co
2770 519 2860 564 aut
2879 509 3036 578 jussit
3059 519 3150 564 aut
3189 509 3332 566 iecit.

1778 593 1956 648 Virtus
1979 594 2188 658 dicitur,
2216 595 2336 662 quia
2362 609 2484 650 vere
2512 597 2578 651 de
2604 595 2715 651 Deo
2743 607 2797 652 et
2822 611 3034 665 semper
3062 608 3180 650 eum
3227 598 3336 660 Deo

1776 689 1876 746 est,
1911 689 1964 734 et
1989 680 2160 734 omnis
2184 688 2414 749 potestas
2434 683 2603 737 Patris
2625 685 2676 736 in
2700 687 2812 753 ipso
2834 684 3089 739 consistit.
3111 684 3336 755 Sap.eu-

1777 771 1844 824 tia
1872 771 2190 839 appellatur,
2213 773 2333 839 quia
2354 770 2421 824 de
2443 771 2602 824 corde
2626 773 2791 826 Patris
2813 776 3116 839 adveniens,
3141 789 3333 831 arcana

1774 862 2014 915 cmlestia
2042 861 2380 916 credentibus
2411 861 2686 915 reseravit.
2720 863 2943 917 Dextera
2977 877 3329 933 nuncupatur,

1775 951 1895 1018 quia
1918 966 2013 1020 per
2038 966 2161 1006 eum
2188 950 2363 1006 omnia
2393 965 2552 1020 Opera
2583 951 2757 1004 divina
2785 954 3010 1020 perfecta
3033 965 3171 1007 sunt.
3203 955 3332 1007 Bra-

1774 1040 1949 1107 chium
1978 1041 2336 1112 dicitur,”Quia
2375 1042 2442 1096 ab
2468 1042 2583 1110 ipso
2609 1043 2782 1096 omnia
2813 1043 3168 1115 continentur.
3198 1046 3332 1097 hlar-

1776 1131 1946 1198 gat-ita
1987 1131 2303 1200 appellatur,
2348 1141 2404 1185 ut
2433 1131 2566 1185 nihil
2612 1131 2703 1184 illo
2733 1130 3014 1199 pretiosius
3055 1131 3332 1186 habeatur.

1775 1218 2079 1275 Thesaurus
2102 1220 2314 1286 dicitur,
2345 1231 2401 1275 ut
2441 1221 2494 1275 in
2525 1221 2640 1289 ipso
2673 1235 2859 1274 omnes
2903 1235 3030 1288 opes
3059 1230 3112 1274 et
3137 1221 3334 1274 divitias

1775 1324 2058 1378 regnorum
2105 1311 2397 1365 caelestium
2447 1310 2732 1366 recondita:
2769 1318 3141 1378 agnoscantur.
3185 1309 3334 1361 Retia

1775 1400 1984 1468 dicitur,
2015 1401 2140 1470 quia
2171 1415 2265 1469 per
2295 1401 2464 1469 ipsum
2487 1444 2501 1468 ,
2543 1410 2594 1454 et
2625 1401 2676 1454 in
2727 1401 2863 1468 ipso,
2895 1399 2960 1453 de
2990 1400 3120 1452 mari
3157 1399 3334 1454 sa-culi

1775 1489 1987 1544 diversa
2015 1490 2246 1560 gentium
2273 1489 2551 1543 multitudo
2574 1491 2710 1544 sicut
2736 1490 2982 1564 piscium,
3027 1505 3119 1558 per
3144 1504 3335 1558 aquam

1777 1583 2106 1651 baptismatis
2151 1570 2203 1636 in
2256 1581 2489 1636 Ecclesia
2527 1590 2894 1650 congregatur,
2940 1581 3027 1635 ubi
3073 1581 3333 1634 bonorum

1776 1673 2142 1742 malorumque
2177 1670 2461 1726 discrimen
2490 1673 2811 1740 agnoscitur.
2841 1674 3088 1726 Aratrum
3135 1688 3332 1725 nuncn-

117 1761 279 1828 imago
315 1760 482 1830 516
511 1761 640 1814 solis
679 1760 772 1814 lux
803 1774 895 1814 sua
945 1761 1016 1816 sit
1061 1777 1178 1830 qua:
1223 1763 1290 1816 de
1336 1763 1521 1817 eodem
1566 1765 1677 1818 sole
1711 1765 1756 1825 B
1783 1774 1956 1833 patur,
1987 1763 2107 1834 qula
2137 1762 2286 1831 signo
2311 1762 2484 1816 crucis
2511 1775 2623 1816 sua:
2651 1759 2778 1814 dura
2810 1768 3021 1829 pectora
3051 1760 3333 1841 subjiciun-

116 1851 367 1915 procedit.
395 1851 500 1905 Sed
523 1860 720 1921 quanta
742 1851 807 1904 ad
831 1851 943 1905 haec
968 1852 1274 1920 responderi
1299 1863 1536 1921 possunt,
1558 1869 1676 1923 quae

117 1941 226 1993 lites
263 1954 524 2009 generant
553 1942 714 2012 (quod
738 1943 1020 2010 Apostolus
1053 1943 1293 2011 prohibet
1318 1941 1415 2012 (Il
1447 1943 1574 1997 Tim.
1607 1959 1672 2013 tt,

121 2026 196 2095 il)
226 2027 245 2094 )
277 2030 497 2097 longum
528 2040 610 2085 est
639 2031 855 2086 dicere:
898 2031 1092 2101 quippe
1119 2045 1236 2086 cum
1265 2041 1474 2087 constet
1499 2034 1674 2088 lumen

119 2117 235 2170 illud
260 2121 408 2187 quod
439 2120 581 2175 Deus
609 2130 710 2187 est,
736 2122 1018 2188 aestimari,
1047 2123 1440 2192 comprehendi,
1468 2133 1522 2178 et
1544 2125 1674 2180 deii-

121 2209 208 2260 niri
240 2225 348 2262 non
379 2225 575 2278 posse:
607 2227 704 2266 nec
732 2227 856 2268 vere
894 2213 1087 2279 aliquid
1125 2228 1187 2267 ex
1227 2213 1306 2268 his
1335 2229 1452 2282 qua:
1479 2214 1532 2268 in
1576 2217 1675 2270 hoc

121 2299 307 2352 mundo
333 2310 482 2365 sunt,
517 2301 775 2369 majestati
817 2301 1008 2356 divina:
1035 2304 1356 2370 comparari,
1388 2304 1507 2372 quia
1548 2305 1674 2359 nihil

122 2389 179 2441 de
215 2391 464 2445 omnibus
492 2390 606 2446 istis
652 2405 768 2460 qua:
793 2393 1038 2447 videntur
1067 2403 1155 2448 aut
1183 2393 1446 2458 dicuntur,
1487 2409 1678 2449 secun-

123 2477 234 2531 dum
277 2479 328 2532 id
360 2481 502 2548 quod
542 2481 680 2535 Deus
708 2491 820 2546 est,
868 2481 1123 2552 condigna
1166 2483 1504 2542 similitudine
1532 2489 1677 2543 testi-

126 2569 246 2621 mari
278 2579 483 2636 potest;
514 2571 708 2638 quippe
738 2585 862 2625 cum
887 2571 1014 2639 ipsis
1053 2572 1406 2629 intellecﬁbus
1432 2585 1484 2630 et
1508 2578 1676 2632 sensi-

126 2657 214 2711 bus
260 2659 433 2727 major
473 2659 566 2714 sit.
612 2659 736 2716 ldeo
781 2662 1072 2730 prmmonui
1102 2670 1157 2716 ut
1184 2661 1507 2719 divinitatem
1549 2668 1678 2722 sub-

128 2747 321 2802 stantia:
365 2749 653 2816 crederes,
698 2757 753 2805 et
795 2764 978 2804 verum
1023 2750 1210 2804 Filium
1249 2751 1313 2806 de
1351 2767 1477 2806 vero
1522 2753 1676 2810 Patre

126 2847 464 2902 cognosceres
496 2852 510 2889 :
540 2835 607 2892 de
636 2837 886 2908 qualitate
929 2848 1104 2894 autem
1145 2841 1220 2894 rei
1260 2841 1531 2910 requirere
1570 2858 1675 2898 non

129 2922 354 2988 deberes,
389 2927 514 2994 quia
541 2927 695 2994 quale
722 2935 812 3002 aut
840 2935 1091 2995 quantum
1121 2929 1224 2995 sit,
1255 2930 1393 2985 scire
1423 2946 1524 2988 non
1557 2948 1678 3002 pos-

127 3012 207 3067 sis.
237 3013 346 3070 lloc
373 3017 517 3072 enim
543 3018 837 3086 prophetae,
872 3018 969 3072 hoc
999 3018 1236 3086 Apostoii
1265 3021 1636 3088 prccdicarunt.

718 3106 940 3163 CAPUT
983 3107 1068 3162 Vl.

189 3191 417 3261 Denique
452 3211 548 3263 pro
585 3206 775 3264 captu,
822 3213 919 3265 pro
949 3198 1182 3266 viribus,
1231 3215 1325 3268 pro
1363 3203 1464 3257 lide
1493 3217 1670 3259 nostra

130 3278 433 3352 intueamur,
466 3286 605 3340 Deus
633 3287 758 3355 quid
787 3289 888 3353 sit,
935 3299 988 3344 et
1017 3291 1285 3373 videamus
1323 3311 1390 3348 an
1428 3297 1474 3349 ei
1509 3301 1673 3364 possit

131 3369 302 3438 aliquid
332 3375 653 3445 comparari.
686 3376 842 3432 Certe
873 3377 958 3432 hic
983 3369 1067 3433 est
1095 3381 1159 3434 de
1188 3397 1291 3454 guo
1316 3393 1369 3437 et
1396 3398 1512 3438 cum
1541 3387 1670 3441 dici-

131 3467 220 3525 tur,
268 3479 370 3518 non
419 3475 594 3534 potest
637 3467 777 3532 dici;
827 3483 947 3524 cum
993 3471 1304 3541 aestimatur,
1354 3490 1460 3529 non
1501 3456 1674 3544 potest

132 3550 390 3616 mstimari;
438 3568 561 3608 cum
603 3563 960 3626 comparatur,
994 3568 1098 3614 non
1129 3570 1302 3630 potest
1341 3567 1666 3634 comparari;

130 3648 230 3689 cum
252 3639 519 3707 delinitur,
552 3643 667 3713 ipsa
703 3645 1009 3703 deﬁnitione
1047 3663 1142 3703 sua
1184 3654 1397 3706 crescit.
1425 3654 1525 3719 Qui
1563 3669 1671 3711 coe-

135 3725 224 3780 lum
255 3747 405 3788 manu
434 3749 530 3788 sua
553 3738 745 3803 operit,
775 3752 948 3808 pugno
969 3753 1178 3795 omnem
1211 3744 1390 3798 mundi
1419 3747 1668 3801 ambitum

131 3819 316 3878 claudit.
350 3828 518 3894 Quem
551 3836 717 3883 tetum
758 3817 934 3885 omnia
963 3834 1242 3901 nesciunt,
1290 3845 1343 3889 et
1387 3840 1669 3894 metuendo

133 3911 298 3966 sciunt.
325 3914 490 3984 Cujus
530 3917 730 3971 nomini
773 3925 827 3971 et
854 3920 1028 3973 virtuti
1067 3921 1350 3976 famulatur
1379 3924 1462 3978 hic
1484 3925 1629 3980 orbis
1651 3965 1665 3990 ,

131 4006 176 4049 et
201 4000 301 4067 ipsa
341 4005 727 4059 elementorum
756 4006 855 4060 sibi
882 4009 1277 4064 succedentium
1301 4021 1664 4068 momentaneu

135 4087 414 4148 vicissitudo
443 4103 690 4148 testatur.
727 4094 858 4149 Vide
885 4110 1008 4164 ergo
1037 4097 1083 4151 si
1126 4107 1297 4166 potest
1326 4101 1521 4170 aliquid
1550 4116 1667 4158 csse

132 4178 200 4230 cui
229 4184 380 4247 possit
412 4186 572 4238 Pater
605 4193 659 4238 et
706 4185 869 4239 Filius
899 4189 1223 4255 comparari;
1268 4192 1385 4259 quia
1432 4192 1547 4246 talis
1586 4201 1668 4247 est

135 4265 274 4325 Filius
309 4275 481 4341 qualis
509 4283 563 4328 et
592 4275 768 4329 Pater.
809 4272 922 4330 Non
952 4278 1092 4331 enim
1124 4279 1238 4347 ipse
1263 4293 1320 4334 se
1347 4295 1508 4335 unum
1541 4291 1664 4336 cum

136 4353 266 4412 Patre
305 4361 526 4428 diceret,
561 4364 658 4418 nisi
692 4365 847 4418 talem
879 4380 938 4420 se
965 4367 1132 4434 qualis
1175 4377 1256 4424 est
1285 4369 1438 4433 Pater
1479 4373 1660 4429 sciret.

1782 1863 1884 1920 tur,
1923 1863 1980 1908 ut
2024 1853 2328 1929 necessario
2370 1851 2560 1908 semini
2609 1852 2719 1921 ipsa
2765 1861 3146 1920 prccparentur.
3196 1852 3335 1906 Fons

1777 1939 1926 2014 aqua:
1959 1943 2090 1998 vivat
2120 1944 2431 2013 appellatur,
2461 1933 2583 2012 quia
2614 1956 2676 1996 es
2702 1957 2765 1997 eo
2794 1943 3024 1996 sitientia
3046 1942 3202 1996 corda
3229 1957 3338 1997 coeo

1797 2033 1925 2088 estis
1969 2047 2118 2102 aquas
2174 2033 2338 2101 gratia
2389 2031 2690 2100 irrigantur.
2745 2030 2898 2086 Petra
2948 2031 3167 2096 dicitur,
3213 2031 3335 2100 quia

1778 2123 2114 2178 credentibus
2163 2122 2526 2177 fortitudinem
2543 2103 2884 2191 ,‘increduiis
2919 2123 3166 2178 duritiam
3196 2137 3338 2191 prte-

1778 2221 1901 2267 stat.
1935 2211 2091 2279 Lapis
2129 2212 2394 2280 angularis
2421 2211 2634 2276 dicitur,
2666 2211 2784 2279 quia
2816 2219 3068 2279 utrosque
3106 2212 3335 2280 parietes

1779 2302 1908 2355 Novi
1935 2313 1988 2355 et
2011 2302 2214 2359 Veteris
2241 2301 2563 2356 Testamenti
2608 2314 2741 2355 unus
2778 2310 2834 2355 et
2862 2302 3117 2355 mediator
3146 2301 3199 2354 in
3233 2315 3331 2354 se-

1781 2392 2007 2460 metipso
2055 2392 2330 2445 continens
2375 2391 2657 2460 copulavit.
2694 2392 2875 2458 Agnus
2913 2392 3227 2460 appellatur,
3277 2403 3331 2446 ut

1781 2481 2079 2537 innocentia
2110 2479 2302 2536 Christi
2336 2489 2388 2535 et
2416 2480 2591 2549 passio
2615 2480 3024 2536 demonstretur.
3058 2482 3225 2536 Homo
3253 2481 3330 2536 di-

1779 2571 1933 2637 citur,
1965 2571 2087 2640 quia
2115 2571 2403 2625 secundum
2442 2583 2655 2624 carnem
2699 2578 2911 2640 propter
2955 2580 3050 2624 nos
3092 2571 3332 2626 homines

1779 2664 1920 2718 nasci
1950 2652 2195 2732 dignatus
2221 2669 2320 2716 est.
2356 2661 2560 2715 Vitulus
2590 2662 2799 2727 dicitur,
2844 2661 2966 2729 quia
3000 2669 3210 2729 preptcr
3239 2677 3333 2714 no-

1779 2765 1939 2810 strain
1984 2755 2206 2808 salutem
2253 2751 2361 2821 pati
2405 2752 2671 2806 sustinuit.
2720 2751 2906 2820 Aquila
2952 2751 3162 2815 dicitur,
3211 2753 3332 2821 quia

1779 2857 1896 2915 post
1921 2845 2271 2900 venerabilem
2302 2842 2775 2906 resurrectionem,
2819 2851 2875 2896 ut
2918 2857 3010 2896 rex
3054 2843 3235 2895 alitum
3266 2843 3331 2907 ad

1781 2938 1950 2992 Patris
1979 2939 2179 2993 revolat
2217 2935 2418 2991 sedem.
2466 2936 2572 2991 Leo
2607 2934 2776 2988 dictus
2806 2942 2919 3002 est,
2949 2935 3068 3004 quia
3099 2935 3212 3003 ipse
3249 2947 3331 2990 est

1780 3026 1894 3080 Rex
1921 3041 2125 3094 regum,
2155 3025 2244 3094 qui
2277 3033 2499 3079 mortem
2522 3038 2582 3078 ac
2605 3023 2846 3076 zabulum
2874 3024 3082 3077 virtutis
3110 3037 3218 3076 sua:
3240 3038 3329 3092 po-

1700 3113 1745 3175 C
1780 3125 1970 3172 testate
1997 3115 2328 3171 comminuit.
2359 3114 2454 3168 Via
2483 3122 2581 3179 est,
2607 3114 2726 3182 quia
2758 3128 2852 3181 per
2880 3113 3047 3181 ipsum
3078 3127 3330 3168 ascensus

1774 3217 1873 3262 est.
1906 3206 2144 3272 Veritas,
2174 3206 2294 3273 quia
2332 3203 2659 3258 mendacium
2693 3204 2879 3257 nescit.
2919 3203 3032 3256 Vita
3071 3211 3182 3268 cst,
3207 3204 3328 3271 quia

1771 3298 1885 3365 ipse
1913 3297 2157 3350 universa
2193 3294 2440 3348 viviticat.
2475 3292 2633 3347 Vides
2661 3305 2786 3360 ergo
2817 3306 2908 3359 per
2936 3293 3050 3345 haec
3079 3293 3346 3355 vocabula

1770 3385 2182 3453 significationes
2223 3381 2624 3452 dispositionum
2674 3389 2728 3435 et
2771 3394 2989 3449 operum
3027 3380 3328 3434 divinorum

1772 3485 2146 3544 praeostensas,
2171 3487 2277 3527 non
2310 3481 2482 3526 tamen
2512 3471 2681 3539 ipsum
2712 3469 2876 3523 Deum
2907 3471 3116 3538 proprie
3143 3471 3329 3525 defini-

1772 3565 1920 3620 tum?
1950 3566 2046 3619 Est
2071 3579 2200 3633 ergo
2230 3565 2384 3619 Pater
2419 3564 2560 3619 Dens
2598 3560 2887 3617 immensus
2906 3598 2921 3624 ,
2960 3569 3218 3626 aeternus,
3249 3561 3330 3614 in-

1770 3656 2300 3724 comprehensibilis,
2333 3655 2740 3711 inzestimabilis.
2785 3649 2879 3711 Est
2907 3660 2958 3711 et
2988 3651 3155 3712 Filius
3192 3653 3328 3721 ejus,

1772 3746 1912 3801 Deus
1937 3756 1992 3801 et
2018 3747 2271 3806 Dominus
2294 3753 2496 3814 noster,
2521 3735 2696 3799 lanius
2720 3754 2943 3814 quantus
2971 3756 3048 3800 est
3077 3755 3130 3801 et
3155 3748 3324 3814 Pater,

1769 3837 1862 3889 sed
1889 3852 1992 3889 non
2026 3837 2184 3905 513
2214 3835 2425 3889 aliunde
2451 3849 2606 3903 quam
2641 3834 2707 3888 de
2745 3833 2928 3898 Patre;
2959 3835 3077 3902 quia
3103 3852 3212 3903 ego,
3242 3836 3325 3889 in-

1768 3925 1898 3991 quit,
1932 3926 1994 3976 de
2017 3923 2170 3978 Patre
2190 3925 2342 3991 exiri,
2373 3923 2474 3977 hoc
2492 3931 2595 3989 est,
2630 3924 2803 3977 lumen
2830 3923 2894 3978 de
2917 3925 3113 3978 lumine
3141 3923 3320 3994 (Joau.

1767 4027 1874 4078 xvs,
1905 4013 2016 4075 28).

2355 4101 2576 4157 CAPUT
2616 4101 2723 4156 γυ.
2758 4105 2772 4152 .“

1835 4191 1936 4248 Sed
1969 4205 2033 4245 ne
2077 4205 2143 4246 ex
2190 4205 2256 4245 eo
2287 4192 2616 4246 occasionem
2660 4191 2888 4259 aliquam
2919 4189 3198 4248 haereticus
3236 4211 3318 4248 ra-

1768 4282 1897 4348 piat,
1929 4296 2047 4335 cum
2078 4281 2181 4334 duo
2207 4282 2419 4336 nomina
2446 4282 2528 4335 vel
2555 4281 2686 4335 duas
2709 4295 2994 4350 personas,
3026 4282 3078 4337 id
3109 4293 3189 4337 est
3218 4285 3318 4337 Pa-

1767 4375 1860 4427 tris
1899 4381 1952 4427 et
1991 4372 2106 4426 Filii
2151 4381 2358 4438 statuo,
2397 4374 2544 4442 quasi
2591 4373 2722 4427 duos
2754 4373 2881 4428 deos
2911 4375 3077 4429 dicam
3101 4416 3114 4438 ,
3144 4385 3202 4429 ut
3245 4377 3317 4433 illi

135 4443 268 4503 llatio
296 4454 536 4521 quaedam
564 4462 646 4508 est
673 4469 788 4524 qua:
817 4454 953 4523 apud
981 4454 1190 4513 Graecos
1217 4460 1370 4532 Λόγος
1395 4461 1664 4540 ηυιιοιψιο
1689 4467 1742 4527 D
1766 4462 1897 4515 duos
1921 4476 1983 4516 es
2012 4461 2312 4518 diversitate
2337 4463 2639 4532 contingunt
2665 4480 2678 4515 :
2712 4476 2806 4516 nos
2837 4473 3007 4518 autem
3034 4463 3239 4519 Patrem
3265 4478 3318 4522 et

134 4545 220 4604 tur,
247 4558 355 4610 qua:
397 4549 540 4601 inter
569 4548 775 4603 Patrem
804 4557 858 4604 et
895 4549 1082 4604 Filium
1113 4566 1365 4621 personas
1393 4554 1474 4608 vel
1507 4569 1662 4608 voca-

134 4624 233 4681 bula
253 4631 520 4704 distinguit
551 4653 564 4688 :
598 4637 718 4705 quia
741 4648 792 4692 et
815 4639 926 4706 ipse
950 4637 1113 4694 Filius
1137 4640 1270 4696 ratio
1289 4641 1479 4696 dicitur
1502 4660 1513 4693 :
1543 4657 1660 4712 qua:

137 4723 283 4775 tamen
309 4730 444 4780 ratio
477 4729 654 4782 multis
684 4729 982 4786 nominibus
1008 4731 1317 4800 appellatur.
1348 4735 1502 4788 Modo
1530 4735 1658 4790 Ver-

134 4808 264 4875 bum,
294 4818 448 4870 modo
477 4819 641 4872 virtus
660 4859 674 4883 ,
713 4820 871 4874 modo
901 4823 1155 4890 sapientia
1177 4865 1191 4889 ,
1219 4825 1376 4879 modo
1405 4826 1614 4881 dextera
1636 4871 1650 4894 ,
1682 4814 1688 4825 ’

135 4901 269 4956 modo
304 4907 601 4972 brachium,
636 4910 791 4963 modo
820 4912 1095 4978 margarita
1115 4950 1132 4975 ,
1164 4913 1320 4969 modo
1357 4913 1654 4979 thesaurus,

134 4992 267 5046 modo
293 5002 442 5065 retia,
475 5001 631 5054 modo
659 5010 910 5065 aratrum,
945 5003 1099 5069 modo
1131 5006 1268 5071 fons,
1300 5005 1456 5060 modo
1483 5016 1652 5075 petra,

136 5080 266 5134 modo
305 5087 435 5157 lapis
481 5089 774 5158 angularia,
824 5090 1203 5160 modo-"agnus,
1259 5094 1417 5148 modo
1462 5095 1618 5150 homo
1635 5109 1658 5161 ,'

135 5169 264 5224 modo
297 5178 518 5242 vit..lus,
561 5177 717 5232 modo
746 5179 956 5246 aquila,
997 5179 1152 5233 modo
1186 5181 1304 5250 leo,
1347 5182 1502 5238 modo
1531 5184 1610 5237 via
1634 5223 1651 5248 ,

138 5260 265 5315 modo
287 5271 495 5335 Veritas,
523 5280 573 5323 et
602 5271 705 5323 vita
734 5288 746 5322 :
777 5271 896 5324 cum
937 5271 1002 5322 sit
1036 5269 1168 5324 Deus
1194 5272 1369 5326 omnia
1399 5273 1450 5326 in
1479 5275 1652 5344 omni-

138 5344 241 5413 blIS.
283 5367 330 5410 ut
367 5375 462 5430 per
505 5362 618 5413 haec
644 5361 890 5414 vocabula
921 5360 1212 5415 divinarum
1243 5363 1398 5433 517
1427 5364 1654 5434 disposié

141 5438 302 5498 tiouum
329 5451 578 5519 mysteria
609 5460 1012 5518 cognoscantur,
1043 5451 1145 5504 non
1177 5461 1232 5506 ut
1262 5453 1371 5523 ipsa
1401 5456 1647 5521 majeslas

140 5524 232 5584 Filii
260 5535 339 5593 Ι)ρὶ
374 5541 588 5609 pr0prie
618 5540 833 5595 definita
864 5551 1205 5596 monstretur.
1235 5543 1368 5607 Quid
1389 5553 1470 5599 est
1503 5545 1642 5600 enim

1767 4554 1954 4612 Filium
1984 4556 2056 4608 ita
2085 4555 2451 4620 nominamus,
2484 4562 2540 4606 ut
2563 4569 2722 4606 unum
2754 4553 2914 4607 Deum
2944 4556 2994 4607 in
3024 4555 3102 4608 his
3131 4572 3316 4624 perso-

1765 4648 1846 4702 nis
1868 4657 1920 4701 et
1955 4646 2259 4701 nominibus
2284 4645 2671 4713 consignemus.
2705 4645 2942 4698 Viderint
2980 4647 3314 4716 philosophi,

1763 4737 1988 4792 viderint
2034 4735 2268 4789 bmretici
2319 4733 2562 4802 discipuli
2616 4748 2798 4788 eorum
2856 4735 2944 4802 qui
2998 4746 3313 4805 potestatum

1762 4828 2067 4883 diversitate
2111 4827 2396 4886 variantur.
2444 4823 2602 4878 Nobis
2657 4833 2828 4877 tamen
2880 4841 3012 4880 unus
3061 4828 3199 4880 Deus
3232 4839 3318 4884 est

1759 4917 1933 4980 Pater,
1965 4923 2020 4968 ut
2057 4914 2341 4983 Apostolus
2370 4912 2533 4979 dixit,
2565 4927 2626 4968 ex
2659 4928 2760 4980 quo
2787 4908 2988 4974 om'nia,
3035 4923 3087 4967 et
3123 4929 3216 4967 nos
3243 4931 3308 4968 ex

1756 5009 1872 5075 ipso
1905 5025 1916 5059 :
1946 5016 1999 5062 et
2029 5020 2160 5060 unus
2188 5004 2440 5058 Dominus
2465 5004 2617 5059 Jesus
2645 5002 2882 5057 Christus
2928 5004 3064 5058 Dcus
3103 5004 3190 5056 Dei
3223 5004 3307 5056 Fi-

1755 5098 1854 5152 lius
1873 5141 1887 5164 ,
1935 5112 2028 5166 per
2052 5109 2208 5165 quem
2238 5093 2446 5166 omnia,
2473 5103 2529 5148 et
2558 5107 2652 5147 nos
2681 5108 2774 5162 per
2805 5095 2994 5161 ipsum.
3024 5093 3149 5146 Nam
3179 5095 3303 5157 duo,

1754 5186 1877 5255 quid
1901 5185 2040 5241 aliud
2078 5185 2424 5254 intelligatur,
2452 5199 2607 5253 quam
2639 5186 2860 5238 duorum
2890 5188 2984 5252 'per
3015 5194 3186 5251 partes
3224 5184 3303 5237 di-

1753 5277 1865 5330 visa
1905 5273 2230 5341 substantia,
2269 5283 2472 5330 etcum
2521 5271 2816 5327 nominibus
2859 5273 2982 5340 ipsis
3025 5272 3300 5327 dissociata

1753 5373 1937 5419 natura
1959 5405 1974 5429 ,
1999 5362 2186 5432 agendi
2213 5377 2272 5424 ac
2299 5361 2516 5430 jubendi
2549 5370 2652 5414 tam
2685 5361 2924 5414 voluntas
2951 5375 3106 5428 quam
3136 5361 3301 5430 impe-

1750 5455 1828 5508 ria
1867 5452 2071 5508 divisa?
2102 5452 2268 5508 Porro
2299 5453 2453 5507 Pater
2489 5466 2552 5506 ac
2589 5451 2752 5506 Filius
2788 5452 2883 5503 etsi
2913 5450 3031 5503 dum
3063 5465 3299 5518 personas

1747 5542 2051 5608 creduntur,
2084 5543 2288 5597 ratione
2344 5551 2516 5603 tamen
2563 5549 2615 5594 ct
2649 5540 2931 5594 substantia
2978 5554 3112 5594 unus
3154 5553 3297 5599 sunt.

142 5618 270 5680 filius
291 5629 348 5683 de
371 5647 434 5686 eo
463 5630 605 5710 quod
639 5630 790 5684 Pater
832 5633 944 5688 est?
976 5633 1122 5692 Alius
1152 5633 1307 5688 idem.
1339 5633 1466 5688 Nam
1495 5633 1642 5719 et‘ob
1747 5632 1876 5687 Nam
1908 5631 2239 5710 iiuequalium
2270 5631 2517 5698 societas,
2548 5628 2780 5688 melioris
2809 5627 3007 5684 oil‘cnsa
3034 5637 3144 5698 est;
3171 5641 3222 5685 et
3247 5633 3302 5688 iu

329 5723 593 5804 Parnm.
643 5720 831 5782 LXII.

2714 5715 2781 5778 15
