3862 6222
533 265 664 339 es”.
742 299 749 308 ι

1825 279 2045 334 νιειιιι
2081 279 2443 335 TAPSENSIS

3677 264 3782 320 ιω

534 395 776 466 iniuriam
819 396 933 462 ejus
963 394 1048 461 qui
1091 405 1242 444 verus
1275 389 1410 441 Deus
1451 394 1562 448 est.
1611 400 1716 460 non
1757 400 1912 440 verus
1959 388 2088 441 alius
2122 393 2168 449 Α
2198 391 2506 452 mansisset,
2551 403 2613 443 ex
2645 390 2792 458 cujus
2821 389 3110 455 substantia
3146 403 3259 449 erat
3294 411 3307 449 :
3343 393 3465 465 quia
3516 395 3685 464 qum!
3717 395 3782 448 de

535 495 886 557 comparatur.
940 485 1101 537 lienm
1139 481 1243 548 .qui
1307 479 1500 546 injuste
1547 487 1852 547 citmpatjat,
1905 479 2085 532 violat.

536 581 665 633 Cum
710 584 881 629 autem
914 586 1011 638 ego
1039 569 1245 623 Patrem
1289 579 1341 622 et
1384 567 1574 620 Filium
1599 575 1803 628 statuo,
1838 567 2088 621 unitatem

536 665 744 736 generis
770 663 1000 730 assigno.
1035 660 1099 714 Et
1128 658 1177 713 si
1207 658 1347 712 illam
1369 657 1430 712 in
1475 657 1713 725 personis
1742 656 1952 720 divido,
1983 658 2092 712 dis-

536 755 700 810 cretio
728 764 902 807 tamen
942 763 1285 820 personarum
1333 761 1515 802 rursus
1555 746 1738 802 eadem
1787 748 1996 800 nemina
2038 747 2090 800 in

538 845 788 900 unitatem
823 841 935 904 sui,
969 840 1192 894 naturali
1233 839 1446 894 foederis
1477 837 1590 905 lege
1617 837 1910 906 eonsignat.
1945 820 2094 892 Un‘de

538 947 590 990 ει
620 941 794 989 tantus
818 941 899 987 est
931 932 1091 985 Filius
1118 939 1343 999 quantus
1374 927 1631 981 videbitur
1661 926 1835 1002 Pater,
1868 920 2007 979 totus
2028 926 2096 981 de

541 1033 678 1088 toto,
725 1019 937 1092 integer
955 1023 1020 1076 de
1051 1023 1281 1089 integro,
1311 1018 1574 1087 perlectus
1599 1016 1665 1071 de
1695 1016 1926 1084 perlecta
1955 1031 2096 1070 -con-

539 1127 903 1183 Summataque
932 1114 1122 1167 virtute
1159 1132 1187 1190 ξ
1212 1112 1348 1164 sicut
1375 1109 1662 1178 Apostolus
1687 1110 1816 1162 dicit
1847 1125 1860 1161 :
1896 1107 1959 1162 lu
1998 1126 2096 1174 quo

538 1205 697 1257 omnis
743 1203 998 1271 plenitudo
1028 1201 1304 1254 divinitatis
1348 1199 1675 1267 corporaliter
1712 1198 1903 1251 habitat
1948 1197 2092 1267 (Col.

542 1311 598 1358 ιι,
625 1295 699 1364 9).
740 1292 869 1346 Nam
895 1301 949 1346 et
969 1290 1227 1344 Jeremias
1265 1288 1658 1356 receptissimus
1688 1290 2059 1356 pmpitetarnm
2079 1327 2096 1354 ,

544 1384 676 1439 hanc
697 1384 948 1438 unitatem
971 1381 1256 1454 divinitat‘s
1276 1381 1325 1434 in
1351 1379 1504 1433 Patre
1531 1389 1584 1434 et
1612 1379 1745 1433 Filio
1770 1371 1963 1444 sciens,
1988 1381 2096 1434 ait:

545 1473 644 1528 llic
687 1483 760 1527 cst
791 1471 926 1528 Deus
955 1481 1142 1538 noster,
1183 1469 1228 1525 ἐι
1260 1458 1358 1523 non
1396 1454 1722 1538 deputabitur
1754 1469 1888 1522 illius
1917 1469 2099 1545 absque

541 1567 632 1620 illo
655 1582 673 1619 :
697 1567 780 1635 qui
809 1565 994 1618 invenit
1026 1579 1219 1616 onmem
1245 1563 1375 1617 viam
1409 1559 1724 1629 prudentior,
1757 1569 1800 1616 et
1830 1560 1966 1612 dedit
1991 1576 2100 1630 eam

541 1655 696 1710 Iacob
724 1672 878 1726 puero
900 1671 1010 1718 suo,
1032 1665 1077 1708 et
1103 1653 1266 1707 Israel
1297 1654 1478 1706 dilecto
1502 1652 1618 1706 sibi.
1651 1651 1768 1705 Post
1787 1651 1893 1705 hwc
1922 1652 1971 1704 in
2000 1659 2099 1703 ter-

2193 481 2344 535 l'alre
2368 490 2468 546 est,
2497 495 2591 534 nec
2620 479 2804 546 videri,
2837 499 2932 538 nec
2962 487 3176 552 mutari,
3206 501 3302 542 nec
3323 489 3583 542 Conversi
3615 504 3780 555 [tisse

2191 569 2506 622 credendum
2539 580 2635 622 est.
2672 570 2880 625 Accedit
2909 563 2972 626 ad
3001 588 3208 628 causam
3230 576 3351 645 quia
3377 591 3504 631 cum
3538 576 3774 646 illapsu:

2191 668 2272 714 cst
2301 661 2351 714 in
2381 659 2626 729 Mariam,
2655 675 2774 715 cum
2809 662 3035 732 Virginis
3070 677 3275 721 uterum
3305 667 3558 738 opplevit
3578 709 3598 728 .
3632 669 3772 720 aliud

2193 751 2368 818 utique
2411 764 2471 804 ex
2505 750 2592 802 illa
2615 765 2774 819 quam
2819 753 2957 818 quod
2993 766 3209 811 venerat
3238 767 3415 811 natum
3459 766 3584 812 est.
3619 743 3773 811 [inde

2189 837 2320 906 jam,
2351 837 2624 907 inquiunt,
2640 852 2888 908 corrupta
2914 844 3200 899 substantia
3231 856 3422 900 statum
3455 852 3659 909 vertit,
3687 864 3774 898 ομ

2194 928 2371 989 dinem
2407 928 2607 996 perdit,
2639 931 2888 984 continuo
2914 933 3273 990 immutatione
3300 939 3410 1006 ipsa
3441 937 3771 992 inﬁtiandus

2195 1016 2260 1071 de
2283 1017 2390 1071 Deo
2417 1018 2468 1070 in
2492 1017 2757 1073 hominem
2776 1062 2790 1084 ,
2822 1022 2890 1074 de
2912 1023 3102 1088 spiritu
3130 1027 3181 1078 in
3210 1040 3442 1080 carnem.
3480 1027 3556 1080 Et
3587 1028 3773 1090 utique

2197 1105 2471 1159 translatio
2515 1106 2722 1173 omnis,
2777 1109 3116 1179 interemptio
3156 1123 3237 1167 est
3282 1116 3518 1182 pristini.
3565 1118 3649 1169 Ac
3679 1131 3771 1183 ρετ

2199 1197 2314 1260 hoc,
2347 1196 2523 1260 aiunt,
2551 1197 2595 1250 si
2628 1196 2789 1252 Filius
2816 1199 2882 1254 de
2925 1200 3094 1255 Patris
3121 1203 3406 1258 substantia
3439 1218 3630 1268 esset;
3663 1210 3769 1273 jam

2197 1295 2252 1339 et
2281 1286 2484 1339 Patrem
2516 1287 2772 1341 minorem
2796 1289 2985 1352 videri,
3017 1291 3322 1346 substantiae
3343 1309 3454 1347 Sua:
3482 1297 3574 1347 vel
3605 1305 3688 1347 Ira
3715 1299 3771 1347 'i-

2198 1375 2370 1439 tione,
2398 1375 2478 1428 vel
2508 1370 2646 1433 ﬁne:
2679 1385 2732 1429 et
2757 1378 2971 1445 proinde
3000 1379 3190 1432 Filium
3219 1394 3283 1434 ex
3323 1382 3422 1434 alia
3456 1384 3768 1436 substantia

2197 1452 2417 1520 credere
2443 1465 2772 1532 maluerunt,
2799 1467 2938 1535 quod
2963 1470 3230 1533 converzi,
3261 1480 3314 1525 et
3341 1487 3426 1524 mu
3454 1473 3577 1532 ari,
3608 1481 3668 1524 ‹-ι
3695 1476 3768 1525 τίς

2199 1555 2311 1609 deri
2338 1557 2532 1624 possit;
2563 1557 2680 1625 quia
2713 1559 2810 1610 hoc
2838 1559 2904 1612 de
2944 1558 3116 1612 Patris
3143 1560 3428 1621 substantia
3461 1564 3623 1617 credi
3665 1581 3766 1616 non

2201 1646 2371 1702 liceat.
2420 1647 2539 1702 litec
2582 1656 2664 1702 est
2707 1662 2862 1704 causa
2905 1651 3132 1715 erroris,
3175 1651 3288 1706 inec
3330 1654 3484 1722 origo
3540 1657 3769 1709 ltmresis

547 1749 612 1801 ris
641 1748 775 1800 visus
801 1755 892 1811 est,
921 1754 967 1798 et
994 1761 1105 1797 cum
1133 1743 1416 1809 hominibus
1442 1749 1760 1796 conversatus
1794 1749 1864 1794 est
1887 1740 2094 1810 (Baruc.
2127 1734 2172 1793 Β
2201 1737 2444 1805 Arianae,
2488 1739 2613 1792 dum
2661 1754 2765 1793 non
2795 1740 3092 1810 intelligunt
3128 1743 3376 1798 virtutem
3407 1745 3540 1811 Dei,
3593 1763 3766 1814 neqne

543 1852 595 1893 ttt
618 1874 636 1901 ,
661 1836 771 1904 50).
807 1835 870 1889 Et
901 1833 1063 1888 Isaias
1100 1835 1198 1887 hoc
1237 1824 1688 1901 ipsnm'prtedicat
1715 1831 1938 1884 dicens:
1972 1829 2096 1883 Hcce

542 1927 665 1981 dicit
705 1925 944 1980 Dominus
977 1924 1106 1978 Deus
1133 1939 1150 1978 :
1181 1921 1417 1992 Fatigato
1443 1931 1517 1975 est
1555 1919 1840 1991 IEgyptns,
1870 1929 1916 1973 et
1945 1935 2098 1990 nego-

540 2020 684 2071 tiatio
707 2015 1026 2083 .EtltiOpum,
1054 2024 1100 2068 ct
1119 2013 1309 2070 Sabain
1329 2013 1423 2066 viri
1445 2012 1626 2065 excelsi
1649 2012 1718 2064 ad
1741 2019 1788 2065 te
1814 2011 2098 2065 transient:

539 2108 611 2161 ιιιὲ
634 2115 780 2160 erunt
807 2105 968 2177 519
988 2104 1136 2169 senti,
1163 2110 1228 2158 et’
1238 2109 1346 2171 post
1370 2109 1418 2155 te
1443 2101 1770 2155 ambulabunt
1795 2101 1946 2156 vineti
1963 2115 2098 2154 com-

539 2198 776 2270 pedibus,
805 2206 849 2249 et
869 2189 998 2250 in'te
1028 2194 1394 2261 precabantur;
1421 2193 1659 2264 quoniam
1686 2193 1740 2246 in
1767 2200 1813 2245 te
1833 2201 1905 2246 est
1933 2191 2097 2257 Deus,

539 2299 708 2343 etnon
737 2298 808 2342 est
833 2287 962 2341 alius
991 2285 1124 2340 Deus
1146 2294 1328 2354 preter
1355 2294 1439 2349 te;
1463 2294 1516 2340 tu
1540 2300 1595 2339 es
1618 2285 1748 2340 enim
1779 2281 1914 2337 Deus
1943 2283 2094 2354 (Isai.

539 2393 659 2444 xcv,
692 2377 795 2447 ti).
842 2376 993 2442 Quod
1022 2390 1090 2431 ne
1129 2386 1281 2445 putes
1320 2388 1406 2429 me
1432 2388 1499 2430 eo
1537 2373 1821 2440 supercilio
1860 2373 2100 2438 dixisse,

541 2484 646 2538 quo
691 2468 952 2524 Sabellius
984 2466 1169 2533 fertur,
1203 2465 1292 2535 qui
1324 2465 1495 2535 ipsum
1542 2464 1747 2519 Patrem
1768 2499 1782 2525 ,
1814 2465 1981 2532 ipsum
2011 2464 2101 2518 Fi-

545 2558 672 2611 lium
702 2557 1012 2626 proﬁtetur;
1044 2569 1149 2610 non
1189 2554 1259 2609 ita
1287 2568 1385 2615 nos
1429 2561 1592 2607 totum
1622 2552 1676 2606 in
1704 2565 1860 2606 unam
1887 2561 2101 2606 senten-

546 2647 674 2700 tiam
700 2647 953 2714 cegimus,
985 2653 1042 2698 ut
1066 2644 1290 2697 aliorum
1322 2641 1686 2696 haereticorum
1714 2639 1896 2694 fraude
1923 2641 2102 2707 capia-

549 2749 687 2789 mur.
745 2733 850 2789 Sed
895 2733 1014 2802 quia
1046 2733 1160 2801 ipso
1185 2730 1398 2805 nomino
1447 2744 1794 2798 personarum
1820 2730 2102 2783 auctoritas

544 2827 824 2880 indiscreta
848 2823 1205 2892 cognoscitur,
1228 2830 1281 2876 et
1307 2821 1472 2876 Filius
1498 2837 1600 2875 non
1624 2835 1838 2890 genere,
1865 2820 1956 2874 sed
1984 2835 2103 2888 per-

543 2915 798 2970 sonaliter
839 2929 868 2968 a
921 2914 1072 2968 Patre
1118 2911 1442 2978 nominatur,
1487 2911 1709 2980 proinde
1757 2920 1918 2965 totum
1961 2909 2102 2964 Patri

544 3005 855 3060 aseribimus
884 3004 1024 3073 quod
1048 3013 1129 3057 est
1159 3002 1343 3066 Filius,
1369 3010 1423 3056 et
1440 3009 1605 3056 totum
1630 3000 1763 3055 Filio
1783 3001 1922 3069 quod
1947 2998 2103 3054 Pater

2196 1827 2326 1880 tanti
2354 1829 2668 1882 sacramenti
2715 1829 3112 1896 dispositionem
3149 1845 3476 1900 agnoscunt,
3508 1849 3562 1888 ul
3599 1837 3765 1890 θειιιη

2195 1917 2440 1971 humanis
2479 1917 2864 1973 conditionibus
2891 1931 3218 1988 comparent.
3252 1924 3451 1987 Quibus
3485 1928 3669 1993 primo
3715 1931 3761 1980 in

2197 2005 2316 2060 loco
2341 2006 2762 2074 reSpondendum
2788 2016 2891 2073 est,
2921 2008 3107 2062 Filium
3138 2010 3228 2064 Dei
3260 2029 3362 2065 non
3399 2015 3469 2066 ita
3500 2017 3681 2068 visum
3712 2028 3763 2068 nt

2197 2095 2337 2155 Deus
2356 2106 2488 2161 erat,
2511 2094 2602 2149 sed
2624 2106 2682 2150 ut
2702 2095 2860 2151 homo
2877 2112 3066 2166 capere
3086 2110 3291 2168 poterat
3310 2103 3376 2156 de
3399 2103 3534 2158 Deo.
3564 2105 3762 2160 Deinde

2196 2185 2356 2240 variis
2384 2184 2564 2254 ﬁguris
2591 2201 2692 2240 non
2721 2187 3025 2242 mutabilem
3057 2198 3110 2244 ει
3134 2193 3543 2246 convertibilem
3589 2194 3760 2260 ipsum

2198 2289 2340 2341 esse,
2352 2274 2444 2328 sed
2465 2276 2562 2330 hoc
2577 2289 2694 2331 esse
2707 2284 2858 2344 poten
2866 2277 2951 2332 tia
2965 2277 3077 2341 Dei,
3092 2289 3146 2332 ut
3161 2295 3278 2334 eum
3291 2296 3348 2336 se
3364 2284 3599 2352 singulis
3612 2296 3759 2352 prout

2199 2364 2333 2430 vult,
2362 2364 2596 2419 revelare
2614 2365 2880 2435 dignatur,
2907 2367 3138 2422 habitum
3164 2379 3347 2438 mutet,
3371 2386 3479 2424 nan
3511 2375 3757 2428 sttbstan-

2198 2453 2326 2507 tiam
2356 2464 2554 2519 vertat;
2588 2469 2683 2509 nec
2721 2457 3092 2524 proprietatem
3118 2461 3239 2527 quat
3258 2461 3384 2515 tatis
3404 2463 3642 2524 amittat,
3667 2467 3756 2518 sed

2195 2541 2341 2609 juxta
2371 2544 2615 2596 meritum
2648 2543 2904 2609 videntis,
2949 2552 3420 2615 temperamentum
3461 2551 3756 2619 maiestatis

2199 2633 2482 2699 adhibeat;
2515 2635 2625 2703 ipse
2652 2644 2825 2690 tamen
2854 2623 3023 2696 idem.
3057 2646 3113 2691 ut
3141 2652 3352 2708 semper
3393 2652 3508 2706 est;
3553 2644 3607 2696 in
3637 2645 3756 2697 sub.

2199 2725 2405 2781 stantire
2434 2739 2545 2779 sum
2585 2726 2901 2795 preprietate
2937 2740 3263 2809 permaneat.
3295 2733 3458 2805 Sicut
3502 2735 3754 2803 scriptum

2200 2822 2279 2868 est
2310 2830 2323 2866 :
2358 2813 2579 2869 Jlutabis
2608 2831 2690 2868 eos
2731 2827 2780 2871 et
2815 2818 3158 2882 mutabuntur,
3187 2833 3241 2873 ιιι
3278 2834 3447 2874 autem
3485 2827 3622 2878 idem
3660 2828 3756 2894 ipse

2201 2919 2253 2958 es
2272 2944 2286 2968 ,
2317 2911 2362 2956 et
2389 2906 2508 2958 anni
2533 2905 2605 2958 tui
2633 2923 2733 2959 non
2772 2908 2999 2973 deﬁcient
3031 2907 3198 2976 (Psal.
3229 2925 3308 2976 et,
3337 2911 3452 2980 28).
3499 2913 3635 2968 Nam
3660 2916 3754 2969 etsi

2204 2994 2366 3047 multa
2394 3004 2606 3054 suntex
2637 2995 2718 3049 his
2747 3010 2863 3065 qua'
2898 2997 2952 3048 in
2980 2998 3078 3051 hoc
3108 2998 3304 3052 mundo
3344 3001 3615 3065 videntur,
3644 3018 3754 3070 qua

542 3104 642 3152 est.
667 3095 804 3149 Nihil
828 3111 930 3148 non
952 3093 1210 3147 videbitur
1237 3092 1426 3156 Patris,
1448 3091 1586 3162 quod
1606 3091 1923 3161 iudicabitur
1947 3089 2096 3154 Filii;
2126 3083 2171 3142 C
2203 3097 2267 3137 ex
2297 3084 2399 3136 alio
2428 3095 2803 3139 convertuntur
2831 3085 2884 3138 in
2912 3086 3049 3140 aliud
3071 3128 3087 3152 ,
3121 3097 3174 3141 ut
3203 3088 3445 3143 desinant
3472 3105 3595 3146 esse
3621 3095 3751 3159 quod

543 3199 641 3239 nec
673 3182 826 3248 Filii,
856 3181 993 3252 quod
1042 3179 1344 3235 defenditur
1383 3179 1590 3234 Patris:
1622 3179 1742 3249 quia
1776 3178 1947 3232 unitas
1991 3193 2099 3230 ma-

545 3273 751 3343 iestatis
792 3286 896 3324 non
940 3270 1063 3325 sinit
1108 3268 1238 3324 deos
1281 3268 1468 3337 plurali
1507 3267 1762 3322 vocabulo
1807 3267 2098 3335 appellari:

545 3363 740 3429 quippe
769 3374 887 3414 cum
915 3366 1122 3412 constet
1149 3356 1355 3411 Patrem
1379 3364 1432 3410 et
1453 3356 1640 3410 Filium
1667 3357 1820 3409 unius
1840 3369 1958 3410 esse
1979 3357 2102 3409 sub-

547 3451 783 3514 stantias;
830 3449 967 3502 unde
1013 3455 1237 3515 uterque
1280 3461 1412 3500 unus
1453 3445 1590 3499 Deus
1624 3454 1706 3500 εει
1747 3445 1939 3498 dictus.
1972 3444 2100 3497 illud

548 3547 671 3591 ante
715 3546 902 3590 cuncta
935 3545 1256 3598 metuentes,
1305 3549 1371 3588 ne
1414 3534 1458 3586 si
1495 3534 1649 3587 Pater
1676 3543 1730 3588 et
1756 3534 2100 3593 Filinsunum

553 3641 658 3680 non
689 3627 827 3689 sint;
875 3624 924 3677 in
957 3621 1203 3677 invidiam
1236 3628 1471 3676 recurrat
1498 3623 1746 3691 auctoris,
1791 3621 2103 3689 interpolata

551 3717 812 3771 nativitas.
849 3715 956 3769 lloc
1000 3714 1137 3768 enim
1173 3713 1365 3779 pla'cuit
1413 3711 1710 3781 haereticis,
1755 3723 1810 3766 ut
1839 3713 1974 3767 Deus
2019 3714 2106 3766 ille

515 3807 916 3881 omnipotens,
979 3801 1286 3866 invisibilis,
1333 3802 1620 3856 immensus
1662 3802 2006 3870 degeneraret
2051 3802 2103 3855 in

551 3896 710 3958 Filio;
744 3911 846 3947 non
879 3892 1036 3947 modo
1059 3902 1336 3961 potestate,
1364 3895 1458 3948 sed
1481 3902 1534 3948 et
1554 3894 1855 3948 conditione
1887 3886 2102 3956 mutata,

549 3985 694 4052 quasi
728 4000 828 4037 non
871 3984 1098 4050 potuerit
1131 3984 1279 4036 Pater
1309 3983 1373 4036 de
1409 3983 1693 4050 semetipso
1725 3983 1876 4036 talem
1909 3982 2105 4036 habere

551 4073 736 4126 Filium
763 4074 933 4138 qualis
963 4083 1014 4125 et
1042 4074 1150 4138 ipse
1179 4079 1278 4125 est.
1313 4071 1538 4125 Proinde
1569 4087 1664 4124 nos
1697 4086 1879 4125 verum
1915 4073 2102 4124 Filium

549 4162 617 4215 de
647 4177 772 4215 vero
804 4162 957 4214 Patre
979 4161 1068 4229 qui
1096 4175 1303 4229 semper
1329 4160 1457 4226 fuit,
1488 4174 1534 4214 et
1568 4168 1649 4214 est
1680 4163 1831 4214 unius
1861 4161 2103 4212 substan-

553 4255 636 4306 tia:
662 4267 780 4306 cum
809 4253 994 4316 Patre,
1025 4251 1369 4304 deicnzlitnus.
1419 4252 1480 4304 Et
1512 4251 1609 4305 hoc
1650 4261 1732 4306 est
1771 4252 1908 4319 quod
1940 4251 2104 4305 Graeci

553 4345 784 4418 ὁμούσιον
815 4345 1110 4413 appellant,
1145 4342 1195 4395 id
1237 4350 1318 4395 εει
1360 4357 1474 4393 eum
1503 4357 1600 4394 nno
1640 4342 1780 4394 aliud
1806 4342 2000 4410 ipsum,
2050 4353 2106 4395 ut

2200 3183 2373 3246 erant,
2399 3183 2451 3228 et
2483 3175 2581 3228 hoc
2607 3175 2714 3228 sint
2737 3175 2874 3244 quod
2906 3184 3044 3229 retro
3087 3192 3189 3230 non
3219 3178 3426 3232 fuerant
3456 3200 3467 3233 :
3502 3190 3561 3233 ut
3607 3182 3753 3234 limus

2200 3280 2320 3319 cum
2362 3265 2413 3318 in
2443 3255 2708 3320 hominem
2755 3267 3026 3335 ﬁguratur,
3069 3267 3223 3321 limus
3252 3283 3368 3323 esse
3393 3271 3502 3338 jam
3533 3272 3751 3330 desinit,

2201 3363 2258 3410 ut
2289 3356 2459 3424 pisces
2489 3365 2579 3408 ant
2616 3371 2740 3409 aves
2781 3371 2900 3422 eum
2945 3355 3010 3411 de
3045 3372 3178 3425 aqua
3207 3361 3534 3425 procedunt,
3580 3377 3647 3414 ex
3691 3376 3750 3414 eo

2198 3442 2305 3511 jam
2335 3459 2440 3495 non
2470 3457 2625 3510 aqua,
2659 3445 2776 3510 quia
2807 3445 2947 3498 aliud
2973 3462 2987 3497 :
3019 3455 3075 3498 ut
3103 3446 3266 3500 lutum
3290 3449 3452 3515 ﬁguli,
3481 3464 3604 3502 cum
3630 3451 3747 3501 soli.

2202 3531 2357 3585 datnr
2387 3534 2437 3586 in
2469 3540 2655 3585 testam
2682 3547 2698 3584 :
2727 3541 2780 3584 ut
2812 3532 2975 3600 lapis,
3013 3548 3132 3586 cum
3164 3535 3469 3590 diss-tlvitur
3510 3539 3750 3591 decoctus

2205 3621 2256 3674 in
2279 3621 2480 3674 calcem
2504 3637 2519 3671 :
2551 3629 2606 3674 ιιι
2630 3633 2786 3673 arena
2816 3634 2952 3695 cum,
2981 3633 3210 3676 mutatur
3240 3625 3293 3676 in
3316 3627 3542 3688 vitrum;
3570 3636 3623 3679 ct
3649 3641 3749 3678 ea:-

2205 3716 2337 3771 tcra,
2366 3722 2484 3776 qua:
2511 3708 2721 3778 longum
2753 3717 2832 3763 est
2864 3724 3160 3766 recensere.
3208 3712 3311 3766 Sed
3343 3714 3564 3767 multum
3597 3715 3746 3767 inter.

2203 3809 2305 3864 est,
2337 3801 2494 3853 stulte
2522 3790 2796 3866 lmretice;
2821 3800 2958 3856 inter
2984 3818 3046 3857 ea
3072 3820 3191 3872 qua:
3217 3805 3349 3860 facta
3380 3817 3524 3871 sunt,
3557 3818 3612 3862 et
3638 3824 3745 3861 eum

2204 3890 2292 3955 qui
2340 3889 2514 3942 omnia
2558 3892 2998 3958 quemadmodum
3044 3894 3206 3947 voluit
3253 3895 3394 3950 iecit.
3447 3897 3576 3963 Quae
3625 3899 3744 3947 iacta

2204 3987 2346 4044 sunt,
2377 3980 2620 4047 ascripta:
2649 3981 2932 4035 conditioni
2963 3985 3264 4039 deserviunt
3296 4002 3312 4039 :
3341 3989 3430 4056 qui
3462 4001 3592 4040 vero
3615 3989 3674 4038 le:
3694 3988 3745 4044 it,

2205 4083 2313 4122 sure
2343 4070 2625 4125 voluntatis
2654 4071 2807 4141 521
2835 4076 3108 4141 et.proprii
3148 4075 3282 4144 juris
3306 4085 3406 4131 est.
3451 4077 3628 4144 Neque
3661 4091 3741 4142 po-

2207 4166 2311 4212 test
2341 4159 2392 4210 in
2420 4158 2558 4215 aliud
2590 4176 2743 4225 quam
2772 4161 2909 4228 quod
2936 4172 3050 4223 est,
3080 4162 3254 4231 alqno
3280 4175 3502 4233 cogente
3533 4167 3741 4220 mutari.

2206 4247 2297 4301 sed
2330 4257 2482 4314 prout
2530 4250 2670 4311 vult,
2720 4259 2771 4303 et
2809 4251 2892 4304 cui
2922 4251 3027 4304 vult
3057 4266 3116 4305 se
3156 4253 3505 4311 demonstrat.
3537 4256 3658 4309 Nam
3700 4255 3739 4306 si

2207 4337 2376 4404 angeli
2409 4337 2458 4388 in
2487 4337 2647 4404 ﬁgura
2685 4337 2952 4391 hominum
2983 4354 3125 4406 sirpe
3151 4350 3272 4395 sunt
3307 4343 3434 4406 visi,
3485 4354 3540 4398 et
3583 4356 3738 4395 tamen

557 4414 793 4501 personae
820 4433 1081 4486 audientis
1111 4431 1381 4485 nominum
1414 4430 1618 4496 ﬁerent,
1649 4439 1830 4484 nonut
1857 4430 2100 4484 substan—

2207 4424 2349 4476 alind
2380 4439 2481 4478 non
2512 4434 2636 4479 sunt
2680 4441 2835 4493 quam
2875 4429 3010 4493 quod
3053 4443 3112 4483 se
3157 4444 3274 4484 esse
3315 4443 3542 4496 norunt,
3589 4445 3738 4495 neque

561 4526 682 4576 tiam
711 4522 963 4576 vocabula
991 4528 1320 4590 separarent.

1140 4629 1363 4683 CAPUT
1405 4629 1534 4682 Vlll.

622 4719 726 4774 Sed
751 4727 810 4772 ut
831 4733 986 4773 omne
1013 4721 1318 4789 mysterium
1342 4720 1562 4774 heresis
1586 4718 1794 4773 Ariana:
1820 4719 2111 4782 traducem,

559 4823 651 4862 cur
681 4811 849 4863 nolint
881 4809 1068 4863 Filium
1095 4811 1160 4865 de
1188 4811 1354 4865 Patris
1380 4811 1669 4865 substantia
1693 4810 1860 4876 credi,
1886 4809 2115 4864 breviter

559 4899 833 4952 intimabo.
867 4898 1025 4952 Aiunt
1053 4898 1190 4952 enim
1216 4916 1230 4951 :
1260 4898 1389 4951 Cum
1416 4899 1483 4953 sit
1510 4900 1648 4953 Deus
1679 4899 1832 4952 Pater
1861 4900 2103 4966 omnipo-

556 4999 708 5055 tens,
741 4987 1052 5050 invisibilis,
1104 4988 1544 5051 inconvertibilis,
1594 4989 1960 5052 immutabilis,
1990 5003 2105 5051 per-

559 5079 745 5142 l'ectus,
773 5090 983 5143 semper
1022 5074 1157 5128 idem
1178 5113 1194 5139 ,
1234 5084 1490 5140 aeternus;
1522 5075 1684 5130 Filius
1713 5091 1839 5131 vero
1863 5077 2103 5140 visibilis,

557 5168 677 5237 quia
706 5181 845 5236 saepe
881 5164 1122 5220 Patribus
1150 5165 1294 5219 visus
1335 5174 1444 5229 est;
1476 5174 1530 5220 et
1567 5167 1922 5221 convertibilis
1952 5178 2107 5236 atque

561 5257 850 5320 mutabilis,
895 5255 1015 5325 quia
1047 5256 1098 5308 in
1130 5253 1289 5308 variis
1337 5255 1513 5323 ﬁguris
1559 5256 1776 5324 singulis
1817 5259 2107 5326 quibusque

561 5359 677 5399 sese
721 5339 1054 5399 monstravit.
1105 5344 1202 5408 Qui
1249 5344 1290 5395 si
1334 5343 1401 5398 de
1432 5343 1633 5408 Patris,
1673 5346 1941 5414 inquiunt,
1969 5357 2112 5401 esset

565 5440 883 5507 substantia,
928 5453 1189 5506 nunquam
1233 5437 1344 5490 ﬁeri
1384 5447 1558 5504 posset
1600 5446 1653 5490 ut
1684 5447 1800 5491 ante
1828 5440 1999 5492 carnis
2029 5454 2109 5491 as-

567 5529 911 5593 suinptionem
955 5526 1293 5580 autvvisihilis
1337 5533 1425 5578 aut
1467 5526 1728 5578 mutabilis
1757 5537 2104 5579 cerneretur:

575 5614 691 5678 tltlin
735 5618 899 5678 potius.
931 5619 980 5669 in
1012 5619 1302 5685 mqualitatc
1346 5617 1621 5684 qnal‘utrr
1650 5623 1755 5673 est.
1801 5615 1955 5683 ,τῖΞο
1996 5633 2107 5684 per-

2211 4513 2556 4567 substantiam
2596 4524 2799 4568 mutant
2844 4531 2961 4570 cum
3009 4517 3227 4571 formam
3261 4518 3475 4574 humani
3523 4520 3737 4588 corporis

2211 4611 2459 4665 sumunt;
2507 4613 2703 4670 quanto
2759 4605 2922 4673 magis
2980 4605 3092 4673 ipse
3138 4607 3386 4661 Dominus
3434 4622 3611 4664 noster
3659 4608 3734 4675 Qui

2213 4692 2388 4745 omnia
2414 4691 2558 4757 fecit,
2586 4695 2671 4762 qui
2700 4694 2826 4762 ipsis
2854 4697 3054 4764 angelis
3081 4705 3134 4751 ut
3165 4698 3264 4750 hoc
3289 4710 3526 4766 possent,
3559 4715 3642 4752 sui
3669 4700 3733 4747 in-

2217 4782 2489 4837 stitutione
2513 4786 2809 4839 concessit?
2836 4786 2945 4840 Huc
2969 4788 3167 4842 accedit
3189 4791 3325 4856 quod
3353 4791 3395 4843 si
3429 4792 3612 4844 Filium
3640 4790 3733 4846 Dei.

2216 4883 2271 4926 ut
2293 4872 2401 4940 jam
2429 4874 2620 4928 dictum
2654 4883 2735 4928 est
2761 4876 2828 4930 ita
2857 4878 3022 4930 visum
3055 4892 3083 4929 a
3118 4877 3353 4932 Patribus
3382 4881 3729 4945 approbanms.

2211 4971 2264 5013 ut
2294 4976 2397 5015 non
2422 4970 2586 5018 totum
2621 4964 2672 5017 in
2696 4964 2781 5017 illo
2809 4967 2946 5034 quod
2975 4967 3113 5021 Deus
3137 4978 3237 5032 εει,
3261 4970 3560 5030 videretur;
3585 4968 3666 5021 sed
3691 4979 3734 5015 ιιι

2211 5049 2580 5119 dispositiones
2605 5068 2777 5107 rerum
2809 5056 3096 5110 luturarnm
3116 5097 3133 5122 ,
3163 5074 3278 5126 quae
3316 5061 3427 5113 suis
3473 5061 3732 5129 quibusque

2214 5141 2534 5208 temporibus
2559 5143 2880 5212 complenda;
2907 5157 3088 5215 erant,
3128 5149 3180 5201 in
3227 5149 3318 5202 illo
3359 5166 3451 5216 per
3485 5151 3732 5217 imaginem

2214 5244 2571 5288 cernerentur.
2611 5235 2736 5289 Nam
2763 5238 2883 5306 quis
2925 5239 3110 5292 Filium
3141 5241 3229 5293 Dei
3256 5240 3433 5294 videre
3459 5244 3619 5309 potuit
3653 5254 3728 5287 an-

2213 5337 2418 5395 tequam
2448 5328 2847 5396 c0nspicabilem
2878 5332 3146 5383 materiam
3174 5332 3308 5383 sicut
3337 5332 3385 5384 ei
3427 5333 3635 5397 plaenit,
3663 5341 3731 5376 τις·

2211 5421 2434 5485 sumpsit
2455 5459 2469 5483 ,
2499 5423 2577 5474 vel
2610 5421 2778 5487 ipsum
2809 5421 3071 5474 hominem
3118 5423 3334 5476 induere
3369 5424 3605 5490 dignatus
3631 5415 3727 5468 est?

2211 5518 2306 5583 Qui
2333 5519 2432 5570 etsi
2461 5518 2681 5573 Abraha:
2709 5521 2849 5573 visus
2877 5529 2956 5574 est
2983 5520 3129 5588 (Gen.
3157 5522 3334 5588 svnt),
3373 5523 3466 5575 sed
3505 5523 3550 5574 in
3589 5519 3727 5571 {eum

2214 5619 2422 5672 humani
2471 5621 2704 5689 corporis
2746 5622 2885 5674 visus
2934 5604 3042 5683 eSI,
3095 5637 3195 5689 quo
3235 5622 3438 5675 scilicet
3487 5624 3726 5688 νυδιιειιιι
