3862 6222
10 294 44 350 il
924 309 1197 367 CONTRA
1240 308 1633 369 PALLADIUM
1671 314 1972 373 ARIANUM
2011 317 2134 375 LIB.
2173 317 2234 374 ll.

3066 319 3172 377 462

9 409 263 484 [προιίϋιιε
317 414 376 468 in
424 416 652 472 ltnmine
691 430 937 477 venturus
980 439 1101 480 esse
1138 426 1521 480 ostenderetur.
1552 428 1603 485 Λ
1628 427 1764 493 tulit,
1794 438 1852 485 ut
1876 431 2112 501 εριιίιιιπι
2141 433 2190 486 in
2218 446 2428 490 carnem
2454 441 2698 511 mutaret.
2731 431 2822 487 sed
2853 439 2905 486 ut
2926 443 3170 499 suscepto

10 507 98 562 ωι)
121 508 285 561 etiam
314 508 464 562 alibi
494 510 548 564 in
578 514 785 580 angelo,
808 515 932 572 alibi
954 532 1103 587 mque
1127 519 1334 574 videtur
1361 518 1413 573 in
1441 520 1531 572 lto-

10 604 79 656 ine
104 602 261 673 (Gen.
295 603 532 673 xxvut).
560 604 661 672 Qui
689 607 809 662 ideo
832 620 891 663 se
912 610 963 664 in
984 612 1173 680 angelo
1196 611 1528 667 demonstra-

9 704 37 758 t,
65 704 119 747 ut
156 694 423 747 nuntium
473 710 536 750 se
574 697 746 771 magni
783 700 986 754 consilii
1032 700 1309 756 indicaret.
1342 701 1398 754 In
1430 702 1531 755 hb-

10 785 83 836 ine
104 797 231 835 vero
257 796 393 836 cum
424 798 542 851 quo
585 793 639 838 et
668 785 978 842 colluctatus
1000 786 1162 843 fuisse
1180 788 1521 854 describitur,

31 872 308 939 imaginem
346 870 558 929 futurae
603 874 989 933 colluctatiouis
1014 894 1169 947 quam
1209 894 1328 934 cum
1366 879 1525 934 Israel

9 961 209 1016 ὠὶιιιι-υε
237 971 365 1016 erat
392 961 563 1034 (Gen.
590 979 733 1019 χχιιι
751 1008 766 1032 ,
795 966 908 1035 30).
935 981 1053 1022 cum
1095 970 1384 1023 secundum
1422 970 1524 1024 ho-

10 1050 124 1102 inem
157 1048 493 1107 advenisset
514 1092 531 1117 ,
579 1054 854 1122 perspicue
890 1054 1164 1110 indicaret.
1194 1056 1300 1112 Sed
1343 1065 1399 1110 ut
1427 1056 1525 1112 Do-

10 1139 133 1193 iuum
162 1139 458 1207 crederet,
492 1156 611 1198 cum
642 1158 745 1213 quo
770 1153 914 1200 tanto
932 1146 1224 1201 certamine
1242 1146 1341 1202 sub
1360 1148 1524 1216 ligura

9 1228 168 1283 tmiuis
217 1228 581 1296 luctabatur,
624 1232 814 1297 Israel,
860 1234 911 1288 id
956 1244 1069 1303 est,
1126 1234 1291 1292 homo
1337 1236 1523 1292 videns

9 1334 125 1385 eum,
155 1334 361 1376 nomen
385 1310 632 1393 accepit.
670 1323 785 1378 Vidi
806 1326 954 1393 enim,
979 1326 1174 1396 inquit,
1202 1326 1365 1382 Deum
1394 1328 1523 1398 facie

9 1410 19 1459 ι
38 1412 232 1477 faciem,
261 1420 314 1465 et
344 1414 511 1468 salva
539 1418 672 1484 facta
691 1425 764 1470 est
790 1418 957 1471 animo
985 1435 1097 1472 mea
1122 1418 1315 1489 (Exod.
1345 1434 1422 1484 nt,
1441 1418 1520 1490 2).

9 1499 211 1569 tutique
254 1501 507 1572 ﬁguram
536 1504 762 1560 hominis
804 1507 1037 1576 viderat,
1067 1525 1224 1578 quam
1258 1509 1398 1566 Deus
1428 1511 1521 1567 Dei

9 1590 104 1643 ilius
126 1592 408 1648 induerat.
444 1596 614 1665 Moysi
647 1597 697 1649 in
726 1598 858 1651 rubo
887 1597 937 1651 in
966 1598 1172 1654 ﬂamma
1204 1601 1337 1670 ignis
1363 1616 1521 1671 appa-

9 1680 66 1743 tit,
90 1690 145 1735 ut
166 1682 355 1738 lumen
387 1684 769 1750 credentibus,
813 1687 1099 1744 incredulis
1138 1689 1395 1758 judicium
1424 1693 1520 1747 de-

1628 517 1822 574 homiui
1863 519 2305 577 immortalitatem
2350 527 2504 592 a'tquc
2545 523 2895 579 aeternitatem
2940 520 3169 575 cmlcstis

1627 608 1746 663 vita:
1772 619 2058 676 prmstaret.
2099 612 2230 667 Nam
2259 613 2360 668 etsi
2384 615 2670 682 "Apostolus
2695 614 3036 681 semetipsum
3060 612 3173 666 cxi-

1626 698 1835 754 nanisse
1874 700 2031 766 dicit,
2073 702 2294 758 formam
2323 706 2463 759 servi
2492 705 2825 773 suscipiendo
2858 703 3075 774 (Philip.
3107 718 3168 771 tt,

1627 783 1703 853 7),
1734 800 1839 842 non
1884 789 2061 858 utique
2089 791 2166 846 sic
2202 791 2525 845 exinanitum
2567 794 2852 861 accipimus
2877 799 2912 855 ,'
2938 802 2997 845 ut
3028 793 3172 848 aliud

1624 890 1778 944 quam
1811 879 1949 947 quod
1975 879 2145 935 fuerat
2186 881 2323 935 idem
2352 875 2584 950 spiritus
2614 884 2783 951 ﬁeret,
2814 882 2908 938 sed
2938 892 2996 938 ut
3016 898 3176 951 seuo-

1624 969 1727 1021 sito
1751 969 1958 1024 interim
2000 973 2289 1041 majestatis
2311 987 2427 1029 sum
2457 976 2694 1044 honore;
2741 976 3026 1031 humanum
3054 993 3177 1032 cor-

1622 1068 1722 1123 pus
1747 1056 2014 1129 indueret,
2043 1075 2150 1130 quo
2170 1072 2436 1134 suscepto,
2479 1065 2620 1121 salus
2648 1067 2881 1136 gentium
2905 1066 3074 1122 ﬁeret.
3104 1066 3176 1122 Ut

1621 1146 1765 1203 enim
1790 1148 1869 1204 sol
1906 1163 2024 1206 eum
2055 1154 2192 1209 nube
2216 1156 2428 1224 tegitur,
2459 1157 2676 1212 claritas
2703 1156 2859 1227 523
2879 1158 3000 1226 ejus
3018 1172 3173 1213 com-

1624 1236 1884 1305 primitur,
1911 1256 2017 1296 non
2043 1252 2289 1310 caecatur,
2321 1255 2375 1301 et
2401 1246 2575 1302 lumen
2599 1246 2728 1301 illud
2748 1248 2887 1317 quod
2912 1257 3024 1302 toto
3041 1249 3175 1303 orbo

1621 1327 1866 1384 diii'usum
1886 1332 2029 1387 claro
2050 1334 2331 1404 splendore
2358 1345 2545 1392 cuncta
2568 1337 2832 1406 perfundit
2850 1379 2864 1404 ,
2893 1352 3053 1407 parvo
3081 1338 3175 1393 ad-

1621 1416 1834 1472 modum
1860 1421 2128 1476 obstaculo
2157 1425 2311 1479 nubis
2337 1425 2639 1494 includitur,
2670 1440 2774 1482 non
2801 1427 3036 1483 aufertur
3058 1442 3071 1481 :
3096 1428 3175 1482 sic

1619 1515 1675 1561 et
1702 1506 1869 1572 homo.
1902 1510 1993 1566 ille
2020 1527 2176 1582 quem
2208 1515 2462 1570 Dominus
2498 1516 2842 1588 Saivatorque
2879 1531 3076 1587 noster,
3118 1520 3174 1574 id

1620 1603 1704 1649 est
1731 1596 1866 1651 Deus
1905 1597 2102 1669 Deique
2132 1602 2299 1657 Filius
2336 1605 2536 1671 induit,
2567 1607 2816 1662 deitatem
2856 1609 2907 1662 in
2937 1609 3030 1663 illo
3066 1625 3173 1663 non

1623 1685 1918 1756 intercepit,
1949 1690 2042 1745 sed
2072 1692 2367 1749 abscondit.
2400 1694 2635 1766 Denique
2657 1711 2774 1752 eum
2804 1713 2862 1755 se
2898 1701 2954 1754 in
2994 1713 3175 1756 monte

12 1778 259 1825 castraret
284 1787 300 1823 ε
327 1771 470 1843 quia
489 1771 733 1830 Christus
752 1777 1092 1833 credentibus
1120 1780 1263 1835 salus
1288 1788 1388 1847 est,
1416 1797 1521 1836 non
1552 1770 1599 1830 Β
1627 1776 1899 1844 paululum
1923 1789 2073 1835 extra
2105 1781 2276 1851 ipsum
2307 1784 2573 1841 hominem
2611 1786 2887 1843 extulisset
2908 1829 2923 1854 ,
2971 1787 3175 1858 fulgore
3212 1784 3213 1787 “

10 1856 272 1912 edentibus
300 1874 515 1928 penna,
554 1871 610 1917 ut
636 1861 918 1933 Apostolus
943 1868 1017 1920 ait
1044 1885 1058 1919 :
1090 1866 1218 1923 Aliis
1256 1871 1382 1924 odor
1409 1873 1522 1925 vita:

9 1962 15 1996 I
40 1948 193 2014 vitam,
219 1951 347 2005 aliis
377 1952 517 2005 odor
545 1954 718 2009 mortis
744 1955 798 2010 in
819 1967 1024 2012 mortem
1053 1957 1140 2029 (II
1168 1959 1286 2015 Cor.
1317 1977 1379 2027 ιι,
1410 1963 1516 2033 16).

9 2038 190 2103 epulum
230 2038 407 2097 Israel
441 2042 497 2098 in
524 2043 767 2101 columna
803 2048 956 2104 nubis
996 2065 1088 2117 per
1124 2051 1297 2118 diem,
1336 2064 1390 2110 et
1428 2070 1522 2123 per

9 2130 221 2214 aeternio
246 2133 515 2190 columna
553 2136 686 2206 ignis
711 2140 859 2208 quasi
898 2141 999 2195 dux
1030 2142 1231 2199 itineris
1256 2146 1519 2214 prmeede-

9 2225 47 2269 ιι
76 2211 260 2286 (Exod.
284 2236 412 2287 ιιιι,
439 2222 560 2295 Si),
588 2235 646 2280 ut
679 2226 923 2298 baptismi
949 2232 1173 2301 gratiam
1204 2211 1298 2301 per
1323 2236 1515 2292 nubem

9 2304 210 2362 tdonttm
240 2311 424 2368 sancti
458 2313 686 2381 Spiritus
716 2330 810 2384 per
838 2317 1010 2388 ignem
1031 2321 1337 2377 ostenderet
1360 2340 1373 2376 :
1395 2324 1514 2393 quia

9 2397 208 2460 βομιοιιιε
254 2398 465 2456 Paulus
510 2404 565 2457 in
594 2405 731 2463 nube
774 2407 956 2465 Patres
1000 2410 1291 2481 baptizatos
1334 2414 1521 2471 scribis

10 2482 25 2536 l
52 2486 154 2541 Cor.
174 2504 230 2557 ι,
254 2490 337 2556 2).
364 2492 434 2547 Et
463 2495 714 2561 Spiritum
735 2500 870 2554 sicut
909 2501 1223 2570 ignem'esse
1253 2505 1525 2574 apostolo-_

10 2577 216 2667 umAActa
240 2580 528 2637 declarant
552 2584 687 2654 (Act.
720 2602 779 2651 tt,
800 2589 876 2657 5).
905 2589 1065 2646 Vides
1089 2607 1214 2662 ergo
1241 2609 1335 2663 per
1358 2596 1515 2667 522

9 2664 155 2731 mnia,
180 2668 476 2736 ἱκετεύω,
513 2673 851 2732 characteres
879 2678 1175 2736 divinarum
1214 2664 1518 2753 dispositio—-

10 2770 83 2807 tun
108 2757 156 2811 in
195 2759 465 2817 honorem
494 2765 587 2821 Dei
627 2766 869 2826 Patribus
898 2784 1275 2843 prmostensos,
1306 2794 1409 2833 non
1439 2789 1516 2837 ta-

9 2858 84 2898 aen
104 2846 265 2916 ipsum
308 2852 481 2908 Deum
501 2896 517 2915 .
548 2864 608 2911 ut
628 2867 738 2927 est,
777 2862 991 2931 proprie
1019 2866 1328 2920 revelatum.
1360 2868 1518 2925 Deni-

10 2949 197 3026 pecutn
229 2939 447 3012 Moyses
482 2957 660 3003 oraret
685 2955 745 3004 ut
766 2947 952 3007 faciem
984 2952 1077 3009 Dei
1116 2971 1245 3024 pure
1275 2958 1512 3026 videret,

9 3023 87 3119 (uid
111 3026 170 3079 ad
196 3028 345 3085 illum
391 3032 648 3091 continuo
678 3036 848 3117 Deus?
894 3040 1015 3096 Non
1054 3023 1267 3113 poteris,
1309 3023 1510 3119 inquit;

1621 1866 1833 1924 luminis
1860 1870 1975 1939 ejus
2004 1873 2417 1941 pcne'obcte'cati
2443 1878 2667 1945 apostoli
2694 1878 2906 1947 (Matth.
2938 1879 3067 1949 xvtt)
3097 1881 3176 1950 (ia

1619 1965 1812 2014 terram
1839 1960 2033 2031 quippe
2063 1963 2302 2034 homines
2330 1962 2660 2039 cedlderunt)
2690 1973 2968 2039 periclitati
2994 1974 3174 2038 vitam,

1618 2051 1717 2105 nisi
1758 2052 1838 2107 eis
1882 2054 2135 2111 Dominus
2162 2052 2470 2127 compresso
2509 2076 2717 2117 rursum
2749 2063 3038 2133 majestatis
3066 2078 3178 2119 sua:

1618 2142 1821 2199 honore
1849 2153 1907 2199 ut
1940 2146 2242 2203 misericors
2284 2148 2655 2219 subvenisset,
2700 2153 2989 2219 secundum
3031 2154 3176 2209 illam

1616 2234 1929 2289 sententiam
1955 2253 1967 2287 :
1996 2235 2158 2291 Nemo
2184 2239 2305 2294 cidit
2331 2240 2514 2306 Deum,
2540 2251 2589 2296 et
2613 2242 2734 2296 rixis
2762 2242 2956 2313 (Exod.
2986 2259 3048 2297 xx
3060 2260 3171 2310 xm,

1614 2321 1731 2388 20).
1760 2322 1829 2377 Ut
1855 2336 1985 2392 ergo
2003 2325 2216 2382 claritas
2245 2329 2375 2382 solis
2400 2344 2523 2384 cum
2553 2344 2655 2384 non
2682 2344 2850 2401 usque
2872 2333 2937 2387 ad
2964 2328 3174 2388 nostris

1616 2410 1812 2463 emicat
1837 2410 1981 2470 visus
2014 2412 2116 2466 sibi
2143 2414 2291 2467 salva
2318 2425 2428 2480 est;
2468 2417 2591 2485 quia
2615 2420 2755 2486 quod
2792 2435 2899 2474 non
2942 2421 3172 2485 videtur,

1622 2498 1947 2569 inﬁrmitatis
1969 2511 2054 2556 est
2090 2514 2285 2558 nostra
2306 2547 2321 2571 ,
2352 2520 2573 2573 quorum
2601 2504 2783 2563 oculos
2805 2510 3015 2563 nubium
3044 2513 3175 2568 texit

1612 2590 1917 2646 obscuritas
1943 2610 1956 2645 :
1992 2594 2062 2647 ita
2092 2604 2145 2649 et
2175 2596 2534 2663 majestasilla
2564 2597 2762 2663 divina,
2785 2614 2902 2669 qua:
2931 2602 3011 2672 (ut
3036 2603 3171 2672 disi)

1613 2691 1806 2747 corpus
1846 2681 2119 2751 induerat,
2156 2685 2341 2753 probat
2384 2700 2445 2741 se
2489 2701 2591 2741 non
2631 2688 2950 2745 detrimento
2980 2695 3172 2761 proprii

1615 2768 1829 2827 latuisse
1857 2770 2099 2842 fulgoris,
2132 2778 2223 2829 sed
2252 2776 2449 2841 carnis,
2479 2785 2537 2831 ut
2560 2763 2993 2846 diinbencllcio,
3026 2785 3174 2853 cujus

1611 2871 1771 2912 causa
1795 2858 1957 2915 Filius
1980 2862 2093 2930 Dei,
2119 2864 2281 2919 Filius
2302 2865 2530 2922 hominis
2550 2860 2667 2924 esse
2688 2865 2952 2927 sustinuit.
2972 2873 3173 2943 Nempe

1611 2946 1751 3001 enim
1784 2949 1850 3003 de
1879 2949 2077 3019 Spiritu
2117 2953 2210 3008 Dei
2237 2955 2396 3024 Virgo
2423 2959 2687 3024 concepit,
2719 2967 2774 3015 et
2802 2961 2939 3029 quod
2979 2976 3171 3020 conce-

1618 3037 1710 3105 pit,
1733 3038 1833 3095 hoc
1855 3044 2076 3112 peperit,
2098 3045 2147 3099 id
2170 3056 2268 3111 est,
2293 3046 2456 3115 Deum
2476 3047 2677 3104 homini
2699 3066 2794 3125 suo
2818 3053 2897 3122 (ut
2907 3053 3015 3122 jam
3037 3054 3171 3125 dixi)

9 3110 126 3165 ridere
146 3119 322 3182 [aciem
362 3138 553 3178 meum,
593 3123 714 3179 Non
746 3111 883 3182 enim
923 3110 1103 3185 υίάειέει
1145 3110 1293 3189 nam);
1331 3110 1513 3205 [αᾎίεηξ
1540 3118 1586 3179 C
1617 3110 1874 3187 sociatum
1901 3110 2076 3190 :vsieut
2104 3135 2217 3204 ipse
2242 3110 2373 3192 dixit
2404 3154 2417 3189 :
2451 3139 2599 3204 Quod
2624 3110 2849 3195 nascitur
2884 3110 2949 3195 d'e
2984 3110 3166 3205 carne:

9 3213 136 3269 mm,
161 3216 206 3258 et
232 3212 359 3261 vim
382 3210 584 3281 (Exod.
613 3229 803 3282 nam,
831 3216 947 3288 20).
977 3216 1089 3275 Hoc
1112 3221 1227 3291 ipso
1254 3228 1393 3294 quod
1420 3244 1511 3285 nec

9 3296 116 3349 tatur
132 3307 390 3366 aspectus,
427 3300 637 3357 claritas
656 3305 978 3374 assignatur,
1003 3324 1120 3378 qua:
1142 3313 1344 3370 scilicet
1367 3324 1509 3372 tanta

9 3383 80 3463 ζει,
104 3394 282 3449 quanta
323 3388 593 3445 credenda
636 3400 870 3463 estquae
910 3396 1189 3456 invisibilis
1229 3402 1506 3461 indicatur.

9 3462 101 3520 Cum
136 3482 252 3541 ergo
278 3476 491 3546 Moyses
514 3489 569 3535 et
593 3483 750 3537 situm
770 3462 900 3539 letali
920 3524 937 3551 ,
963 3498 1017 3542 et
1043 3489 1255 3546 ordines
1291 3495 1509 3560 mundi,

9 3556 406 3645 ttelementorum
430 3569 592 3637 vices,
618 3574 776 3629 totius
792 3574 1021 3645 denique
1044 3579 1188 3636 orbis
1201 3556 1509 3641 ornamenta

10 3640 249 3738 ligasserit,
280 3651 568 3728 indicarit,
607 3664 965 3731 expresserit,
996 3667 1078 3722 cui
1122 3670 1234 3738 ipse
1258 3671 1510 3731 Dominus

9 3736 312 3835 testimonium
340 3749 631 3816 perhibuit,
662 3751 842 3809 dicens
867 3772 879 3808 :
915 3755 1077 3812 Nemo
1102 3736 1192 3813 erit
1211 3778 1273 3816 ea:
1297 3766 1509 3835 prophe-

9 3828 51 3872 lu
80 3835 125 3876 ut
153 3845 307 3888 servus
335 3852 486 3891 meus
514 3837 733 3909 Moyses,
763 3844 842 3896 cui
868 3844 1001 3913 facie
1036 3850 1102 3900 ad
1128 3850 1307 3918 faciem
1336 3869 1419 3905 ore
1440 3857 1509 3907 ad

1608 3239 1733 3277 caro
1759 3236 1828 3278 εει
1849 3240 1871 3279 .'
1890 3234 1938 3279 et
1965 3227 2099 3295 quod
2120 3229 2342 3282 nascitur
2368 3231 2430 3283 de
2451 3232 2669 3299 spiritu,
2698 3231 2902 3302 spiritus
2922 3243 3025 3304 est,
3050 3237 3170 3305 quia

1612 3315 1750 3370 Deus
1774 3316 1998 3386 Spiritus
2040 3328 2135 3384 est,
2173 3329 2223 3375 et
2248 3321 2311 3375 de
2349 3320 2455 3375 Deo
2484 3332 2631 3376 natus
2655 3333 2731 3390 est
2759 3323 2935 3393 (Joan.
2966 3342 3056 3391 ιιι,
3085 3329 3163 3399 (ἶ).

1609 3406 1760 3460 Sicut
1784 3417 1838 3461 et
1862 3409 2086 3478 angelus
2112 3409 2177 3464 ad
2213 3411 2427 3465 Mariam
2455 3413 2710 3483 virginem
2738 3404 2867 3470 dicit
2891 3434 2903 3468 :
2944 3417 3167 3488 Spiritus

1611 3496 1708 3550 Dti
1733 3497 1888 3550 veniet
1913 3499 1967 3550 in
1993 3507 2068 3562 te,
2094 3508 2139 3552 et
2162 3500 2321 3555 virtus
2348 3500 2588 3555 Altissimi
2609 3500 2918 3559 obumbrabit
2947 3515 3011 3558 te.
3036 3505 3168 3560 Pro-

1611 3596 1778 3653 pterea
1805 3585 1941 3656 quod
1976 3584 2213 3641 nascetur
2253 3604 2316 3643 ex
2358 3598 2406 3643 te
2421 3599 2672 3657 sanctum,
2716 3592 2971 3647 vocabitur
2999 3591 3167 3647 Filius

1609 3674 1706 3729 Dei
1731 3676 1879 3747 (Luc.
1921 3691 1973 3744 ι,
1993 3677 2108 3746 35).
2137 3676 2296 3732 Vides
2325 3692 2458 3748 ergo
2478 3683 2647 3749 ipsum
2674 3681 2915 3749 Spiritum
2936 3723 2951 3747 ,
2993 3684 3042 3738 id
3082 3696 3168 3738 est

1608 3766 1798 3821 F.lium
1825 3766 1914 3821 Dei
1938 3766 2151 3822 venisse
2175 3766 2241 3822 ad
2272 3767 2564 3837 Virginem,
2609 3779 2665 3824 et
2690 3769 2811 3825 inde
2851 3771 2940 3825 Dei
2976 3782 3036 3826 et
3068 3772 3165 3826 lto-

1607 3857 1767 3910 minis
1790 3854 1981 3910 Filium
2004 3857 2363 3926 processisse?
2384 3858 2491 3912 Nec
2520 3867 2692 3914 tamen
2723 3861 2835 3927 ipso
2854 3860 3163 3916 indumento

9 3915 232 4020 :tlocuttts
257 3941 365 3978 sum
394 3929 584 3997 (Nam.
613 3947 714 3998 ιιι,
746 3934 824 4003 7),
871 3936 1035 3991 Deum
1070 3915 1241 3995 tamen
1269 3959 1398 4012 pure
1432 3947 1504 4000 vi-
1600 3947 1781 4000 carnis
1806 3948 1897 4002 Dei
1926 3915 2117 4020 Filium
2141 3962 2259 4002 esse
2288 3958 2566 4013 mutatum,
2598 3949 2690 4003 sed
2719 3950 2961 4008 eumdem
2981 3946 3159 4020 ipsum

782 3999 791 4003 ν
1269 3999 1283 4012 ,
1473 3999 1478 4000 κ
1621 3999 1624 4000 ν
1701 3999 1706 4000 κ
1769 3999 1774 4000 κ
1859 3999 1895 4002 ρ
1929 3999 1944 4001 η
1971 3999 2116 4002 "me-
2551 3999 2566 4013 ,
2725 3999 2959 4008 μνη---
2988 3999 3156 4020 τη-

9 3999 100 4057 lere
135 4023 226 4063 non
255 4018 441 4081 potuit.
485 4020 669 4077 Merito
698 4027 909 4095 quidem
939 4032 1211 4099 prophetia
1256 4036 1396 4087 omni
1427 4037 1507 4091 di-
1603 4051 1722 4090 esse
1754 4038 1803 4089 in
1847 4014 2059 4090 homine
2089 4037 2177 4104 qui
2202 4036 2374 4090 fuerat
2404 4047 2525 4091 ante
2547 4038 2797 4093 mundum
2824 4042 3156 4117 cuml‘atre,

9 4104 127 4195 guns,
147 4103 227 4155 sed
254 4121 353 4161 non
385 4126 554 4180 usque
591 4114 725 4170 adeo
765 4128 821 4172 ut
849 4118 1040 4175 intueri
1071 4122 1235 4177 Deum
1270 4125 1503 4194 valeret,
1604 4140 1697 4193 per
1727 4140 1881 4194 quem
1925 4128 2056 4179 facta
2088 4103 2210 4180 sunt
2239 4126 2412 4179 omnia
2433 4166 2447 4189 ,
2477 4136 2531 4180 et
2570 4127 2685 4181 sine
2721 4143 2824 4195 quo
2854 4112 3053 4188 factum,
3076 4137 3158 4187 cst

116 4186 255 4289 humo
296 4205 660 4258 tantummodo
702 4218 861 4261 esset.
905 4209 970 4263 Et
1014 4212 1190 4281 utique
1220 4214 1306 4268 hic
1330 4183 1503 4272 omnia
1603 4183 1766 4279 nihil,
1796 4217 1930 4269 sicut
1961 4216 2281 4285 evangelista
2304 4218 2377 4270 ait
2404 4234 2417 4268 :
2448 4214 2672 4270 Mundus
2695 4233 2783 4286 per
2809 4220 2969 4286 ipsum
2999 4221 3158 4289 {nctus

1107 4264 1142 4281 ,κ
1169 4264 1185 4267 -
1220 4264 1304 4268 κη-
1334 4264 1503 4272 --η-η-
1753 4264 1766 4279 .
1796 4264 1930 4269 ----ν
1966 4264 2090 4270 ν--υ
2138 4264 2281 4272 mm
2307 4264 2377 4270 —--
2404 4264 2416 4268 -
2448 4264 2669 4270 ν-π--π-
2695 4264 2768 4286 ,ντ-
2812 4264 2969 4286 -τν---ν
2999 4264 3158 4289 ,μνη--

10 4264 95 4378 Ξίἰῦ
129 4281 272 4337 verba
310 4286 666 4357 defendimus,
709 4310 864 4364 quem
904 4298 955 4352 in
1002 4312 1179 4356 monte
1219 4304 1343 4359 Sina
1382 4319 1501 4361 cum
1596 4314 1705 4369 est,
1736 4314 1785 4358 et
1809 4305 2025 4358 mundus
2049 4264 2284 4359 euomuon
2311 4304 2536 4376 cognovit
2579 4306 2749 4376 (Joan.
2781 4323 2829 4370 ι,
2857 4307 2963 4378 10)’.
2989 4308 3160 4363 Ctete-

651 4356 657 4357 γ
726 4356 742 4364 -
1232 4356 1247 4359 -
1286 4356 1329 4357 η
1391 4356 1501 4361 τ-η-
1607 4356 1615 4358 ἡ
1691 4356 1753 4369 ,ρ
1848 4356 1852 4357 ν
2206 4356 2239 4359 κν
2272 4356 2280 4357 κ
2316 4356 2396 4376 -νσ
2582 4356 2613 4376 γ
2782 4356 2829 4370 -.
2861 4356 2963 4378 --ν
2998 4356 3131 4363 τ---ν

9 4356 142 4431 ⁵⁸0180
166 4368 379 4434 locutum
405 4397 528 4437 esse
554 4385 770 4451 scimus,
796 4389 884 4457 qui
909 4392 1125 4459 agendis
1147 4396 1499 4463 explicandis-
1532 4463 1563 4469 Δ,
1600 4412 1716 4450 rum
1742 4397 1965 4451 amentis
1994 4407 2077 4452 est
2097 4396 2333 4465 credere,
2365 4398 2432 4450 ab
2455 4411 2518 4451 co
2542 4411 2695 4465 posse
2723 4398 2953 4464 liberari,
2981 4402 3067 4469 qui
3102 4412 3157 4456 ιιι

10 4458 242 4541 ευθτθδιιε
270 4480 297 4518 τι
321 4468 475 4526 Patre
494 4474 807 4544 advenerat;
841 4458 961 4548 quia
984 4483 1157 4536 omnia
1186 4458 1229 4538 ει-
1243 4487 1499 4555 principio
1524 4463 1576 4522 υ
1603 4488 1869 4556 liberaret,
1905 4488 2131 4543 amissus
2160 4497 2274 4553 est;
2306 4497 2363 4541 ut
2384 4498 2707 4553 nasceretur,
2737 4503 3019 4556 oppressus
3040 4504 3154 4555 051;

10 4554 77 4607 iter
98 4549 315 4622 ipsumet
341 4566 574 4622 ordinari
605 4577 657 4621 et
684 4571 935 4637 explicari
965 4582 1017 4628 et
1054 4591 1266 4632 manere
1290 4588 1498 4634 ‘conve-

14 4644 140 4733 ξιιηι.
163 4654 211 4695 ιιι
235 4647 455 4709 habendi
483 4656 597 4712 Filii
623 4657 733 4714 hazc
762 4663 1024 4731 pmcipue
1048 4667 1182 4720 ratio
1209 4680 1493 4726 constaret.

12 4717 58 4824 Et
74 4733 214 4824 tamen
237 4737 309 4793 sic
329 4744 472 4798 visus
492 4747 760 4815 aecipitur,
785 4760 842 4803 ut
861 4753 1083 4822 alicujus
1103 4758 1493 4824 conSpicabilis,

16 4818 67 4916 ιιι.
86 4814 201 4884 dixi,
242 4835 467 4887 materia:
511 4814 854 4904 dispositione
897 4814 1163 4913 assumpta
1208 4814 1491 4916 videretur,

14 4902 118 5005 salva
143 4913 321 4973 scilicet
361 4902 714 4984 invisibilitate
740 4931 889 4998 ejus,
937 4902 1093 5003 quani
1139 4952 1169 4990 a
1213 4902 1495 5009 conspectu

15 4996 195 5090 amnium
228 5010 466 5078 maiestas
492 5016 742 5073 interfusa
782 5024 1039 5090 seposuit.
1088 5026 1197 5081 Non
1244 5031 1384 5085 enim
1419 5035 1496 5087 sic

18 5078 202 5145 humanis
220 5106 505 5167 aspectibus
526 5110 791 5164 revelatus
806 5120 909 5179 est,
932 5127 990 5168 ut
1014 5124 1116 5171 tota
1141 5118 1190 5172 in
1216 5120 1306 5176 illo
1325 5121 1495 5178 deitas

18 5180 261 5280 f‘l‘w‘lteret,
285 5194 372 5248 sed
397 5196 465 5249 ad
496 5198 661 5253 vicem
687 5204 923 5270 speculiv,
954 5220 1072 5260 cum
1101 5221 1383 5280 conceptos
1416 5214 1496 5267 in-
1530 5240 1531 5243 η

20 5263 73 5356 "‘f
98 5264 232 5368 ξυτςιη
262 5294 396 5339 suam
425 5289 600 5341 vultus
623 5291 774 5357 quasi
805 5292 870 5345 ad
913 5296 1118 5362 plenam
1136 5263 1367 5368 effigiem
1400 5305 1492 5355 lto-

20 5360 148 5458 :utnts'
166 5360 379 5458 includit;
412 5379 480 5430 ita
510 5379 798 5445 majestatis
822 5381 934 5449 ejus
965 5399 1229 5452 praeeunte
1258 5390 1487 5458 fulgore.

22 5445 118 5544 intra
140 5447 186 5544 id
212 5458 357 5516 visum
402 5478 518 5531 ρει,
565 5469 707 5536 quod
751 5470 1029 5541 imaginem
1073 5478 1339 5544 veritatis,
1384 5496 1486 5533 non

22 5536 142 5591 Ipsum
167 5539 301 5600 Deum
330 5560 533 5625 proprie
561 5558 962 5617 demonstraret.
987 5566 1071 5619 Sic
1091 5580 1143 5620 et
1173 5582 1290 5621 cum
1322 5569 1486 5623 homi-

30 5632 108 5675 ’ναι
136 5633 308 5695 induere
333 5647 567 5719 dignatus
599 5662 708 5718 est,
744 5668 843 5707 non
891 5655 1063 5711 labem
1097 5660 1373 5713 u‘tcrnitati
1408 5663 1483 5715 in-

1602 4585 1659 4631 ut
1702 4578 2153 4633 immortalitatem
2196 4576 2493 4647 redigeret,
2533 4578 2780 4632 transivit
2805 4579 2871 4632 ad
2907 4591 3153 4636 mortem.

1600 4667 1703 4723 Sed
1732 4668 1889 4737 absit,
1917 4669 2075 4732 absit,
2100 4666 2367 4736 ltteretiee,
2400 4677 2454 4721 ut
2473 4683 2659 4723 sensus
2680 4677 2782 4723 tua:
2808 4670 3095 4740 iniquitatis
3123 4687 3153 4726 a

1598 4758 1870 4812 catholicis
1895 4757 2219 4812 admittatur.
2251 4757 2356 4811 Nos
2380 4756 2519 4811 enim
2543 4758 2815 4813 crcdimus-
2849 4759 3150 4815 immutabi-

1599 4848 1700 4900 lem
1730 4856 1784 4901 et
1810 4846 2264 4901 inconvertibilem
2285 4886 2300 4911 ,
2326 4846 2554 4901 Verbum
2586 4859 2637 4902 et
2661 4847 2912 4917 Spiritum
2933 4891 2945 4914 ,
2987 4850 3037 4904 id
3065 4860 3150 4905 est

1599 4940 1785 4993 Filium
1816 4940 1906 4993 Dei
1937 4958 1949 4993 :
1979 4940 2065 5008 qui
2093 4954 2213 4993 eum
2258 4938 2525 4993 hominem
2570 4938 2774 5007 induit,
2816 4956 2918 4996 non
2953 4952 3148 4996 statum

1599 5030 1772 5091 vertit,
1816 5044 1918 5083 non
1944 5028 2104 5098 524
2129 5028 2371 5084 ordinem
2397 5028 2642 5097 perdidit,
2673 5044 2776 5085 non
2802 5030 3144 5086 substantiam

1597 5118 1912 5184 immutavit,
1944 5119 2037 5172 sed
2068 5118 2275 5173 illuvias
2297 5118 2533 5186 ejusdem
2564 5120 2798 5188 carpetis
2819 5127 3018 5172 mterno
3046 5121 3146 5173 cla-

1596 5210 1764 5263 titatis
1803 5224 1912 5264 sum
1945 5210 2140 5265 lumine
2178 5209 2496 5278 illustravit,
2539 5220 2595 5267 ut
2621 5211 2685 5264 ad
2716 5225 2809 5264 nos
2840 5224 2934 5277 per
2971 5213 3147 5265 trami-

1596 5310 1699 5357 tem
1735 5301 1973 5375 corporis
2012 5303 2157 5372 ejus,
2203 5303 2288 5358 lux
2335 5304 2501 5357 sancti
2542 5304 2793 5371 Spiritus,
2835 5310 2889 5355 et
2930 5312 3144 5357 tutetute

1594 5394 1713 5448 viu-
1735 5393 1901 5462 gratia
1924 5394 2269 5449 redundaret.
2301 5393 2466 5459 Quem
2497 5393 2593 5447 etsi
2632 5404 2842 5459 passum
2874 5390 3140 5447 credimus

1593 5492 1646 5537 et
1683 5483 1975 5551 sepultum,
2007 5485 2099 5539 sed
2149 5485 2307 5537 homo
2347 5484 2430 5536 ille
2466 5496 2648 5548 passus
2676 5488 2756 5533 est
2794 5494 2948 5559 quem
2981 5480 3141 5537 Filius

1596 5574 1963 5640 Deisuscepit,
1996 5582 2150 5642 quem
2181 5572 2376 5635 induit,
2413 5579 2565 5640 quem
2608 5570 2848 5637 portavit.
2892 5569 2995 5624 Sed
3018 5572 3139 5636 quia
3169 5590 3179 5596 ’

1590 5674 1754 5719 totum
1798 5666 1863 5719 ad
1895 5677 2159 5723 auctorem
2192 5664 2509 5719 referebatur
2553 5663 2799 5732 quidquid
2847 5662 3006 5718 homo
3048 5664 3136 5718 ille
