3862 6222
587 339 691 393 s03

1866 300 2106 392 'v1ctut
2145 336 2540 394 TAPSENSIS'

3714 341 3814 395 4ζὸ

589 450 905 519 potiebatur,
943 448 1060 504 ideo
1105 463 1245 503 mors
1284 458 1338 502 et
1385 451 1559 518 passio
1602 449 1806 505 Domini
1853 451 2129 503 indicatur.
2163 456 2209 513 Α
2234 453 2307 504 bis
2330 451 2568 505 Romani.
2603 450 2728 505 Ecce
2758 453 2928 507 nullus
2955 458 3219 509 senectutis
3247 459 3394 509 annis
3421 465 3814 525 graculus,“-

589 541 720 595 Nam
739 547 794 594 et
816 546 1019 592 constat
1041 538 1331 593 immortale
1351 553 1468 593 esse
1488 541 1626 608 quod
1650 541 1739 596 Dei
1760 548 1841 594 cst
1859 579 1874 604 ,
1909 539 2136 594 hominis

587 628 727 697 quod
755 627 1028 682 caducum.
1066 627 1242 682 Tertia
1288 643 1500 699 quoque
1540 630 1627 685 die
1669 629 1994 693 resurrexit,
2033 644 2138 683 non

549 707 555 717 ’
593 720 732 773 Deus
757 719 814 773 in
842 716 1124 783 hominem,
1143 718 1244 773 sed
1273 721 1434 773 homo
1463 721 1634 788 potius
1662 720 1714 773 in
1736 720 1920 773 Deum.
1945 717 2140 773 Ascen-

588 808 667 863 dit
689 809 742 862 in
769 806 955 871 caelos,
976 806 1166 861 obtulit
1188 807 1335 862 Patri
1363 823 1461 864 suo
1488 809 1749 864 hominem
1774 807 1919 861 illum
1949 807 2140 872 gratis-

587 898 777 952 simum
803 909 1013 953 munus.
1041 897 1293 952 Consedit
1318 898 1386 952 sd
1410 896 1905 961 dexteram-Patris,
1948 907 2143 949 secun-

589 986 713 1040 dum
738 985 878 1054 quod
904 984 1154 1054 scriptum
1173 992 1290 1040 est:
1324 985 1462 1048 Dixit
1480 985 1721 1039 Dominus
1749 983 1967 1037 Dentino
1992 973 2133 1036 meo}

591 1073 725 1129 Sede
756 1073 823 1130 ad
854 1075 1108 1127 dexteram
1153 1090 1312 1128 meam
1352 1073 1521 1145 (Psal.
1552 1087 1666 1140 ets,
1696 1071 1769 1141 l).
1802 1071 1943 1135 lisit
1985 1071 2140 1126 nobis

589 1163 842 1232 Spiritum
884 1171 1121 1218 sanctum
1167 1163 1234 1218 de
1279 1164 1487 1232 propria
1516 1175 1610 1216 sus
1650 1169 1708 1215 et
1742 1162 1854 1229 ipss
1886 1175 1989 1214 una
2017 1159 2142 1214 sub-

592 1251 808 1314 stantia,
835 1258 1208 1319 protectorem,
1233 1250 1689 1313 sanetilicatorem,
1715 1257 1771 1302 et
1796 1247 2140 1302 deductorum

593 1343 649 1396 in
675 1342 832 1394 vitam
869 1349 1145 1403 aeternam;
1173 1338 1312 1392 sicut
1334 1340 1586 1407 scriptum
1619 1344 1700 1391 est
1739 1351 1808 1392 ex
1844 1351 1974 1390 voce
2000 1336 2093 1391 Dei
2125 1352 2142 1390 :

597 1433 868 1500 Effundam
885 1432 946 1484 de
969 1430 1167 1498 Spiritu
1195 1445 1303 1482 meo
1324 1444 1472 1498 super
1495 1443 1659 1482 servos
1689 1443 1823 1481 meos
1857 1435 1904 1481 et
1931 1425 2144 1480 ancillas

592 1538 729 1576 nicas
748 1520 905 1590 (Jocl,
931 1535 986 1585 ιι,
1013 1521 1129 1590 29).
1160 1521 1221 1574 Et
1239 1520 1427 1576 iterum
1456 1536 1468 1571 :
1504 1518 1727 1589 Spiritus
1746 1534 1808 1573 ex
1830 1533 1909 1572 me
1925 1515 2146 1593 prodibis

490 1647 497 1654 .
592 1609 744 1678 (lsai.
767 1625 896 1675 mn,
927 1608 1033 1677 l6).
1062 1610 1129 1664 Et
1149 1609 1261 1678 ipse
1282 1608 1535 1663 Dominus
1562 1608 1907 1676 Sslvatorque
1927 1615 2142 1661 noster:

593 1701 669 1753 De
689 1715 818 1766 meo,
849 1699 1035 1768 inquit,
1064 1699 1280 1767 accipiet
1308 1697 1485 1768 (Joan.
1510 1712 1618 1764 su,
1652 1697 1765 1766 ﬂ),
1784 1681 1941 1751 es'eo
1965 1695 2146 1765 utique

2230 539 2318 607 jus
2330 539 2406 592 vel
2425 541 2531 594 sola
2543 550 2666 614 esset
2687 544 2957 597 reverenda
2973 546 3202 611 canities,
3215 546 3279 600 de
3294 546 3474 598 ultimo
3500 549 3627 600 sinu
3653 550 3814 598 maris

2244 625 2430 680 Oceani
2459 629 2621 682 venire
2657 622 2945 698 compulsus
2985 641 3085 698 est,
3117 643 3162 687 et
3206 634 3423 687 concilio
3451 635 3585 687 nihil
3621 636 3812 700 defuit.

2243 707 2433 781 Nullui
2472 719 2633 774 debile
2672 736 2853 790 corpus
2900 722 3142 788 trahens,
3162 725 3482 795 jejuniorum
3531 726 3818 792 stipendiis

2241 815 2500 860 oneratum
2525 846 2542 873 ,
2596 808 2789 863 itineris
2835 820 2908 864 est
2955 820 3155 864 coactus
3208 813 3436 884 injuria,
3480 814 3816 881 fortitudinis

2239 897 2438 950 amissa:
2463 897 2651 950 damna
2684 900 2896 967 deflere.
2929 898 3120 953 Nullus
3147 911 3396 970 postremo
3425 903 3738 970 pauperiem
3767 903 3817 952 in

2239 984 2575 1038 sacerdotibus
2604 987 2763 1057 526
2783 987 3057 1056 gloriosam
3081 1028 3096 1052 ,
3130 990 3354 1043 subsidio
3379 991 3616 1044 perdendi
3649 993 3814 1042 desti-

2240 1081 2378 1127 tutus
2399 1073 2682 1142 ingemuit.
2717 1073 2863 1128 Unde
2888 1076 3193 1146 completum
3217 1079 3269 1130 in
3309 1087 3356 1130 te
3383 1087 3457 1132 est
3475 1119 3491 1141 ,
3511 1080 3814 1130 clementis-

2239 1160 2361 1213 sime
2408 1161 2693 1230 principum
2720 1158 2994 1227 Gratiane,
3019 1165 3154 1232 quod
3184 1163 3454 1231 Scriptura
3481 1167 3667 1218 diuina
3701 1169 3812 1216 Ln—

2242 1247 2378 1301 davit
2399 1262 2418 1300 :
2452 1247 2639 1302 Beatus
2670 1250 2759 1318 qui
2802 1250 3046 1319 intelligit
3073 1265 3237 1319 super
3269 1268 3497 1323 egenum
3518 1266 3578 1308 et
3603 1270 3816 1323 paupe-

2242 1351 2354 1394 rem
2379 1335 2548 1405 (Psal.
2570 1335 2678 1408 sL).
2705 1337 2868 1404 Quam
2896 1356 3044 1410 grove
3065 1349 3256 1405 autem,
3285 1342 3328 1395 si
3359 1351 3562 1410 prapter
3592 1345 3738 1399 duos
3767 1347 3814 1393 in

2243 1423 2729 1491 pcrfidiacariosos,
2752 1432 2857 1478 toto
2886 1426 2939 1478 in
2969 1426 3085 1480 orbe
3109 1434 3270 1480 essent
3298 1425 3538 1481 Ecclesia
3562 1431 3812 1481 sacerdo-

2241 1511 2373 1566 tibus
2400 1512 2692 1566 destitute!
2728 1513 2830 1577 Qui
2857 1514 3008 1567 etiam
3051 1514 3096 1568 si
3132 1515 3298 1567 venire
3344 1525 3548 1582 propter
3576 1518 3806 1583 prolixi-

2240 1614 2390 1658 tatem
2411 1601 2600 1657 itineris
2625 1605 2982 1674 nequiverunt,
3018 1615 3184 1658 tamen
3211 1620 3384 1659 omnes
3414 1622 3571 1676 prope
3598 1623 3671 1659 ex
3704 1624 3810 1658 om.

2244 1690 2386 1742 nibus
2433 1686 2536 1759 fere
2579 1692 2849 1760 provinciis
2894 1692 3319 1760 Occidentalibus,
3376 1696 3540 1750 missis
3589 1697 3813 1766 adfuere

594 1789 734 1859 quod
757 1797 839 1844 εει
868 1789 1030 1845 Filius
1049 1829 1068 1856 ν
1096 1789 1217 1857 quia
1245 1798 1301 1844 ει
1323 1788 1484 1842 Filius
1503 1788 1571 1843 de
1590 1802 1655 1844 eo
1681 1787 1822 1857 quod
1852 1787 2005 1841 νειοι-
2042 1794 2143 1841 εει,
2177 1809 2220 1868 Β
2247 1775 2424 1845 legatis
2438 1791 2459 1840 ;
2481 1776 2948 1833 ctaltercationibus
2960 1781 3267 1835 evidentibus
3294 1783 3348 1835 id
3369 1798 3424 1838 se
3451 1794 3618 1838 tenere
3636 1825 3654 1847 ,
3674 1789 3808 1850 quod

598 1877 800 1932 Exinde
825 1877 1084 1947 praeﬁnito
1123 1871 1361 1946 tempore
1391 1875 1859 1941 venturus,‘vivos
1883 1883 2145 1929 mortuos—
2246 1880 2338 1918 ποι
2355 1868 2650 1932 dum.
2681 1879 2728 1923 et
2749 1870 3043 1946 intractatu
3072 1869 3272 1926 Niccni
3296 1889 3572 1946 congruere
3597 1879 3812 1928 cont-itii

596 1980 699 2034 que
725 1965 1070 2034 iudicaturus,
1099 1974 1155 2020 ut
1175 1965 1358 2020 reddat
1386 1964 1725 2019 credentibus
1761 1963 2008 2031 praemia,
2040 1976 2143 2017 non

597 2056 930 2111 credentibus
971 2070 1093 2111 vero
1118 2055 1391 2124 supplicia.
1419 2053 1577 2123 Cujus
1603 2067 1825 2122 regnum
1849 2061 2104 2106 aeternum
2126 2091 2142 2117 ,

597 2144 921 2209 immortale,
955 2158 1054 2199 nec
1095 2144 1297 2197 initium
1327 2142 1515 2208 habet,
1559 2157 1658 2198 nec
1703 2142 2028 2198 terminum:
2057 2140 2142 2196 cui

595 2233 765 2287 honor
792 2242 842 2287 et
871 2233 1034 2301 gloria
1059 2232 1113 2285 in
1136 2232 1326 2287 sucula
1350 2231 1686 2286 saeculorum.
1710 2232 1898 2286 Amen.

595 2353 838 2393 EPISTOLA
876 2353 1096 2394 COMILII
1134 2350 1484 2401 Αρυιιειευειε
1513 2353 1580 2391 ΑΙ)
1613 2350 1884 2392 ῑριωοροε
1913 2351 2141 2393 GALLIS.

669 2435 948 2490 Concilium
1005 2436 1141 2504 quod
1209 2434 1438 2487 convenit
1489 2431 1760 2501 Aquileiae,
1811 2432 2144 2485 dilectissintis

596 2526 834 2594 fratribus
877 2524 1121 2592 episcopis
1162 2523 1429 2592 provinciis
1465 2521 1823 2596 Viennensium
1854 2529 1906 2575 et
1937 2519 2140 2574 Narbo-

597 2616 821 2670 ncnsium
852 2614 1022 2680 prima:
1049 2624 1095 2666 et
1122 2613 1374 2665 secundm.
1919 2609 1922 2611 ’

665 2705 869 2773 Agimus
894 2703 1080 2772 gratias
1111 2708 1295 2754 sanctce
1323 2699 1644 2753 unanintitati
1685 2706 1886 2764 vestrm,
1927 2700 2062 2768 quod
2087 2699 2140 2754 in

595 2795 809 2848 dominis
829 2804 874 2846 et
900 2793 1142 2860 fratribus
1170 2792 1352 2845 nostris
1372 2790 1662 2845 Constantio
1683 2799 1730 2845 et
1760 2790 2004 2857 Proculo,
2029 2804 2153 2847 omA

595 2888 733 2940 nium
775 2885 915 2938 nobis
945 2894 1159 2938 vestrum
1187 2884 1502 2953 pra’sentiam
1529 2884 1810 2938 contulistis
1838 2900 1858 2938 :
1895 2887 2142 2956 simulque

594 2975 882 3046 prccscripta
917 2974 1162 3042 majorum
1190 2982 1443 3042 sequentes
1463 3011 1480 3038 ,
1529 2978 1629 3025 non
1659 2974 1910 3028 mediocre
1934 2976 2140 3029 addidi-

593 3066 686 3117 stis
713 3065 908 3131 pondus
945 3063 1197 3117 sententiis
1224 3064 1427 3130 nostris,
1457 3078 1568 3116 cum
1593 3064 1774 3132 quibus
1799 3065 1949 3118 etiam
1969 3076 2142 3121 vestra

595 3154 871 3208 sanctitatis
913 3154 1154 3207 convenit
1181 3153 1420 3221 professio
1442 3190 1458 3218 ,
1504 3151 1659 3223 525
1706 3154 1898 3208 domini
1955 3159 2137 3223 fratres

595 3246 924 3300 dilectissimi.
954 3242 1133 3314 Itaqite
1161 3254 1216 3299 ut
1248 3246 1457 3299 libenter
1495 3247 1815 3316 suscepimus
1845 3259 2142 3305 memoratos

594 3337 656 3389 de
679 3347 836 3388 vestro
876 3347 1146 3405 nostraque
1182 3335 1431 3388 consortio
1469 3343 1666 3388 sanctos
1690 3317 1846 3402 viros,
1883 3337 1954 3391 ita
1992 3339 2142 3393 etiam

596 3427 739 3479 uberi
767 3425 1044 3497 gratiarum
1073 3435 1264 3478 actsone
1289 3425 1607 3480 dimittimus.
1640 3425 1806 3490 Quam
1830 3431 2141 3484 necessarius

597 3526 760 3568 autem
788 3525 1051 3570 conventus
1078 3514 1159 3568 hic
1187 3515 1365 3584 fuerit,
1395 3516 1542 3569 rebus
1569 3517 1693 3583 ipsis
1723 3519 1951 3584 patescit,
1973 3535 2137 3589 quan-

598 3607 664 3658 do
698 3605 972 3658 adversarii
1000 3613 1046 3656 et
1088 3605 1278 3659 inimici
1304 3605 1419 3670 Dei,
1457 3607 1658 3659 Arium:
1683 3620 1829 3662 secttc
1852 3609 2141 3678 interpretes

596 3711 657 3747 ac
684 3695 984 3762 defensura,
1023 3693 1288 3748 Palladius
1313 3711 1372 3749 ac
1410 3693 1788 3764 Secundianus,
1807 3701 1922 3752 duo
1948 3708 2140 3760 tantum

595 3783 681 3851 qui
703 3784 814 3836 ausi
838 3793 952 3837 sunt
982 3785 1049 3838 ad
1077 3786 1339 3838 concilium
1362 3786 1639 3852 conuenire,
1680 3788 1895 3842 debitam
1925 3806 2140 3859 presen-

595 3885 668 3926 tes
696 3887 934 3942 excepere
956 3876 1268 3938 sententious,
1291 3891 1442 3942 super
1462 3875 1710 3945 impietate
1732 3879 1960 3933 convicti.
1990 3881 2138 3934 luco-

591 3963 749 4016 lumes
776 3979 860 4015 vos
902 3973 948 4018 et
987 3965 1364 4032 florentissimos
1392 3964 1527 4018 Deus
1553 3975 1720 4020 noster
1749 3976 1955 4023 tueatur
1976 3985 2141 4026 omns-

593 4061 794 4120 potens,
822 4052 1012 4104 domini
1039 4053 1219 4120 fratres
1239 4053 1566 4109 dilectissimi.
1975 4049 1978 4051 ’
2106 4059 2111 4063 ’

594 4154 834 4195 ΕΡΙδτοίιλ
866 4153 1085 4193 ειυευει
1109 4154 1333 4195 ςοηαιη
1365 4157 1431 4194 ΑΙ)
1459 4157 1756 4199 σκιτιληωι
1791 4161 1859 4199 ΕΤ
1891 4162 2139 4204 νιιιιητι-

855 4223 1046 4262 NANUI
1078 4223 1142 4262 ετ
1167 4224 1490 4264 τηεουοειωι
1515 4227 1879 4270 ιιυειιλτοιιεεη

665 4297 1059 4365 Imperatoribus
1093 4299 1526 4374 clementissimis,
1558 4314 1603 4356 et
1633 4303 1934 4359 Christianis
1957 4307 2137 4362 beatis-

588 4387 820 4456 simique
866 4388 1201 4458 principibus,
1259 4389 1522 4452 Gratiano,
1553 4401 1600 4443 et
1652 4391 2042 4461 Valentiniano,
2087 4405 2134 4449 et

2244 1951 2588 2022 designarunt,
2616 1956 2740 2011 sicut
2761 1959 2985 2029 subjecta
3007 1960 3288 2014 declarant.
3308 1960 3502 2031 Ubique
3519 1979 3643 2033 ergo
3663 1981 3802 2016 nunc

2243 2054 2334 2106 pro
2357 2050 2519 2095 vestro
2559 2044 2770 2113 imperio
2811 2047 3086 2102 concinun't
3130 2058 3243 2103 vota
3296 2050 3628 2120 papulorum.
3701 2052 3808 2106 Ντε

2241 2133 2405 2181 tamen
2430 2130 2637 2186 arbitrio
2667 2142 2828 2188 oestro
2865 2145 3138 2192 assertores
3172 2139 3292 2208 ﬁdei
3329 2140 3626 2211 defuerunt.
3664 2141 3804 2196 Nam

2241 2215 2357 2270 licet
2383 2219 2628 2275 evidentia
2652 2234 2814 2278 essent
2841 2213 3135 2298 prescripta
3157 2235 3440 2300 majorum,
3466 2250 3496 2285 a
3515 2233 3700 2302 quibus
3714 2238 3804 2286 ins-

2243 2305 2381 2373 pium
2403 2316 2476 2360 est
2497 2317 2544 2362 et
2566 2312 2863 2382 sacrilegum
2886 2314 3107 2382 deviare,
3133 2325 3298 2372 tamen
3319 2320 3638 2388 disceptandi
3660 2323 3802 2376 obtu-

2245 2395 2394 2447 limus
2413 2396 2723 2464 facultatem.
2754 2401 2825 2453 Ac
2849 2403 3068 2470 primum
3095 2407 3402 2475 principium
3425 2410 3587 2475 ipsum
3613 2412 3802 2464 obortae

2244 2480 2567 2539 discussimus
2593 2490 2912 2558 qutcstionis,
2942 2502 3092 2562 atque
3137 2495 3245 2548 Arii
3289 2499 3552 2564 epistolam
3598 2503 3795 2565 putavi-

2129 2647 2131 2650 ι
2218 2585 2354 2636 Intus
2377 2589 2480 2627 esse
2506 2577 2837 2643 recitandam,
2861 2582 2948 2650 qui
2988 2592 3169 2637 auctor
3195 2588 3400 2641 Ariona:
3434 2589 3638 2644 httresis
3668 2593 3800 2644 ince-

2243 2663 2400 2715 nitur.
2432 2662 2578 2719 Unde
2597 2675 2644 2720 et
2665 2683 2847 2722 nomen
2875 2669 3076 2726 haeresis
3097 2675 3306 2742 accepit,
3331 2691 3392 2728 ea
3420 2677 3647 2731 vidclicet
3669 2696 3790 2750 gre-

2241 2755 2340 2819 tia,
2369 2763 2422 2808 ut
2448 2758 2686 2826 quoniam
2729 2760 2944 2816 Arianos
2983 2779 3034 2817 se
3065 2779 3246 2833 negare
3273 2781 3631 2822 consueuerant
3649 2811 3667 2833 ,
3694 2773 3796 2822 Arii

2244 2835 2578 2912 blasphemia
2617 2856 2706 2900 aut
2748 2850 3378 2922 incusandodamnarent,
3407 2866 3492 2911 aut
3521 2861 3796 2912 astruendo

2243 2937 2582 3006 defenderent,
2607 2948 2696 2993 aut
2722 2951 2851 2996 certe
2874 2960 2974 2997 non
3012 2955 3298 3000 recusarent
3329 2964 3507 3002 nomen
3533 2954 3649 3020 ejus
3671 2992 3687 3013 ,
3715 2969 3795 3002 cu-

2239 3027 2326 3092 ius
2345 3025 2650 3096 impietatem
2678 3029 3039 3098 perfidiamque
3060 3045 3403 3102 sequerentur.
3433 3036 3539 3091 Sed
3559 3039 3686 3105 quia
3706 3056 3794 3092 au-

2165 3143 2212 3207 c
2242 3124 2429 3183 ctorem
2455 3131 2600 3195 suum
2627 3133 2717 3170 nec
2738 3118 2978 3174 damnare
3015 3129 3262 3190 poterant,
3296 3139 3384 3177 nec
3409 3125 3620 3192 probare
3639 3166 3654 3188 ,
3685 3143 3792 3179 cum

2241 3206 2342 3272 ipsi
2369 3206 2437 3258 ad
2462 3207 2845 3275 disceptandum
2892 3219 3007 3264 ante
3034 3212 3260 3265 triduum
3286 3228 3670 3282 provocassem,
3715 3218 3792 3270 ιο-

2240 3310 2394 3364 coque
2421 3305 2469 3350 et
2492 3306 2711 3363 tempore
2736 3300 3024 3365 constituto,
3049 3318 3150 3355 non
3170 3315 3454 3373 exspectata
3470 3309 3790 3361 conuentione

2249 3384 2549 3450 prodiissent
2578 3401 2597 3439 :
2618 3383 2809 3441 'subito
2867 3391 2953 3459 qui
2995 3391 3232 3446 dixerant
3257 3410 3330 3460 se,
3358 3397 3476 3464 quia
3520 3395 3790 3451 Christiani

2237 3479 2396 3524 essent
2422 3472 2571 3542 facile
2609 3475 2905 3541 probaturos
2945 3479 3102 3546 (quod
3125 3497 3219 3534 nos
3244 3480 3450 3537 libenter
3473 3487 3786 3554 accepimus,

2239 3569 2286 3613 et
2313 3563 2590 3630 optavimus
2620 3574 2672 3616 ut
2699 3566 3015 3638 probarent),
3039 3571 3264 3642 refugere
3284 3589 3599 3645 congressum
3628 3579 3784 3638 illico,

2238 3663 2285 3707 et
2304 3655 2714 3726 disceptationem
2754 3661 3006 3716 declinare
3057 3675 3329 3732 eruperunt.
3379 3662 3580 3722 'Hultus
3620 3681 3783 3723 tamen

2238 3745 2380 3817 nobis
2400 3762 2513 3798 cum
2540 3747 2618 3801 his
2659 3746 2820 3802 serm'o
2845 3750 2974 3817 fuit:
3009 3755 3282 3822 prapositw
3307 3755 3487 3809 divina
3529 3759 3579 3809 in
3622 3760 3784 3810 medio

2236 3833 2520 3902 Scriptum
2539 3853 2560 3890 .°
2581 3837 2895 3906 disceptandi
2916 3879 2930 3904 ,
2975 3841 3037 3892 de
3065 3842 3226 3908 primo
3255 3853 3368 3897 ortu
3396 3846 3497 3898 diei
3525 3847 3577 3898 in
3605 3847 3781 3899 horam

2247 3926 2508 3994 septimam
2532 3927 2676 3996 capia
2700 3928 2849 3994 data,
2892 3929 3060 3983 delata
3087 3933 3346 4000 patientia.
3389 3935 3546 4002 Atque
3592 3938 3780 3989 utinam

2237 4029 2399 4080 pauca
2425 4014 2688 4082 dixissent,
2731 4017 2807 4070 vel
2847 4027 2977 4072 certe
3023 4035 3138 4088 qua:
3176 4021 3478 4089 audivimus,
3528 4040 3780 4092 possemus

2237 4104 2451 4159 abolere.
2483 4105 2615 4159 Nam
2636 4108 2891 4178 sacrilegis
2913 4112 3109 4164 vocibus
3133 4112 3268 4178 (cum
3309 4112 3462 4167 Arius
3488 4115 3654 4167 solum
3687 4115 3779 4167 Ps-

2236 4201 2358 4246 trem
2382 4195 2759 4264 sempiternum,
2789 4197 2951 4249 solum
2981 4197 3184 4263 bonum,
3209 4199 3374 4253 solum
3397 4216 3564 4254 verum
3596 4201 3776 4264 Deum.

2235 4279 2395 4332 solum
2429 4281 2850 4336 immortalitatem
2880 4284 3156 4350 habentem,
3182 4292 3343 4340 solum
3363 4295 3636 4356 sapientem
3658 4333 3675 4355 ,
3703 4306 3776 4343 so-

2237 4369 2340 4420 lum
2368 4378 2614 4439 potentem
2637 4372 2870 4436 dicendo,
2901 4383 3150 4440 expertem
3172 4390 3347 4428 eorum
3379 4374 3592 4436 Filium,
3622 4380 3774 4445 impia

589 4475 866 4529 Theodosio
889 4488 1111 4530 sanctum
1137 4479 1422 4545 concilium,
1453 4480 1587 4545 quod
1612 4484 1838 4534 convenit
1863 4459 2126 4550 Aquileia.

2237 4459 2618 4512 commonitione
2642 4460 2870 4513 voluisset
2910 4461 3142 4532 intelligi)
3168 4463 3249 4514 isti
3287 4462 3464 4515 Arium
3491 4465 3644 4534 527
3692 4481 3772 4533 po-

661 4563 951 4617 Benedictus
983 4564 1116 4618 Deus
1146 4564 1300 4618 Pater
1326 4565 1530 4619 Domini
1565 4568 1724 4620 nostri
1752 4567 1876 4622 Iesu
1903 4568 2122 4635 Christi,

589 4651 671 4718 qui
699 4650 834 4702 vobis
865 4650 1142 4704 Romanum
1170 4653 1434 4720 imperium
1461 4653 1630 4707 dedit:
1655 4664 1701 4707 et
1715 4655 1999 4710 benedictus
2020 4657 2125 4712 Do-

589 4739 756 4791 minus
782 4748 946 4790 noster
965 4737 1110 4792 Iesus
1132 4739 1376 4804 Christus,
1394 4741 1679 4811 unigenitus
1703 4741 1798 4796 Dei
1828 4741 2017 4808 Filius,
2039 4746 2128 4813 qui

587 4843 797 4896 regnum
823 4835 1036 4878 vestrum
1062 4843 1150 4879 sua
1188 4829 1368 4896 pietate
1408 4831 1644 4895 custodit,
1669 4832 1805 4900 apud
1834 4847 1982 4900 quem
2005 4849 2125 4902 gra-

587 4918 684 4968 tias
705 4916 898 4981 agimus
914 4915 1044 4966 vobis
1068 4913 1455 4980 (clententissimi
1484 4918 1753 4986 principes)
1780 4920 1914 4986 quod
1935 4927 1979 4972 et
2008 4920 2126 4985 ﬁdei

584 5012 756 5056 vestra:
785 5003 1000 5054 studium
1025 5001 1332 5068 probavistis,
1363 5002 1445 5069 qui
1467 5003 1532 5053 ad
1560 5005 1885 5056 removendos
1912 5005 2126 5058 alterca-

583 5093 740 5146 tiones
776 5107 1074 5160 congregare
1118 5090 1355 5142 statuistis
1399 5090 1706 5143 sacerdotale
1751 5093 2048 5158 concilium,
2081 5103 2126 5146 et

583 5180 827 5246 episcopis
856 5179 1148 5246 dignatione
1173 5185 1333 5230 vestra
1356 5177 1785 5242 honoriﬁcentiam
1816 5182 2120 5247 reservastis,

583 5275 639 5318 ut
661 5281 804 5318 nemo
819 5265 1002 5321 deesset
1028 5266 1223 5329 volens,
1254 5278 1397 5316 nemo
1422 5274 1683 5332 cogeretur
1706 5265 1913 5318 invitus.
1945 5267 2123 5336 Itaque

581 5353 725 5424 juxta
753 5353 1140 5405 mansuetudinis
1169 5362 1340 5405 vesti-te
1353 5360 1540 5404 statuta
1569 5353 1887 5407 convenimus
1918 5357 2022 5407 sine
2042 5357 2120 5409 in-

583 5441 717 5494 vidia
760 5441 1104 5506 multitudinis,
1135 5451 1180 5495 et
1213 5457 1327 5494 cum
1373 5440 1552 5506 affectu
1595 5441 1998 5509 disceptationis:
2030 5461 2120 5497 nec

583 5528 678 5580 ulli
706 5529 767 5581 de
786 5529 1022 5582 hcereticis
1052 5531 1270 5600 episcopi
1296 5528 1625 5596 suntreperti,
1649 5529 1746 5580 nisi
1773 5528 2040 5583 Palladius
2060 5549 2119 5584 ac

588 5613 961 5679 Secundianus,
993 5616 1210 5675 homines
1235 5625 1436 5669 vetustte
1462 5615 1720 5684 perfidiae,
1764 5627 1964 5685 prapter
1991 5634 2118 5685 quos

591 5702 874 5770 cunqreqari
897 5705 1155 5758 concilium
1197 5703 1514 5774 postulabant
1542 5703 1606 5762 dc
1631 5711 1848 5761 extrema
1868 5712 2007 5773 parle
2033 5721 2118 5758 or-

2233 4552 2331 4596 ttus
2356 4560 2492 4612 sequi
2515 4583 2529 4608 ,
2557 4560 2705 4611 quam
2746 4546 3102 4616 sempiternum
3145 4545 3303 4600 Deum
3334 4548 3429 4602 Dei
3472 4547 3666 4604 Filium
3692 4594 3704 4617 ,
3731 4563 3771 4604 et

2230 4645 2398 4683 verum
2439 4629 2600 4684 Dcum
2617 4673 2631 4697 ,
2661 4641 2708 4685 et
2730 4631 2914 4685 bonum
2935 4632 3116 4698 Deum,
3146 4644 3191 4688 et
3211 4637 3506 4705 rapientem,
3531 4647 3580 4693 et
3608 4650 3770 4707 peten-

2233 4727 2351 4781 tem,
2372 4729 2417 4770 et
2437 4720 2860 4775 immortalitatem
2875 4723 3135 4776 habentem
3160 4724 3420 4777 voluerunt
3441 4726 3617 4794 fateri.
3642 4728 3764 4780 lul-

2233 4817 2310 4859 tas
2343 4809 2491 4861 horas
2519 4813 2707 4877 frustra
2735 4811 3152 4879 consumpsimus.
3183 4812 3445 4866 Crescebat
3473 4829 3648 4870 eorum
3685 4818 3766 4870 int-

2236 4900 2414 4966 pietas,
2440 4915 2529 4952 nec
2552 4901 2732 4969 corrigi
2761 4900 2866 4952 ullo
2889 4910 3081 4970 poterat
3111 4903 3278 4955 modo.
3313 4901 3536 4972 Denique
3560 4921 3677 4958 cum
3704 4911 3763 4958 ri-

2231 4987 2403 5039 derent
2425 5003 2478 5040 se
2503 4986 2610 5040 Arii
2640 4988 2864 5054 epistola
2884 4988 3157 5059 sacrilegiis
3177 4991 3437 5059 perurgeri
3467 4993 3642 5059 (quam
3663 4995 3762 5045 ideo

2227 5079 2564 5144 subdidimus,
2595 5087 2648 5130 ut
2693 5094 2804 5131 cam
2843 5080 2989 5132 etiam
3035 5089 3196 5133 vestra
3224 5081 3489 5134 clementia
3510 5084 3761 5150 perhorre-

2225 5168 2406 5240 sceret)
2435 5171 2712 5223 resilientes
2742 5171 2803 5223 de
2831 5173 2994 5224 media
3013 5171 3236 5242 epistola
3261 5170 3491 5234 lectione,
3525 5175 3760 5238 petierunt

2225 5271 2278 5313 ut
2319 5276 2490 5314 eorum
2540 5262 2804 5330 propositis
2848 5262 3288 5331 responderentus,
3331 5277 3624 5328 quanquam
3670 5281 3756 5316 non

2225 5359 2348 5404 esset
2377 5351 2565 5403 ordinis
2607 5366 2762 5418 neque
2790 5349 2997 5403 rationis
3039 5359 3093 5400 ut
3118 5348 3388 5416 prteposita
3426 5349 3754 5418 interrumpe-

2225 5454 2424 5491 remus:
2453 5453 2834 5507 responsumque
2875 5446 2998 5492 esset
3019 5454 3049 5489 a
3074 5438 3211 5489 nobis
3243 5445 3294 5488 at
3321 5437 3622 5491 damnarent
3661 5440 3755 5492 Arii

2223 5527 2520 5596 impietates,
2554 5535 2598 5579 et
2625 5527 2687 5579 de
2710 5527 2888 5596 quibus
2909 5527 3104 5589 uellent,
3129 5526 3302 5579 ordine
3322 5528 3528 5594 locoque
3548 5541 3752 5588 servato,

2225 5635 2395 5674 eorum
2434 5619 2791 5671 intentionibus
2832 5619 3240 5683 rcsponderemus
3265 5634 3282 5681 ;
3312 5626 3478 5668 tamen
3522 5620 3758 5682 etquiet-i-

2227 5722 2336 5760 mus
2384 5716 2696 5777 pra‘posterte
2722 5707 2979 5761 voluntati.
3028 5705 3104 5760 lbi
3132 5715 3234 5759 tum
3280 5704 3542 5777 Evangelii
3581 5710 3757 5775 scripgu
