3862 6222
73 249 178 302 tos
1179 259 1264 313 nr.
1305 257 1456 313 FIDE
1495 257 1762 333 manus
1798 258 2220 320 TRACTATUS.
3204 267 3308 320 too

59 361 334 427 falmtes
368 405 387 428 ,
421 377 791 435 proposuerunt
818 371 958 422 nobis
1002 371 1187 424 dixisse
1221 369 1525 424 Dominum:
1566 369 1664 434 Qui
1692 372 1740 429 Α
1773 375 2091 427 sacerdotum
2117 374 2238 428 data
2274 381 2346 428 est
2374 374 2724 446 congreganda
2743 373 2950 428 concilio
2995 374 3307 434 remouistis:

55 467 147 504 me
184 455 385 518 misit,
442 457 611 524 major
636 472 721 512 me
749 468 829 514 est
853 477 866 512 :
902 477 1016 513 cum
1044 455 1190 515 aliter
1215 463 1455 528 scriptum
1486 464 1661 516 doceat
1768 461 1979 526 petimus
2000 470 2053 514 ut
2075 451 2311 529 quoniam
2330 463 2381 515 in
2405 463 2668 517 Sirntiensi
2695 464 2875 534 oppido
2911 463 3076 516 adhuc
3099 479 3310 517 conven-

59 542 224 594 serics
263 541 703 612 Scripturarum.
751 547 1030 620 Redarguti
1056 553 1118 604 de
1158 553 1379 621 falsitate
1421 560 1570 616 sunt,
1610 562 1664 606 ut
1768 555 1845 600 tus
1888 556 2079 602 tentare
2127 550 2463 619 cognovimus,
2511 551 2772 603 clementia
2812 561 3004 615 vestra,
3050 551 3318 605 interdicta

57 631 405 696 faterentur,
439 650 533 687 nec
570 642 739 691 tamen
766 640 957 695 ηιεῑοηε
970 645 1196 698 comm.
1230 643 1366 697 Nam
1388 661 1502 696 cum
1530 645 1663 700 άίεε-
1765 633 1915 687 etiam
1943 650 2073 689 nunc
2101 637 2335 700 coitione,
2363 638 2686 690 reverentiam
2709 639 2924 706 primum
2955 638 3196 694 Ecclesia
3224 656 3316 694 ca-

58 738 270 782 remus.
308 727 605 779 secundum
649 731 814 782 carnis
839 735 1208 802 susceptionem
1234 737 1476 789 minorem
1507 735 1663 789 Patre

1778 719 1983 790 'ltolica,
2014 723 2174 793 529
2212 722 2392 776 deinde
2427 725 2576 777 etiam
2604 724 2792 790 legibus
2816 727 2986 779 vestris
3009 727 3200 796 deferre
3221 728 3314 797 ju-

52 824 154 862 suo
184 808 242 861 F
244 811 292 863 il
299 812 431 864 ium
447 814 578 878 dici;
599 818 870 871 secundum
890 821 1202 875 divinitatem
1223 834 1388 876 autem
1417 840 1508 890 pro
1527 826 1664 876 testi-

1778 809 1915 865 ieatis
1941 820 1994 865 ut
2015 823 2061 866 et
2079 830 2184 878 vos,
2212 812 2318 868 Deo
2357 815 2570 880 prasulc
2598 815 2928 885 triumphetis,
2950 820 3040 888 qui
3061 821 3174 887 paci
3202 819 3302 874 Ec-

57 899 260 952 moniis
314 900 740 972 Scripturarum,
781 925 949 976 parem
973 920 1018 963 et
1042 913 1281 979 aqualem
1304 915 1542 983 probari;
1572 930 1662 968 nec

1778 897 2037 953 :lesiarum
2049 902 2300 970 quietique
2320 902 2604 955 consulitis.

61 991 313 1052 posseibi
327 1007 456 1045 esse
482 994 797 1049 discretionis
820 999 1007 1067 gradus
1029 1000 1265 1072 alicujus,
1295 1011 1383 1055 aut
1403 1004 1662 1071 magnitu-
1778 1033 1819 1072 Δτ
1939 1002 2132 1042 ⁵⁰¹¹¹Μ
2167 1004 2520 1066 mSCOMUI
2555 1003 2640 1051 om
2676 1003 3133 1047 ‘WSCM’S‘RU’T'

59 1080 229 1147 diuis,
265 1083 371 1135 ubi
405 1095 529 1139 esset
556 1088 722 1141 unitas
750 1091 1002 1159 potestatis
1028 1107 1048 1145 :
1070 1069 1168 1146 non
1195 1094 1355 1147 solum
1378 1094 1457 1147 illi
1487 1069 1662 1147 uolua-

1778 1069 2096 1140 Valerianus,
2574 1075 2877 1142 Domninus,

52 1183 182 1225 runt
215 1177 518 1230 emendare
541 1194 780 1242 errorem,
801 1181 887 1234 sed
907 1183 1060 1235 etiam
1081 1185 1330 1237 vesaniam
1352 1199 1534 1252 augere
1560 1196 1663 1237 εω-
1767 1161 2078 1263 ξψωίθο
2574 1163 2843 1263 Ψθθωῗεδ

60 1273 284 1330 perunt,
312 1275 380 1317 ut
410 1277 458 1319 et
478 1268 752 1336 subjectum
779 1272 1053 1323 secundum
1080 1272 1391 1324 divinitatem
1417 1246 1664 1334 dicerent,
1766 1246 2102 1358 ςοκξωηλίωι
2159 1334 2162 1337 ,
2583 1253 2851 1358 "fug"

59 1353 214 1418 quasi
249 1352 384 1407 ulla
422 1353 512 1408 Dei
539 1358 810 1410 secundum
836 1359 1143 1413 divinitatem
1182 1359 1338 1429 possit
1358 1360 1664 1429 csse‘subje-
1764 1337 1966 1446 em“;
2018 1432 2054 1446 Δ.
2578 1345 2908 1446 ρξξξοάθτπδν

59 1445 186 1499 ctio.
228 1443 480 1500 Mortem
518 1449 730 1516 denique
766 1464 864 1500 non
893 1449 960 1500 ad
983 1459 1350 1502 sacramentum
1372 1456 1556 1503 nostra
1578 1463 1660 1502 sa-

1778 1429 2137 1495 Abundnntius,
2580 1433 2854 1497 Philaster,

65 1533 211 1593 tutis.
231 1534 340 1586 sed
372 1535 442 1586 ad
463 1534 804 1597 inﬁrmitatem
817 1537 1093 1604 quamdam
1113 1536 1395 1590 divinitatis
1417 1539 1664 1606 referunt.
1768 1517 2029 1622 ξξεηίίξίέν
2579 1520 2811 1622 {minam

64 1620 409 1683 Horremus.
427 1623 795 1676 clementissimi
817 1624 1088 1692 principes,
1110 1634 1211 1678 tam
1234 1624 1350 1679 dira
1364 1624 1666 1694 sacrilegia;
1768 1606 2046 1710 ξίηεξιξυεο
2583 1609 2756 1710 {fu-“fi

70 1724 387 1775 pravosque
405 1710 653 1778 datores,
679 1727 740 1765 ne
764 1712 977 1767 ulterius
999 1713 1212 1783 populos
1233 1709 1516 1782 deciperent
1539 1729 1664 1782 quos
1694 1716 1741 1776 B
1770 1695 2041 1764 εαεεθίυεν
2585 1696 2858 1761 Maximus!

67 1797 352 1866 tenebam,
385 1801 668 1854 sacerdotio
689 1803 968 1870 putauimus
991 1805 1318 1860 abdicandae.
1337 1796 1510 1874 Neque
1529 1806 1662 1859 enim
1765 1786 2006 1892 Ξαυίηκεν
2076 1879 2110 1892 Α
2583 1789 2814 1892 ᾒηξξιιιίσι

71 1887 298 1958 dignum
324 1900 408 1943 est
431 1900 482 1944 ut
502 1892 836 1947 sacerdotium
860 1897 970 1966 ejus
991 1897 1082 1951 sibi
1104 1897 1374 1962 vindicent,
1404 1914 1552 1966 quem
1574 1914 1662 1952 ne-

1778 1874 2191 1946 Easuperantins,
2583 1877 2753 1943 Felix,

71 1990 360 2047 gener-unt.
398 1982 630 2037 Vestram
654 1985 823 2052 ﬁdem,
850 1965 1066 2041 vestram
1090 1988 1305 2059 gloriam
1333 1965 1663 2056 deprecantur

1778 1965 2111 2030 Macedonius,
2515 2024 2520 2029 ,
2585 1967 2780 2034 Viator,

73 2077 128 2120 ut
147 2073 512 2125 reuerentiam
537 2072 736 2142 imperii
771 2077 920 2128 vestri
946 2054 1183 2146 deferatis
1211 2079 1439 2132 auctori:
1459 2094 1664 2133 censea-
1760 2054 2057 2164 ξααίξκων
2578 2057 2908 2164 ἔαξείπξωων

75 2159 246 2227 tisque
287 2162 575 2229 impietatis
598 2175 868 2217 assertores
897 2174 944 2217 et
971 2145 1227 2220 adulteros
1252 2166 1498 2230 veritatis,
1529 2166 1664 2219 datis

1778 2145 2024 2210 Artemius,
2067 2175 2070 2177 -
2579 2149 2845 2215 Ephesius,

81 2247 334 2314 apicibus
370 2249 648 2303 clementia
685 2260 857 2306 vestra
881 2253 949 2306 ad
964 2254 1165 2322 judicia
1208 2255 1576 2324 competentia,
1604 2256 1664 2307 ab
1764 2232 2107 2340 (Efn‘f‘m‘iusr
2583 2236 2876 2340 gmw”,

83 2333 350 2390 Ecclesia
393 2338 635 2392 arcendos
678 2355 785 2393 esse
809 2338 1098 2406 liminibus,
1125 2351 1181 2396 ut
1225 2342 1280 2396 in
1308 2322 1665 2396 damnatorum
1768 2322 2046 2426 μιαάπξῆίν
2587 2327 2854 2426 ίτξξητίικν

77 2423 256 2478 locum
290 2443 390 2495 per
413 2437 600 2481 nostra
622 2430 882 2498 parvitatis
905 2431 1113 2502 legatos,
1141 2431 1304 2486 sancti
1331 2431 1666 2501 subrogantur
1766 2414 2079 2518 é‘m‘hfu‘v
2589 2413 2756 2518 “fit
2869 2505 2882 2518 ο

83 2514 406 2568 sacerdotes.
438 2516 666 2570 Attalum
687 2499 1054 2588 5281mm)“
1084 2518 1425 2587 presbyterum
1451 2499 1513 2572 de
1532 2533 1666 2584 pra-
1762 2499 2068 2569 ·Ῐαηιιατίκεο
2600 2557 2605 2562 ι
2641 2502 2882 2576 Episcopi
2903 2507 3316 2576 δνθδσνίρεετυητ-

84 2602 412 2657 oaricatione
432 2607 738 2673 confessum,
759 2615 804 2659 et
830 2607 998 2675 palam
1018 2607 1296 2676 sacrilegiis
1320 2606 1665 2671 inbarentein,
1765 2588 2082 2675 M213-

1771 2661 1938 2675 *ι

90 2704 183 2754 par
209 2692 470 2744 sententia
493 2693 899 2761 comprehendat.
917 2693 1055 2748 Nam
1075 2696 1196 2759 quid
1213 2696 1275 2749 de
1298 2697 1535 2765 magistro
1555 2704 1668 2764 ejus

101 2773 320 2830 Valente
350 2778 718 2848 dicamustqui
743 2796 857 2834 cum
896 2791 1022 2836 esset
1057 2784 1349 2851 proximus,
1395 2784 1668 2839 declinavit

95 2866 420 2925 sacerdotale
443 2868 738 2934 concilium,
789 2885 853 2924 ne
893 2886 1075 2926 eversa
1103 2872 1302 2944 patria,
1326 2873 1666 2944 perditorum.-

93 2969 187 3020 «με
207 2956 426 3009 ‘civium
469 2973 659 3010 causas
706 2965 947 3026 prastare
982 2960 1325 3014 sacerdotibus
1371 2971 1667 3031 cogeretur:

2049 2702 2096 2759 ,ν
2109 2703 2282 2757 Mill."
2321 2705 2405 2757 TA
2416 2705 2682 2760 PSENSIS
2729 2707 3022 2764 EPISCOPI

1822 2784 2246 2836 ηΑοτΑτυε
2274 2787 2369 2834 DE
2379 2789 2877 2907 {afﬁngimus
2903 2793 3273 2847 Αυνειιευι

2701 2890 2723 2924 9

1769 2952 2028 2994 CMGOBIO
2051 2953 2373 2995 MZMNZENO
2399 2958 2431 2994 Δ
2457 2956 2739 2998 κοκηυιιιε
2767 2958 3038 3002 Αεειιιρτυε
3065 2963 3078 2999 ἶ
3105 2962 3196 3010 QUI
3227 2962 3318 3001 εει·

97 3044 174 3106 qui
199 3045 362 3096 etiam
391 3057 566 3113 torque
598 3044 674 3114 (ut
721 3048 984 3118 asseritur)
1020 3057 1062 3101 et
1085 3050 1362 3116 brachialt',
1408 3052 1663 3122 impietate

1837 3043 2046 3083 Αιτδιιλ
2073 3043 2408 3099 ευιτιο-ιιβιιι
2436 3044 2471 3084 ΙΙ
2496 3044 2699 3086 CONTRA
2728 3047 3038 3101 PALLADIUI,
3060 3051 3160 3090 CUI
3182 3051 3316 3107 ΝΟΥΛ

100 3127 322 3187 Gothica
347 3137 679 3203 profanatas,
709 3127 844 3190 more
871 3139 1073 3192 indutus
1097 3140 1390 3210 gentilium,
1418 3155 1575 3195 ausus
1603 3142 1668 3196 sit

101 3218 152 3270 in
195 3225 812 3291 prospectum-exercitus
857 3227 1060 3295 prodire
1111 3229 1351 3285 Romani.
1384 3229 1533 3298 Quod
1557 3232 1670 3289 sine

102 3309 252 3361 dubio
283 3328 391 3365 non
412 3311 576 3365 solum
602 3313 654 3366 in
683 3315 940 3369 sacerdote
971 3317 1295 3388 sacrilegum,
1319 3320 1408 3373 sed
1436 3320 1588 3376 etiam
1613 3323 1667 3375 in

101 3413 403 3468 quocunque
431 3412 505 3455 est
530 3402 838 3460 Christiano.
865 3407 1063 3477 Etenim
1090 3410 1386 3465 abhorretur
1403 3428 1540 3466 more
1562 3412 1668 3468 Ro-

107 3503 285 3552 mana;
318 3491 418 3545 nisi
444 3493 576 3562 forte
602 3495 673 3547 sic
698 3497 864 3550 solent.
894 3499 1177 3555 idololatra
1213 3504 1505 3558 sacerdotes
1543 3522 1665 3572 pro-

105 3576 207 3631 dire
246 3579 553 3636 Gothorum.
600 3581 799 3639 Movent
847 3588 1081 3657 pietatem
1109 3600 1320 3646 vestram
1349 3594 1663 3650 sacerdotale

109 3681 304 3734 nomen,
330 3671 466 3736 quod
486 3670 573 3724 ille
598 3674 870 3745 sacrilegus
896 3677 1146 3751 infamat;
1172 3681 1259 3751 qui
1288 3684 1433 3736 etiam
1458 3700 1667 3738 suorum

108 3755 299 3810 vocibus
318 3798 336 3824 ,
361 3760 452 3828 qui
489 3769 651 3814 tamen
677 3777 932 3832 superesse
959 3782 1204 3838 possunt,
1236 3773 1443 3841 nefandi
1461 3775 1665 3828 sceleris

99 3847 352 3913 arguitur.
374 3849 517 3903 Certe
533 3850 737 3903 domum
757 3864 943 3923 repetat
957 3871 1120 3923 suam,
1137 3875 1238 3913 non
1250 3863 1551 3916 contaminet
1569 3865 1665 3926 ﬂo-

110 3938 416 3992 rentissimas
447 3939 614 3994 Italia
651 3944 868 3997 civitates
887 3985 903 4010 ,
948 3949 1039 4017 qui
1067 3966 1197 4004 nunc
1227 3935 1421 4007 illicitis
1451 3956 1664 4010 ordina-

113 4024 319 4080 tionibus
341 4029 626 4085 consimiles
655 4032 736 4086 sui
749 4034 903 4088 sociat
927 4037 1043 4101 sibi,
1068 4049 1114 4093 et
1143 4041 1470 4096 seminarium
1490 4047 1666 4112 quarit

114 4125 211 4200 sua
226 4114 500 4185 impietatis
527 4127 676 4188 atque
700 4121 926 4189 perﬁdia
955 4141 1043 4192 per
1067 4143 1292 4197 quosque
1319 4132 1541 4200 perditos
1570 4134 1663 4188 de-

112 4199 423 4290 relinquere,
469 4207 555 4274 qui
581 4208 838 4278 episcopus
866 4227 973 4266 esse
996 4206 1285 4283 nee'capit.
1316 4216 1453 4272 Nam
1499 4221 1664 4290 primo

117 4286 381 4349 Petavione
409 4297 752 4365 superpositus
771 4299 937 4369 fuerat
953 4312 1123 4358 sancto
1157 4307 1262 4360 viro
1293 4304 1470 4361 Marco
1499 4286 1666 4363 admi-

1822 3136 1826 3141 '
1844 3133 2207 3174 PMFATIONB.

1772 3207 1930 3261 F.des
1947 3210 2230 3280 conscripta
2250 3209 2390 3278 apud
2417 3208 2641 3265 Nicaam
2667 3227 2699 3264 a
2730 3222 2859 3267 recte
2886 3213 3193 3269 credentibus
3220 3218 3322 3284 epi~

2116 3299 2283 3368 scapis
2313 3300 2540 3355 trecentis
2578 3303 2745 3354 decem
2773 3314 2818 3358 et
2846 3311 2977 3360 octo.

1843 3383 2109 3442 Credimus
2137 3386 2192 3440 in
2219 3386 2400 3452 Deum,
2432 3385 2639 3442 Patrem
2666 3390 3070 3459 omnipotentem,
3105 3394 3323 3449 omnium

1772 3473 2044 3528 visibilium
2074 3484 2119 3529 et
2146 3473 2477 3548 invisibilium
2505 3476 2744 3545 factorem
2769 3492 2818 3533 et
2857 3496 3013 3534 unum
3052 3482 3324 3536 Dominum

1772 3573 2001 3618 nostrum
2026 3563 2204 3635 Iesum
2223 3562 2501 3633 Christum,
2527 3563 2718 3621 Filium
2743 3566 2856 3636 Dei,
2885 3580 3053 3624 natum
3081 3572 3143 3626 de
3175 3569 3325 3627 Patre

1770 3656 1996 3722 unicum,
2022 3655 2119 3710 hoc
2158 3664 2231 3710 est
2273 3657 2336 3710 de
2371 3656 2646 3711 substantia
2678 3656 2846 3713 Patris
2873 3675 2891 3716 :
2924 3659 3082 3716 Deum
3105 3664 3166 3717 de
3192 3663 3320 3730 Deo,

1768 3744 1935 3798 lumen
1957 3747 2020 3798 de
2046 3744 2254 3814 tantine,
2286 3743 2444 3799 Deum
2464 3762 2632 3800 verum
2652 3747 2714 3801 de
2738 3747 2844 3802 Deo
2867 3765 3000 3814 vero,
3027 3761 3200 3804 natum
3227 3769 3324 3806 non

1767 3835 1958 3903 factum
1986 3852 2005 3890 :
2026 3838 2178 3890 unius
2205 3837 2496 3890 substantia
2519 3853 2631 3890 cum
2658 3837 2830 3904 Patre,
2861 3840 2996 3908 quod
3034 3840 3195 3895 Graci
3231 3845 3316 3895 di-

1765 3933 1884 3976 cunt
1912 3924 2146 3996 ὀμούσιον
2167 3939 2185 3977 :
2209 3941 2299 3994 per
2323 3940 2469 3993 quem
2496 3925 2665 3978 omnia
2693 3926 2826 3993 facta
2853 3935 2990 3994 sunt,
3012 3929 3110 3983 sive
3135 3947 3246 3999 qua:
3271 3935 3323 3985 in

1767 4012 1908 4081 calo,
1939 4014 2039 4067 sive
2064 4028 2175 4082 qua
2211 4013 2264 4066 in
2298 4021 2451 4066 terra.
2502 4012 2600 4080 Qui
2631 4023 2847 4085 propter
2875 4017 3235 4086 nos'ltomines,
3273 4031 3322 4074 et

1767 4113 1970 4171 propter
1993 4109 2217 4157 nostram
2236 4102 2447 4157 salutem
2474 4088 2748 4170 descendit,
2770 4113 2816 4156 et
2842 4105 3133 4162 incarnatus
3157 4119 3247 4171 est,
3273 4118 3323 4163 et

1766 4192 1913 4248 homo
1941 4196 2105 4262 factus
2133 4199 2230 4258 est,
2250 4207 2429 4260 passus
2453 4201 2545 4256 est,
2562 4193 2832 4247 resurrexit
2855 4196 3000 4248 tertia
3021 4197 3127 4266 die,
3145 4213 3321 4253 ascen-

1766 4285 1840 4338 dit
1866 4285 1934 4337 ad
1970 4284 2139 4348 caelos,
2166 4282 2281 4335 inde
2308 4293 2545 4336 venturus
2573 4282 2809 4351 judicare
2837 4284 2967 4338 vivos
2993 4295 3039 4340 et
3081 4297 3320 4343 mortuos.

117 4378 282 4435 rabilis
313 4384 569 4437 memoria
610 4389 894 4444 sacerdoti:
921 4401 968 4445 et
999 4386 1328 4462 posteaquam
1378 4399 1668 4468 deformiter
1695 4407 1746 4467 Ι)
1972 4373 2041 4427 Ε²
2072 4374 2322 4468 5P5'5‘“"'
2352 4381 2600 4426 “nc‘m'
2649 4371 2754 4426 Eo,
2790 4385 2958 4430 amem
2993 4377 3079 4446 qui
3108 4379 3278 4433 dicam
3308 4395 3323 4433 ³

119 4465 326 4534 dejectus
353 4487 387 4523 a
416 4471 555 4541 plebe
581 4483 686 4556 est,
716 4477 800 4546 qui
830 4477 1097 4536 Petavione
1125 4501 1232 4538 esse
1270 4501 1369 4539 non
1399 4465 1598 4556 potuit,
1623 4489 1669 4544 is

117 4568 236 4608 nunc
266 4560 584 4627 Mediolani,
615 4549 728 4633 post
765 4570 1064 4637 eversionem
1099 4575 1280 4642 patria
1310 4549 1409 4647 (net
1438 4549 1668 4633 dicamus

122 4645 468 4719 proditionem)
495 4651 807 4722 inequitavit.
850 4657 1017 4726 Super
1056 4663 1286 4718 omnibus
1321 4645 1481 4736 igitur
1505 4669 1670 4738 pietas

123 4743 266 4789 uestra
292 4754 389 4792 nos
408 4744 659 4796 consolari
686 4746 922 4816 dignetur
940 4789 955 4814 ,
986 4768 1047 4806 ne
1067 4754 1461 4824 obtemperantes
1482 4769 1662 4816 vestra

125 4827 490 4897 tranquillitatis
534 4831 735 4889 statutis
755 4877 773 4901 ,
820 4838 1009 4906 frustra
1055 4847 1338 4901 convenisse
1378 4849 1660 4905 videamur.

126 4909 232 4968 Non
252 4917 418 4972 solum
443 4921 570 4973 enim
594 4926 872 4980 cavendum
901 4939 1056 4989 estne
1079 4943 1269 5002 nostra,
1296 4938 1384 4990 sed
1412 4939 1564 4992 etiam
1585 4957 1667 4994 vo-

127 5016 216 5060 stra
250 5012 452 5067 decreta
477 5011 739 5071 luduntur.
773 5016 998 5090 Petimus
1027 5025 1213 5094 igitur,
1241 5039 1293 5081 ut
1315 5029 1516 5098 legatos
1547 5047 1667 5086 con-

127 5096 218 5151 cilii
242 5110 442 5157 sanctos
479 5103 610 5158 viros
647 5120 786 5177 aque
812 5108 1076 5167 clementia
1101 5125 1265 5170 vestra
1289 5096 1467 5173 audire
1493 5120 1672 5191 digne-

131 5199 218 5259 tur,
240 5209 424 5253 etcum
450 5201 626 5270 effectu
653 5221 826 5260 eorum
849 5223 962 5277 qua
990 5214 1242 5280 poscimus
1263 5257 1279 5281 ,
1309 5221 1558 5274 maturius
1589 5239 1668 5276 re-

131 5292 223 5348 dire
254 5302 552 5373 pracipiat:
583 5314 638 5358 ut
669 5311 942 5371 mercedem
967 5315 1230 5384 accipiatis
1258 5335 1290 5372 a
1312 5318 1533 5377 Domino
1567 5323 1672 5378 Deo

133 5387 328 5460 Christo,
353 5400 499 5470 cujus
522 5401 858 5471 Ecclesiasab
888 5411 1022 5464 omni
1039 5415 1402 5486 sacrilegorum
1424 5419 1535 5475 labe
1551 5439 1674 5490 pur-

136 5494 284 5565 gastis.
312 5493 646 5555 Photinianos
670 5519 881 5575 quoque,
905 5523 1031 5577 quos
1066 5517 1113 5562 et
1141 5516 1392 5581 superiori
1422 5519 1530 5587 lege
1561 5536 1675 5574 cen-

138 5589 282 5649 suistis
303 5595 472 5654 nullos
502 5598 666 5668 facere
692 5603 869 5659 debere
904 5597 1195 5678 conventus,
1224 5621 1272 5666 et
1313 5629 1422 5668 eam
1466 5591 1579 5687 qua
1603 5602 1669 5673 de

1775 4465 1901 4520 Erat
1945 4466 2144 4536 quando
2173 4482 2274 4520 non
2311 4477 2438 4534 erat,
2471 4477 2515 4523 et
2563 4469 2855 4537 priusquam
2895 4485 3179 4529 nasceretur
3222 4493 3324 4530 non

1774 4569 1880 4612 erat
1907 4574 1925 4612 :
1954 4568 2000 4613 et
2029 4560 2339 4626 mutabilem,
2362 4559 2439 4614 vel
2464 4562 2830 4616 convertibilem
2850 4580 2956 4618 esse
2982 4563 3177 4620 Filium
3198 4566 3323 4631 Dei;

1773 4649 1864 4702 Itos
1911 4649 2296 4705 anathematizat
2350 4650 2597 4705 catholica
2647 4661 2694 4706 et
2742 4653 3020 4722 apostolica
3076 4647 3322 4712 Eccltisia.

1775 4740 1954 4794 Amen.

1840 4829 2035 4883 Amore
2059 4829 2328 4885 Catholica:
2349 4831 2469 4889 ﬁdei
2488 4833 2694 4900 ductus,
2714 4835 2824 4905 iam
2845 4836 3044 4906 pridem
3065 4839 3317 4896 adversus

1773 4916 1998 4970 Arianos
2033 4917 2268 4973 libellum
2306 4919 2574 4977 edideram
2601 4938 2758 4997 quem
2784 4939 2903 4979 cum
2932 4926 3102 4980 amico
3145 4927 3320 4997 legun-

1772 5008 1895 5060 dum
1919 5006 2203 5074 dedissem,
2227 5010 2348 5079 quia
2371 5011 2586 5081 placuit,
2607 5014 2828 5090 credidit
2849 5017 3318 5074 transcribendum.

1772 5095 1815 5150 A
1845 5110 1948 5164 quo
1974 5095 2073 5151 hoc
2101 5112 2200 5174 ego
2227 5113 2546 5170 magnopere
2570 5102 2825 5172 postulavi
2853 5112 2907 5158 ut
2936 5105 3139 5159 interim
3165 5105 3321 5161 dissi-

1773 5185 1969 5239 mulato
2003 5194 2221 5242 auctore
2240 5227 2255 5250 .
2295 5187 2462 5244 doctis
2487 5190 2614 5244 viris
2640 5200 2694 5246 et
2721 5191 3055 5260 prudentibus
3083 5192 3278 5262 legeret
3302 5213 3318 5262 ;

1775 5279 1833 5325 ut
1859 5271 1902 5325 si
1931 5286 2089 5341 quem
2118 5275 2370 5330 movisset
2402 5266 2539 5347 quod
2575 5278 2682 5332 illic
2711 5278 2825 5348 plus
2851 5287 2937 5334 aut
2977 5280 3150 5340 minus
3175 5283 3321 5351 posi-

1774 5367 1885 5414 tum
1914 5360 2202 5431 videretur,
2227 5372 2406 5432 posset
2427 5365 2765 5435 plurimorum
2790 5367 3010 5422 oonsilio
3029 5370 3318 5428 emendari.

1774 5447 1938 5503 Nemo
1967 5458 2048 5503 εει
2078 5453 2218 5504 enim
2247 5451 2334 5522 qui
2355 5452 2453 5507 sibi
2486 5463 2588 5507 tam
2618 5462 2920 5523 arroganter
2943 5470 3200 5512 summam
3227 5459 3321 5514 do-

1777 5534 1960 5589 ctrina
1989 5537 2222 5593 caelestis
2247 5550 2499 5605 assumat,
2530 5547 2586 5594 ut
2613 5545 2757 5608 putet
2784 5550 3044 5598 se'omma
3072 5548 3320 5616 mysteria

1773 5622 1973 5692 liquido
2000 5625 2378 5697 comprehensa
2404 5621 2653 5699 retinere,
2684 5627 3023 5690 cumPauius
3053 5638 3320 5706 apostolus
3414 5657 3416 5659 ·
