3862 6222
575 301 667 357 667

573 424 706 475 d-ett
736 439 746 474 :
777 422 871 486 Qui
898 435 1020 488 ergo
1047 425 1188 486 putat
1225 431 1281 468 se
1312 415 1503 484 aliquid
1538 412 1705 475 scire,
1749 414 1966 465 necdum
2009 415 2105 464 scit
2137 416 2179 471 Α
2206 414 2433 473 Sumtus
2454 411 2616 462 saurti
2649 409 2858 478 (ilutrh.
2896 427 3111 472 nutu,
3143 411 3251 466 tu).
3284 408 3404 461 il:rr
3440 421 3492 457 (ν-
3513 416 3533 456 t
3583 408 3766 453 Pe.”-

573 513 1007 579 qm-uiadmodum
1049 516 1288 576 oporteat
1325 521 1460 560 scire
1496 503 1544 570 tl
1588 504 1707 563 Car.
1751 517 1879 567 vnt,
1914 501 2011 570 2),
2059 513 2113 560 et

577 605 730 655 Modo
759 617 851 669 per
875 599 1140 666 speculum
1169 599 1220 650 in
1243 597 1518 664 mnigmatc
1541 595 1810 656 videmus;
1837 603 1960 647 tunc
1981 592 2113 649 facie

577 695 641 746 ad
684 693 865 745 faciem
905 686 958 755 (Ι
985 687 1104 742 Cor.
1134 705 1247 755 xm,
1291 688 1400 757 1‘2).
1441 688 1530 741 Sin
1560 699 1686 741 vero
1710 681 1910 739 cunctis
1937 681 2114 738 omnia

576 799 692 849 qum
722 782 823 835 illic
849 780 1042 849 scripta
1082 789 1232 837 erant
1255 820 1272 846 ,
1296 780 1469 852 juxta~
1485 779 1638 834 fidem
1667 787 1841 833 veram
1872 786 2116 833 constare

578 872 897 937 viderentur,
927 879 1034 925 tum
1055 881 1107 926 et
1136 872 1245 938 ipse
1269 871 1560 938 petentibus
1580 883 1688 924 non
1711 876 1942 938 negaret.
1965 867 2114 932 Quod

575 976 693 1015 eum
727 963 794 1013 ita
836 962 1021 1016 tet-isse
1076 961 1410 1014 manifestum
1444 968 1544 1015 est.
1589 958 1654 1012 Et
1689 956 1809 1027 qnla
1840 971 1926 1012 res
1963 957 2115 1021 digna

578 1057 684 1101 tam
703 1050 972 1103 catholicae
986 1050 1299 1103 confessioni
1313 1061 1466 1116 quam
1490 1046 1747 1099 haeretica
1766 1043 2116 1114 responsioni,

578 1138 937 1192 universorum
974 1137 1172 1205 judicio
1196 1137 1450 1190 astimata
1478 1145 1582 1200 est,
1615 1125 1762 1190 multi
1786 1149 1907 1189 eum
1934 1134 2012 1188 vel
2045 1133 2120 1188 le-

575 1239 701 1291 gere
730 1227 811 1278 vel
840 1226 1138 1280 describere
1163 1225 1458 1278 voluerunt.
1480 1223 1583 1278 Sed
1615 1237 1718 1277 non
1739 1223 1903 1278 defuit
1920 1221 2009 1291 qui
2035 1222 2118 1275 vel

579 1328 673 1379 pro
698 1313 868 1367 studio
898 1314 1167 1378 doctrinm,
1200 1313 1276 1367 vel
1308 1328 1404 1380 pro
1430 1313 1678 1368 caritatis‘
1694 1311 1888 1376 ofﬁcio,
1915 1327 1977 1367 ea
2002 1326 2120 1381 qua:

577 1419 604 1454 a
635 1403 781 1456 nobis
811 1403 948 1456 dicta
977 1412 1118 1463 sunt.
1146 1401 1501 1471 scrupulosius
1523 1412 1860 1467 retraetaret;
1889 1410 1945 1456 et
1972 1414 2118 1469 quae—

576 1491 694 1544 dam
727 1491 814 1546 il'c
839 1492 921 1545 vel
949 1484 1235 1560 superﬂua,
1258 1491 1341 1546 vel
1368 1491 1606 1563 ambigua
1631 1491 1853 1555 diceret,
1881 1505 2008 1560 quas,
2026 1490 2120 1543 ali-

579 1591 658 1635 ter
684 1583 884 1649 possint
904 1599 932 1636 a
954 1585 1260 1652 quibusdam
1285 1599 1438 1652 quam
1462 1599 1488 1650 ξι
1517 1597 1603 1639 me
1626 1583 1763 1638 dicta
1793 1589 1915 1637 sunt
1932 1579 2117 1648 accipi.

577 1670 804 1724 Proinde
827 1686 1006 1725 rursus
1027 1687 1089 1726 ea
1113 1673 1218 1737 ipsa
1246 1672 1467 1739 planiori
1489 1685 1734 1726 sermone
1754 1671 1805 1724 in
1829 1670 1926 1724 hoc
1948 1667 2122 1722 libello

577 1759 770 1826 digessi
796 1802 810 1822 ,
843 1770 899 1815 ut
928 1771 980 1816 et
1009 1763 1394 1828 simplicitatem
1426 1774 1610 1816 sensus
1638 1762 1739 1816 mei
1769 1759 2120 1821 ostenderem,

577 1858 630 1900 et
677 1851 976 1918 scrupulum
1020 1853 1306 1921 legentibus
1352 1861 1697 1922 amputarem.
1726 1849 1854 1904 Nam
1896 1849 1997 1902 hoc
2041 1853 2122 1900 est

578 1939 714 2004 quod
745 1940 886 1995 aiunt
921 1957 1072 2007 posse
1114 1942 1450 2011 reprehendi,
1488 1942 1625 2011 qttod
1657 1941 1742 1995 ubi
1772 1939 1997 1994 Verbum
2026 1936 2136 1991 Dei

577 2045 640 2083 ex
673 2044 894 2098 persona
924 2033 1039 2086 Filii
1079 2034 1344 2101 posuimus
1366 2075 1380 2098 ,
1430 2033 1532 2088 tale
1560 2032 1659 2087 hoc
1685 2031 1896 2086 verbum
1928 2029 2122 2082 intelli-

577 2135 702 2184 gere
733 2129 970 2189 putemus
998 2125 1149 2190 quale
1177 2123 1500 2191 grammatici
1533 2121 1765 2188 tradunt,
1796 2121 1983 2190 spiritu
2012 2120 2122 2175 oris

578 2225 753 2263 aerem
793 2211 1069 2275 oﬁ’ensum,
1110 2211 1490 2280 intelligihiiem
1531 2211 1733 2266 auditu.
1782 2211 1884 2268 Sed
1914 2227 2012 2267 nos
2041 2227 2122 2266 sa-

579 2300 825 2366 pientiam
853 2315 956 2354 non
987 2302 1139 2370 huius
1159 2301 1359 2366 mundi,
1384 2317 1498 2370 qua:
1523 2299 1834 2367 destruitur,
1864 2301 1959 2357 sed
1982 2302 2122 2356 illam

579 2405 694 2453 qua:
719 2406 782 2445 ex
816 2391 924 2446 Deo
965 2400 1048 2446 est
1086 2393 1347 2455 novimus,
1392 2405 1508 2460 quas
1546 2375 1772 2446 Verbum
1821 2391 1914 2446 Dei
1963 2392 2124 2446 Deum

579 2497 697 2536 esse
731 2482 978 2544 insinuat,
1005 2496 1123 2537 cum
1165 2483 1292 2536 dicit
1323 2499 1337 2533 :
1365 2481 1420 2536 ln
1453 2480 1707 2550 principio
1728 2490 1844 2536 erat
1872 2482 2123 2549 Verbum,

579 2584 633 2627 et
663 2571 890 2626 Verbum
919 2579 1033 2627 erat
1068 2571 1204 2640 apud
1237 2571 1398 2624 Deum
1422 2611 1436 2635 ,
1484 2578 1536 2625 et
1568 2571 1701 2624 Deus
1730 2578 1845 2626 erat
1874 2571 2123 2627 Verbum.

581 2665 767 2719 Omnia
798 2678 892 2732 per
918 2664 1086 2733 ipsum
1119 2663 1247 2717 facta
1277 2673 1437 2728 sunt,
1470 2671 1522 2716 ct
1550 2661 1666 2716 sine
1693 2663 1803 2731 ipso
1829 2663 2021 2718 factum
2046 2675 2125 2723 est

580 2756 712 2810 nihil
739 2754 910 2822 (Joan.
956 2753 1166 2821 1.,κί-δ).
1203 2752 1350 2808 Unde
1379 2753 1554 2807 mirari
1581 2767 1666 2806 me
1697 2753 1894 2818 fateor,
1925 2753 2026 2809 hoc
2057 2757 2124 2810 ita

580 2843 762 2898 sentiri
793 2843 1044 2910 pomisse,
1067 2840 1218 2910 quasi
1244 2857 1338 2895 nos
1371 2856 1648 2910 personam
1678 2842 1830 2913 531
1859 2847 2124 2914 propriam

581 2933 760 2997 Verbi,
785 2933 920 3001 quod
945 2942 1025 2986 c~t
1045 2933 1228 2998 Filius,
1253 2945 1581 2998 negaremus.
1604 2932 1768 2985 Nemo
1788 2931 1948 2988 verbo
1973 2944 2128 2990 tenus

581 3024 834 3085 nominat,
865 3036 1021 3090 quem
1051 3035 1176 3076 vere
1203 3020 1395 3076 essein
1425 3034 1648 3090 persona
1671 3035 1761 3075 sua
1788 3023 1980 3090 saepius
2006 3037 2127 3091 pro-

581 3116 757 3182 ﬁtetur
787 3133 800 3166 :
833 3129 953 3169 nam
977 3112 1241 3183 quomodo
1267 3121 1355 3166 aut
1380 3126 1561 3165 verum
1588 3109 1797 3178 FiYittm,
1827 3093 2123 3168 aut'vernm
2156 3097 2201 3159 (ἶ

583 3209 788 3262 Patrem
835 3207 1060 3263 confessi
1106 3221 1308 3270 sumus,
1348 3208 1390 3260 si
1441 3222 1543 3260 non
1586 3220 1710 3262 vere
1754 3208 2125 3277 preprietatem

581 3315 924 3369 personarum
953 3309 1057 3354 tam
1098 3298 1266 3353 Patris
1303 3313 1456 3368 quam
1485 3298 1604 3353 Filii
1631 3299 1998 3356 servavimus?
2026 3289 2128 3358 Sed

584 3393 704 3459 quia
733 3392 889 3446 unius
914 3390 1003 3444 Dei
1031 3389 1340 3444 vocabulum
1372 3390 1616 3457 diximus,
1635 3404 1885 3458 personas
1912 3405 2131 3461 negasse

586 3493 848 3552 putamur.
891 3483 957 3535 Et
986 3482 1108 3535 hinc
1147 3479 1429 3536 verisimile
1459 3480 1628 3535 visum
1673 3490 1754 3536 est
1778 3482 1916 3551 quod
1957 3483 2133 3552 posui-

586 3587 723 3627 mus.
751 3572 854 3625 Nos
883 3570 1092 3624 Patrem
1116 3579 1169 3624 et
1195 3569 1381 3623 Filium
1411 3570 1480 3624 ita
1509 3584 1861 3638 nominamus,
1885 3568 1943 3626 tit
1969 3585 2131 3626 unum

589 3664 630 3715 l)
666 3663 832 3731 usuin
862 3661 938 3714 bi<
963 3661 1202 3728 personis
1218 3668 1270 3714 et
1290 3659 1587 3713 nominibus
1607 3661 1953 3729 assigaemus.
1971 3661 2133 3717 Porro

585 3753 776 3806 iterum
809 3750 959 3804 Pater
988 3757 1042 3803 ct
1072 3749 1256 3814 Filius,
1283 3748 1382 3802 etsi
1411 3749 1518 3802 duo
1544 3749 1752 3804 nomina
1779 3750 2128 3818 appellantur,

585 3839 790 3893 ratione
816 3847 986 3891 tamen
1017 3845 1072 3892 ct
1098 3837 1385 3891 substantia
1417 3854 1578 3891 unum
1604 3845 1748 3894 sunt.
1790 3839 2000 3894 Etcum
2032 3827 2161 3893 Pa?

587 3939 718 3984 trem
749 3938 802 3984 ct
831 3929 1016 3983 Filium
1041 3937 1232 3993 statuo,
1258 3931 1509 3982 unitatem
1529 3930 1737 3999 assigno
1757 3930 1987 3999 generis.
2011 3929 2130 3984 11ωο

585 4022 758 4074 omnia
791 4020 1003 4088 intelligi
1034 4033 1189 4098 posse
1215 4019 1469 4087 aestimata
1501 4027 1642 4086 sunt,
1676 4021 1824 4090 quasi
1855 4019 1950 4075 ista
1979 4034 2131 4076 voca-

585 4114 707 4166 bula
733 4110 868 4166 inter
898 4111 1108 4164 Patrem
1131 4118 1186 4165 et
1208 4110 1393 4164 Filium
1417 4109 1486 4163 ita
1509 4107 1677 4177 posita
1703 4110 1831 4177 sint,
1857 4119 1915 4164 ut
1935 4118 2018 4164 est.
2036 4123 2131 4162 no-

585 4218 705 4257 men
738 4212 790 4256 et
818 4217 1129 4270 cognomen,
1177 4202 1332 4254 unius
1375 4209 1549 4254 tamen
1580 4213 1855 4270 persenz;
1904 4213 2022 4255 cum
2065 4214 2129 4254 ex

587 4291 944 4358 superioribus
970 4297 1059 4341 aut
1085 4288 1422 4342 inferioribus
1446 4287 1599 4342 dictis
1631 4287 1860 4356 potuerit
1885 4288 2000 4342 haec
2029 4303 2132 4342 su-

586 4382 752 4449 spicio
778 4395 879 4432 non
911 4377 1132 4431 admitti.
1162 4378 1264 4444 Qui
1289 4378 1426 4434 enim
1453 4377 1640 4430 Filium
1669 4375 1763 4430 Dei
1789 4392 1891 4433 non
1920 4377 2132 4432 aliunde

2154 1754 2198 1813 Β

1845 292 2065 351 νιαιωι
2100 290 2494 350 T:\PS|".NSIS~

3779 292 3862 342 Li

3729 403 3802 446 (P-
3833 417 3862 452 i}

2211 503 2440 560 Trinitas
2480 502 2532 555 in
2577 503 2775 555 unitate
2815 501 3136 564 consistens,
3177 517 3335 568 quant
3379 499 3632 551 -CIlit-m
3693 495 3862 544 mina

2210 592 2516 650 substantia:
2546 592 2871 656 proﬁtemur.
2899 591 3010 644 Non
3041 591 3182 644 enim
3216 604 3314 643 nos
3338 585 3705 642 secundum
3745 597 3862 634 (ιιι-τι

2214 696 2395 751 porum
2425 679 2806 746 conditionem,
2837 679 3156 734 divisionem
3185 681 3237 734 in
3267 680 3376 734 Deo
3397 678 3684 732 facimus
3713 690 3732 734 ;
3767 671 3862 728 sed

2213 770 2502 826 secundum
2528 770 2718 824 divinae
2745 779 2948 826 natura:
2975 771 3296 837 potentiam,
3326 783 3455 838 qua:
3489 767 3556 822 in
3593 763 3862 817 matari}:

2216 875 2318 914 non
2340 864 2489 914 est'et
2515 860 2788 914 nominum
2814 873 3070 926 personas
3083 873 3208 913 vere
3223 868 3486 912 constare
3508 853 3862 918 credimus.

2215 959 2268 1004 et
2291 948 2542 1002 unitatem
2579 948 2872 1002 divinitatis
2899 963 3021 1003 esse
3049 958 3324 1002 testamur.
3363 946 3485 1000 Nec
3534 945 3862 998 extesvséou

2217 1056 2335 1094 nem
2366 1041 2531 1108 partis
2558 1040 2785 1109 alicujus
2809 1054 2873 1093 ex
2904 1039 3060 1094 Patre
3087 1042 3170 1110 (ut
3195 1040 3410 1108 quidam
3446 1029 3862 1106 putaverunt]

2219 1131 2308 1186 Dei
2340 1130 2526 1186 Filium
2554 1130 2777 1185 dicimus
2796 1146 2810 1183 :
2830 1144 2928 1186 nec
2941 1130 3161 1185 verbum
3184 1129 3301 1184 sine
3318 1129 3600 1193 re,velut
3629 1141 3862 1188 sonora

2217 1223 2360 1279 vocis
2387 1222 2711 1291 accipimus;
2740 1221 2833 1278 sed
2863 1222 2962 1275 tria
2988 1222 3200 1275 nomina
3218 1259 3234 1284 ,
3260 1231 3316 1275 et
3346 1230 3462 1273 tres
3501 1233 3820 1286 personas
3839 1257 3853 1272 .

2221 1317 2374 1370 nnins
2399 1329 2519 1371 esse
2541 1315 2808 1378 essentiaz,
2837 1314 2997 1366 unius
3017 1311 3312 1380 maiestatis
3341 1319 3520 1376 atque
3560 1310 3805 1374 potenti
3823 1323 3862 1354 rt

2219 1396 2499 1462 credimus.
2523 1405 2679 1474 532
2701 1404 2767 1458 Et
2791 1403 2910 1457 ideo
2932 1401 3094 1455 unum
3119 1402 3280 1454 Deum
3299 1398 3687 1461 conﬁtemur,
3719 1396 3862 1460 quia

2223 1498 2392 1549 unitas
2435 1495 2760 1563 maiestatis.
2804 1493 3031 1562 plurium
3063 1491 3322 1546 vocabulo
3363 1489 3509 1543 deos
3561 1487 3854 1555 prohibt

2221 1588 2494 1656 appellari.
2527 1587 2763 1655 Denique
2788 1585 2996 1641 Patrem
3021 1594 3077 1639 et
3104 1583 3290 1637 Filium
3316 1579 3609 1636 catholica
3641 1579 3846 1631 nomi-

2224 1693 2446 1734 namus:
2478 1679 2612 1733 duos
2633 1691 2810 1732 autem
2841 1678 2970 1732 deos
2997 1677 3175 1730 dicere
3215 1688 3312 1727 nec
3346 1685 3696 1743 possumus,
3739 1683 3846 1719 nec

2224 1771 2478 1844 debemus
2521 1785 2537 1821 :
2580 1784 2683 1822 non
2732 1768 2869 1835 quod
2910 1766 3074 1820 Filius
3117 1765 3206 1818 Dei
3240 1763 3383 1818 Deus
3421 1778 3544 1814 non
3579 1761 3682 1821 sit,
3727 1761 3844 1808 into

2223 1874 2380 1914 verus
2409 1860 2545 1914 Deus
2569 1858 2636 1911 de
2665 1858 2774 1911 Deo
2802 1872 2956 1920 vero;
2983 1857 3073 1910 sed
3104 1857 3224 1925 quia
3248 1870 3348 1910 non
3381 1852 3623 1907 aliunde
3662 1866 3838 1918 quam

2223 1951 2288 2005 de
2315 1951 2428 2020 ipso
2450 1963 2555 2002 uno
2575 1949 2749 2012 Patre,
2769 1948 2860 2001 Dei
2886 1946 3071 2000 Filium
3093 1945 3353 2008 novimus,
3377 1941 3629 2011 perinde
3653 1955 3836 1992 norim

2225 2047 2389 2101 Deum
2415 2043 2656 2096 dicimus.
2677 2042 2788 2095 lloc
2808 2042 2947 2094 enim
2977 2039 3269 2108 prophetas.
3302 2037 3404 2089 hoc
3429 2030 3690 2101 apostoli
3718 2042 3832 2082 tra—

2224 2133 2503 2197 diderunt;
2534 2131 2634 2184 hoc
2663 2131 2775 2199 ipse
2809 2128 3061 2182 Dominus
3085 2125 3285 2190 docuit,
3321 2137 3442 2175 eum
3471 2120 3618 2174 dicit
3649 2135 3670 2172 ;
3711 2118 3832 2179 an

2223 2234 2272 2279 et
2308 2223 2462 2281 Pater
2489 2237 2645 2274 unum
2670 2234 2852 2274 sumus
2877 2217 3053 2288 (Joan.
3079 2231 3136 2279 ι,
3163 2213 3277 2283 30).
3309 2212 3479 2266 Unum
3513 2207 3594 2262 ad
3632 2206 3828 2260 unita-

2227 2323 2330 2367 tem
2352 2313 2640 2367 divinitatis
2660 2313 2736 2379 (ιιι
2758 2310 2889 2379 dixi)
2913 2307 3076 2364 refert
3097 2324 3112 2362 :
3135 2320 3318 2360 sumus
3341 2313 3520 2355 autem
3557 2298 3822 2368 perennis

2227 2404 2477 2472 assignat.
2496 2402 2598 2458 Sed
2620 2410 2675 2456 et
2695 2400 2980 2469 Apostolus
3006 2398 3080 2451 ait
3102 2412 3117 2450 :
3147 2395 3292 2450 Unus
3311 2403 3414 2455 est,
3439 2391 3651 2458 inquit,
3673 2388 3822 2441 Deus

2229 2494 2401 2554 Pater,
2429 2505 2493 2545 ex
2523 2503 2628 2559 quo
2649 2490 2826 2541 omnia
2856 2503 2872 2552 ;
2899 2495 2952 2542 et
2973 2501 3071 2540 nos
3100 2486 3153 2537 in
3182 2485 3329 2552 ipso;
3359 2491 3412 2536 et
3439 2495 3590 2535 unus
3627 2479 3814 2532 Domi-

2226 2597 2324 2637 nus
2367 2581 2521 2636 Jesus
2571 2580 2829 2639 Christus.
2879 2592 2972 2646 per
3011 2589 3169 2645 quem
3205 2573 3403 2634 omnia,
3446 2580 3501 2623 et
3558 2583 3670 2621 nos
3719 2582 3818 2636 per

2227 2678 2394 2745 ipsum
2424 2691 2438 2729 :
2471 2675 2563 2730 sed
2593 2689 2698 2729 non
2726 2674 2776 2727 in
2804 2671 3048 2726 omnibus
3073 2677 3155 2723 cst
3181 2666 3399 2720 scicntia
3431 2662 3485 2732 (1
3518 2661 3656 2715 Cor.
3690 2675 3812 2723 vus,

2227 2767 2303 2837 6).
2333 2770 2446 2834 Qua
2473 2769 2537 2821 de
2565 2781 2625 2820 re
2651 2765 2768 2830 cxpl
2788 2764 2940 2818 unatis
2978 2762 3060 2815 his
3097 2759 3272 2813 verbis
3295 2772 3412 2826 quae
3448 2752 3804 2822 scrupulum.

2227 2874 2331 2912 non
2359 2856 2485 2920 mihi
2509 2856 2596 2924 qui
2622 2854 2737 2908 scio
2765 2852 2905 2920 quod
2933 2849 3180 2914 dixerim,
3204 2846 3298 2899 sed
3319 2846 3432 2897 aliis
3461 2842 3805 2896 inferebant.

2228 2957 2354 3017 puto
2391 2946 2720 3023 occasionem
2752 2942 2902 2996 mala!
2931 2932 3376 3006 interpretationis
3401 2931 3578 2987 fuisse
3615 2931 3706 2984 sul
3726 2929 3806 2982 Li.

2195 3047 2200 3103 ‘_
2230 3047 2356 3090 tam.
2388 3037 2516 3090 Nam
2541 3044 2595 3089 et
2623 3031 2884 3103 professio
2913 3029 3034 3085 ﬁdei
3053 3027 3329 3082 manifesta
3361 3033 3460 3088 est,
3483 3031 3536 3078 et
3562 3035 3800 3091 persona

2230 3142 2347 3182 cum
2378 3123 2646 3181 vocabulis
2672 3128 2900 3188 censuit,
2919 3126 2976 3176 et
2997 3133 3100 3174 una
3127 3117 3374 3171 divinitas
3392 3113 3662 3180 assignat:
3686 3118 3797 3164 est.

2231 3217 2324 3272 Vel
2363 3215 2408 3272 si
2449 3215 2621 3269 adhuc
2641 3212 2844 3282 aliquid
2873 3208 3014 3280 quod
3047 3206 3342 3276 legentibus
3374 3202 3684 3270 ambiguum
3721 3201 3798 3250 vi-

2229 3309 2416 3364 deatur
2441 3307 2493 3361 in
2534 3306 2732 3371 verbis,
2767 3303 2833 3357 ad
2874 3313 3061 3357 sensus
3093 3298 3290 3354 debent
3328 3294 3486 3348 verba
3511 3291 3794 3352 conferri;

2229 3399 2351 3466 quia
2379 3411 2486 3450 non
2514 3394 2825 3463 simplicitas
2862 3391 3170 3456 verborum,
3206 3386 3301 3442 sed
3333 3384 3454 3439 mali
3481 3380 3794 3436 intellectus

2232 3489 2516 3544 obs:inatio
2553 3486 2758 3553 culpam
2801 3483 2929 3539 olet.
2973 3480 3042 3537 At
3079 3494 3198 3534 cum
3237 3491 3424 3532 sensus
3454 3483 3639 3528 noster
3665 3487 3790 3524 cum

2231 3578 2454 3633 veritate
2479 3574 2783 3639 concordet,
2814 3581 2870 3627 et
2891 3569 3056 3625 verba
3083 3568 3279 3624 debent
3305 3580 3423 3619 cum
3455 3562 3658 3615 ratich
3677 3559 3788 3611 sin-

2234 3668 2523 3722 cerissima.
2549 3664 2701 3720 Unde
2725 3677 2755 3716 a
2777 3660 3115 3730 simplicitate
3133 3655 3430 3713 Christiana
3449 3649 3788 3706 academicos

2233 3759 2528 3826 disputator
2556 3754 2822 3812 abscedat.

2303 3851 2489 3905 Multas
2512 3847 2719 3917 quidem
2751 3853 2804 3899 et
2830 3856 3014 3912 graves
3050 3841 3302 3902 Interescs,
3346 3846 3448 3888 cte.
3475 3835 3610 3904 (qua:
3639 3835 3782 3884 lmba

2233 3950 2409 4008 supra,
2439 3955 2500 3994 ea:
2529 3938 2714 4009 pagina
2741 3935 2886 4005 506).
2914 3932 3036 3986 Past
3059 3931 3150 3984 illa
3174 3928 3320 3983 verba
3343 3943 3360 3979 :
3381 3926 3537 3992 Cujus
3559 3939 3776 3987 regnum

2233 4044 2511 4095 aeternum,
2544 4027 2863 4089 immortale,
2895 4040 2992 4078 nec
3019 4023 3220 4076 initium
3247 4020 3435 4080 habet,
3477 4029 3567 4069 nec
3597 4014 3775 4067 tenni-

2235 4139 2357 4178 num
2394 4138 2408 4174 :
2454 4121 2538 4175 cui
2582 4119 2752 4172 homr
2796 4124 2851 4170 et
2899 4113 3064 4182 gloria
3110 4113 3161 4166 in
3212 4108 3404 4163 saecula
3448 4106 3771 4160 mulorum.

2235 4215 2400 4268 Amen
2435 4228 2448 4263 :
2483 4209 2607 4263 Haec
2634 4206 2829 4260 addidit
2869 4203 3084 4273 Vigilius
3118 4202 3171 4255 in
3199 4199 3296 4251 hac
3319 4195 3532 4251 urenda
3553 4195 3771 4263 cjusdnn

2237 4298 2460 4367 apusculi
2487 4297 2703 4351 editione
2729 4310 2746 4347 :
2783 4277 2799 4293 ’

2309 4390 2428 4444 llaec
2455 4389 2542 4457 qui
2570 4386 2830 4453 legis,pcr
2861 4383 3028 4436 Deum
3056 4378 3376 4440 obsecro,ue
3399 4372 3770 4440 simplicitatem

589 4479 766 4524 natum
790 4469 1023 4522 dixeram
1042 4441 1200 4534 quam
1212 4467 1423 4534 proprie
1446 4465 1511 4521 de
1527 4465 1701 4534 Patre,
1722 4475 1889 4520 totum
1910 4467 1977 4522 de
2003 4475 2126 4532 toto,

2242 4494 2428 4534 sensus
2457 4478 2509 4531 in
2541 4475 2842 4541 ambiguum
2875 4480 3142 4537 torqueas,
3181 4473 3271 4518 aut
3306 4463 3436 4516 alias
3466 4476 3611 4528 quam
3641 4461 3769 4512 dicta

588 4565 846 4627 integrum
875 4559 939 4612 de
962 4557 1185 4625 integro,
1207 4555 1495 4624 perfectum
1522 4555 1588 4610 de
1616 4554 1867 4623 perfecto,
1890 4569 2132 4609 consum-

589 4661 890 4717 matamque
919 4651 1162 4701 virtutem
1185 4690 1198 4710 ,
1230 4648 1492 4716 quomodo
1519 4648 1657 4715 potui
1689 4648 1856 4714 ipsum
1899 4647 2126 4712 Patrem,

588 4743 758 4811 ipsum
790 4740 886 4792 sibi
913 4739 1101 4815 Filium
1131 4752 1346 4808 ponere,
1380 4748 1432 4792 et
1455 4738 1555 4793 hoc
1583 4737 1740 4792 modo
1768 4752 1922 4792 unam
1954 4752 2136 4808 perso-

589 4850 708 4888 nam
758 4831 960 4885 duobus
1004 4830 1301 4883 nominibus
1325 4829 1631 4898 appellare?
1675 4832 1869 4898 quippe
1913 4844 2032 4883 cum
2081 4835 2134 4882 et

589 4926 726 4977 hanc
760 4931 977 4985 sectam,
1018 4920 1070 4973 id
1112 4927 1193 4974 est
1232 4919 1602 4985 Sabellianam,
1650 4921 1701 4975 in
1741 4922 1926 4976 eodem
1955 4919 2133 4974 libello

589 5011 947 5067 damnaverim
979 5019 1031 5064 et
1058 5023 1395 5078 personarum
1426 5010 1811 5066 distinctionem
1844 5010 2132 5065 secundum

589 5102 900 5157 vocabulum
932 5100 1254 5169 scripserim.
1301 5100 1429 5154 Nam
1467 5109 1522 5158 et
1560 5116 1713 5155 nemo
1751 5117 1848 5169 pro
1886 5115 1987 5154 una
2016 5115 2136 5167 pcr-

589 5206 714 5247 sona
745 5201 938 5260 potest,
970 5204 1131 5245 unum
1160 5199 1301 5253 sunt,
1328 5189 1522 5254 dicere,
1546 5192 1630 5244 vel
1656 5191 1905 5245 unitatem
1927 5192 2137 5260 generis

590 5285 688 5360 nisi
730 5283 969 5352 personis
1018 5285 1303 5350 assignare.
1362 5268 1487 5345 Quis
1543 5290 1711 5333 autem
1759 5280 2132 5335 catholicorum

591 5361 794 5446 ignorat
814 5373 1018 5427 Patrem
1034 5386 1158 5426 vcrc
1183 5384 1302 5424 esse
1322 5370 1550 5434 Patrem,
1569 5369 1753 5423 Filium
1777 5385 1899 5425 vere
1922 5370 2131 5434 Filium,

594 5486 646 5531 et
671 5475 916 5545 Spiritum
957 5469 1191 5526 sanctum
1238 5483 1364 5525 vere
1408 5482 1525 5524 esse
1569 5466 1817 5536 Spiritum
1857 5469 2134 5524 sanetum?

595 5578 728 5631 sicut
759 5576 869 5642 ipse
910 5572 1158 5642 Dominus
1192 5566 1271 5626 ad'
1285 5555 1552 5638 apostolos
1580 5582 1702 5621 suos
1732 5567 1858 5621 dicit
1885 5586 1896 5620 :
1933 5568 2128 5624 Euntcs

596 5675 849 5744 baptimtc
877 5686 1054 5727 omnes
1084 5683 1264 5739 gentes
1290 5672 1339 5726 in
1372 5667 1584 5725 nomine
1614 5667 1803 5738 Patris,
1833 5676 1885 5724 et
1913 5666 2050 5736 Filii,
2077 5677 2130 5724 et

2244 4580 2365 4623 sunt
2391 4568 2597 4628 trahas;
2627 4565 2745 4633 quia
2779 4577 2875 4616 nos
2901 4561 3104 4614 Patrem
3132 4570 3312 4610 verum
3346 4554 3545 4606 Patrem
3573 4555 3768 4604 conﬁte-

2247 4675 2382 4721 mur,
2413 4667 2464 4710 et
2496 4655 2682 4708 Filium
2714 4653 2809 4706 Dei
2849 4666 3029 4704 verum
3064 4646 3249 4700 Filium
3284 4643 3409 4707 Dei,
3440 4652 3492 4697 ct
3529 4642 3760 4708 Spiritum

2243 4758 2481 4803 Sanctum
2512 4758 2634 4797 vere
2662 4741 2913 4809 Spiritum
2945 4745 3181 4792 sanctum
3213 4734 3496 4797 credimus,
3529 4740 3628 4784 tres
3655 4746 3761 4796 pcr-

2245 4853 2400 4893 sonas
2431 4835 2584 4887 unius
2613 4830 2937 4893 substantiae,
2966 4837 3018 4882 et
3048 4828 3200 4880 unius
3221 4823 3509 4878 divinitatis
3529 4825 3759 4877 conﬁtcn-

2239 4939 2335 4983 tes.
2364 4923 2578 4982 Sabellii
2605 4930 2778 4975 autem
2807 4929 2858 4974 et
2881 4917 3107 4980 Photini,
3130 4929 3334 4970 necnon
3359 4912 3468 4967 Arii
3498 4920 3758 4970 sectam,et

2237 5020 2278 5072 si
2303 5033 2400 5086 qua
2427 5017 2524 5068 alia
2551 5021 2674 5066 sunt
2695 5026 2814 5079 qua:
2832 5016 3011 5064 contra
3038 5006 3270 5076 regulam
3292 5002 3529 5057 veritatis
3547 5000 3756 5059 veniunt.

2238 5107 2672 5164 condemnamus.
2689 5102 2914 5156 Niczenze
2943 5108 3115 5152 autem
3139 5095 3322 5166 synodi
3345 5103 3609 5146 tractatum
3631 5097 3752 5142 omni

2241 5198 2395 5270 533
2417 5195 2573 5248 animi
2597 5192 2715 5246 uisu
2737 5207 2805 5246 ex
2833 5201 2938 5244 tota
2961 5189 3059 5241 ﬁde
3083 5193 3377 5246 servantes,
3392 5180 3748 5247 amplectimur:

2242 5291 2384 5342 bunc
2422 5285 2562 5340 enim
2593 5290 2868 5337 tractatum
2900 5281 3098 5336 scimus
3127 5283 3308 5330 contra
3339 5287 3527 5327 omnes
3555 5272 3750 5326 hereses

2244 5379 2433 5433 invicta
2462 5377 2680 5431 veritate
2706 5374 3024 5444 oppositum.

2240 5489 2345 5542 Pro
2373 5488 2638 5542 corollario
2669 5502 2873 5554 operum
2914 5483 3079 5554 Vigilii
3107 5479 3398 5549 Tapscnsis,
3433 5477 3557 5530 habe
3582 5477 3745 5528 tandem

2306 5579 2495 5648 aliquot
2534 5578 2827 5650 objectiones
2857 5575 3178 5633 Arianorum,
3198 5580 3246 5624 et
3293 5584 3468 5622 earum
3497 5568 3742 5624 solutiones.

2306 5686 2413 5738 qua:
2442 5671 2493 5724 in
2524 5685 2641 5724 mss.
2662 5669 2908 5723 codicibus
2940 5661 3600 5732 Cluniacensi,I’uiisienti,
3627 5666 3762 5722 Picti:-
