3862 6222
131 263 237 322 ιω
1255 269 1336 323 DE
1381 268 1533 322 FIDE
1572 266 1838 322 Mil/ENA
1878 269 2298 328 TRACTATUS.
3260 274 3365 333 Uti

199 383 360 435 celsi
390 393 445 436 et
475 381 851 439 Pontiniacensi
878 383 1268 460 subjiciebantnr
1298 382 1501 448 dialogo
1543 391 1716 433 σιἠῖτα
1745 383 1789 436 Δ
1825 396 1884 436 ac
1903 385 1976 437 sic
2001 389 2262 451 perlectus
2291 389 2340 439 lu
2366 388 2538 453 seipse
2567 402 2667 440 non
2701 386 2815 449 fuit,
2845 388 2932 457 qni
2959 398 3013 443 ut
3043 389 3364 454 perfectione,

203 471 471 538 Arianae,
497 477 616 529 salis
637 476 931 538 Athanasio,
961 475 1163 538 Ario,ct
1193 473 1356 527 Probo
1369 473 1540 542 judice
1561 473 1710 523 inter-
1812 474 2092 540 frueretur,
2142 490 2320 544 postea
2366 479 2554 531 Filium
2591 479 2911 545 gent-rando,
2960 490 3232 548 paternum
3263 483 3363 536 sibi

200 565 544 632 tutntur-ibus
577 583 594 618 :
621 583 742 634 quas
767 581 979 635 pronum
1017 575 1087 618 est
1128 565 1427 627 existimare,
1459 581 1490 615 a
1527 563 1712 631 l’igilio
1811 578 2000 617 nomen
2027 566 2247 632 adjecit;
2273 580 2324 620 et
2354 583 2445 634 per
2477 570 2574 622 hoc
2606 570 2656 622 in
2683 584 2778 623 sua
2804 570 3097 623 substantia
3131 572 3360 626 mutabi-

197 655 460 720 adjectas
508 655 572 707 ad
625 655 842 722 priurum
895 671 1040 708 suum
1088 655 1342 724 dialogum
1383 654 1474 706 sub
1516 655 1713 704 nomine
1814 653 1915 706 is:
1952 653 2050 708 erit
2074 659 2160 722 qui
2185 657 2251 708 de
2282 657 2533 724 dignitate
2553 657 2765 717 deitatis
2794 659 2859 713 ad
2888 659 3130 714 effectum
3161 661 3364 729 paterni

200 744 523 808 Athanasii,
550 754 723 799 contra
749 747 1278 812 Arianos,antequam
1307 744 1574 796 secundam
1605 746 1715 812 ejus
1815 744 2028 796 honoris
2065 746 2289 798 transiit.
2335 747 2468 812 Quid
2508 761 2625 814 oro,
2651 757 2701 802 te
2734 749 2833 803 ista
2863 752 3215 818 quaestionum
3255 762 3363 807 tor-

198 835 501 888 rdiiionem
528 835 804 900 moliretur,
829 837 880 889 in
907 853 1008 905 qua
1029 836 1178 890 etiam
1200 833 1523 896 Photinianos
1548 842 1594 886 et
1618 832 1713 887 Sa-
1814 845 1984 889 menta
2015 836 2318 892 delectant?
2342 839 2466 906 quid
2492 840 2858 897 insolubilibus
2882 845 3237 915 ohjectionum
3271 863 3352 901 no-

200 927 476 979 bellianos
504 944 614 980 cum
637 929 841 980 Ariani:
868 925 1161 996 confutavit.
1660 935 1666 940 ’
1797 926 1894 984 ;dis
1920 927 2105 982 vinciri
2141 944 2243 982 non
2274 931 2466 999 pudet?
2508 931 2631 986 dum
2665 935 2776 1001 ipse
2803 934 3043 1004 laqueum
3086 940 3277 1003 tendis,
3310 953 3360 994 vt

237 1032 526 1072 mereretu-
561 1031 875 1072 saw-nones
910 1029 1252 1071 omscrtosuu
1289 1027 1608 1067 ARIANOMJM.
1637 1026 1666 1042 -'
1816 1025 1866 1069 te
1887 1016 2077 1071 irretiri
2106 1035 2207 1074 non
2236 1022 2422 1075 sentis.
2463 1022 2600 1076 Dicis
2627 1038 2754 1092 ergo
2790 1041 2803 1076 :
2837 1026 2967 1080 Cum
3006 1039 3167 1094 esset,
3208 1040 3360 1083 natus

205 1106 408 1161 Prima
438 1124 622 1163 eorum
651 1108 880 1178 objectio
908 1118 1025 1172 est,
1053 1121 1154 1176 qua
1184 1106 1363 1160 dicunt
1391 1102 1714 1170 impossibile
1814 1113 1915 1159 est.
1944 1105 2012 1159 Et
2050 1107 2160 1172 ubi,
2193 1111 2418 1178 inquies,
2449 1112 2600 1166 erat?
2635 1113 2689 1166 ln
2720 1114 2879 1168 corde
2907 1115 3094 1181 Patris,
3131 1118 3180 1172 in
3211 1131 3360 1172 utmo

129 1213 255 1252 esse
290 1199 481 1252 Deum
514 1199 742 1261 Patrem,
773 1208 830 1255 et
869 1199 1261 1266 incorporeum,
1283 1203 1338 1250 et
1375 1194 1712 1259 invisibilcm,
1815 1193 2006 1264 Patris,
2037 1196 2088 1250 in
2117 1197 2232 1252 sinu
2264 1200 2455 1268 Patris,
2481 1200 2533 1256 id
2560 1212 2639 1256 cst
2663 1204 2714 1257 in
2738 1205 2958 1260 occultis
2984 1217 3182 1261 natura:
3211 1224 3360 1263 arca-

129 1294 195 1345 dc
218 1308 323 1346 sua
352 1293 653 1346 substantia
682 1293 956 1361 generare:
971 1295 1013 1344 A
1034 1289 1221 1358 quibus
1247 1287 1371 1341 illud
1390 1287 1558 1355 primo
1580 1299 1715 1352 quaee
1814 1285 1916 1340 nis.
1949 1288 2073 1343 lude
2099 1291 2362 1346 nascendo
2389 1295 2680 1360 processit,
2711 1310 2814 1349 non
2844 1299 3140 1352 recedendo
3180 1302 3359 1356 deces-

129 1384 374 1436 rendnrn
424 1393 506 1438 est
543 1395 716 1437 utrum
753 1383 1020 1436 voluntate
1059 1387 1336 1433 coercente
1375 1376 1529 1429 Pater
1555 1389 1712 1442 gcnc-
1812 1377 1899 1431 sit.
1931 1376 2351 1450 Ego,inquit,ea:
2379 1399 2463 1436 ore
2491 1384 2737 1439 Altissimi
2765 1390 2983 1452 processi
3010 1388 3191 1459 (Eccli.
3213 1407 3358 1455 XXIV,

129 1488 254 1528 rare
300 1474 557 1542 nequivit
597 1483 694 1527 :et
735 1473 781 1527 si
806 1472 1016 1541 quidem
1056 1469 1324 1522 voluntate
1370 1481 1476 1519 non
1505 1465 1709 1535 genuit,
1810 1465 1908 1535 5):
1939 1482 2058 1537 ego,
2082 1469 2354 1538 inquit,de
2377 1473 2598 1528 Domino
2615 1473 3356 1550 Patreexivi(Joan.xvr,9.8).

129 1580 263 1634 ergo
307 1565 508 1618 habuit
547 1565 599 1617 in
629 1572 814 1617 natura
853 1570 910 1616 ut
946 1573 1202 1628 generare
1229 1556 1496 1626 potuerit;
1525 1555 1618 1611 sed
1645 1556 1709 1608 ad
1811 1557 1947 1612 Ecce
1972 1558 2134 1614 habes
2172 1561 2422 1616 nascendi
2450 1567 2864 1633 processionem,
2907 1570 3030 1622 audi
3073 1585 3178 1625 non
3203 1572 3357 1626 dece-

131 1654 513 1723 generationis
525 1653 769 1707 effectum
787 1651 1028 1706 voluntas
1044 1649 1328 1712 continuit;
1351 1661 1414 1702 ac
1429 1646 1505 1701 sic
1524 1659 1707 1700 eorum

1811 1647 1985 1703 dentis
2019 1649 2158 1704 unde
2187 1661 2523 1721 processerat
2547 1654 2898 1714 mansionem.
2924 1657 3056 1729 Ego,
3086 1660 3276 1730 inquit,
3306 1665 3356 1717 in

131 1720 422 1810 superflua
464 1743 688 1811 ohjeCtio
722 1743 877 1805 victa,
923 1740 1064 1796 cedit
1103 1740 1340 1810 explosa,
1379 1752 1481 1808 qua
1524 1737 1705 1791 dicunt
1735 1720 1780 1780 Β
1809 1737 1982 1801 Patre,
2011 1749 2058 1791 et
2083 1737 2239 1793 Pater
2267 1741 2319 1794 in
2348 1757 2428 1795 me
2457 1740 2634 1813 (Joan.
2665 1759 2773 1813 xtv,
2806 1746 2914 1815 ll).

135 1831 378 1884 Domino
412 1830 580 1885 fuisse
617 1829 941 1900 impossibile
975 1838 1030 1883 ut
1066 1828 1132 1883 de
1160 1843 1253 1883 sua
1292 1828 1581 1882 substantia
1617 1842 1708 1897 ge-

133 1924 381 1988 nerarit;
417 1938 534 1977 cum
582 1921 1015 1990 impossibilitatis
1056 1921 1185 1974 vitio
1224 1919 1454 1974 divinam
1500 1927 1700 1974 certum

132 2013 202 2065 sit
231 2026 437 2067 carere
466 2020 728 2067 naturam.
757 2011 848 2067 Sin
881 2027 1005 2066 vero
1035 2013 1210 2065 dicant
1236 2019 1435 2064 natura:
1464 2011 1702 2078 impossi-

135 2100 351 2154 bilitate
398 2116 519 2155 cum
567 2116 820 2170 generare
860 2115 963 2155 non
1005 2115 1178 2169 posse,
1219 2100 1271 2154 in
1315 2111 1552 2169 apertum
1595 2100 1701 2154 bla-

131 2193 407 2260 sphemia:
446 2194 710 2247 baratrum
738 2196 953 2259 cadunt,
987 2206 1286 2249 asserentes
1322 2195 1698 2263 impossibilem

133 2299 258 2337 cum
307 2286 407 2354 qui
437 2286 508 2339 sit
548 2287 900 2354 omnipotens.
926 2284 1070 2340 Tum
1111 2286 1300 2339 deinde
1334 2286 1402 2342 de
1432 2285 1702 2339 mendacio

134 2386 368 2444 urguent
403 2377 588 2442 Deum,
621 2386 677 2431 ut
704 2376 943 2430 homines
970 2389 1062 2429 sua
1093 2375 1462 2444 praedicatione
1500 2374 1700 2428 fefellev

136 2469 225 2534 rit,
257 2471 454 2524 dicens
479 2469 661 2537 Genui,
686 2487 807 2525 cum
837 2471 1122 2525 secundum
1153 2471 1281 2525 istos
1313 2471 1702 2540 impossibilita-

137 2573 242 2617 tem
285 2564 539 2617 habuerit
565 2563 876 2632 generandi.
916 2562 1148 2632 Namque
1179 2572 1235 2617 ut
1273 2562 1338 2616 de
1360 2577 1418 2617 se
1450 2561 1698 2617 inell‘abili

140 2665 350 2707 natura:
403 2654 695 2708 substantia
747 2651 1016 2723 proprium
1061 2666 1120 2705 se
1175 2651 1365 2706 Filium
1417 2665 1700 2720 generasse

135 2741 392 2809 doceret,
426 2744 478 2797 in
508 2742 897 2796 obtundendam
928 2739 1323 2795 increduloer
1350 2739 1697 2805 dementiam,

139 2841 369 2886 terrena
400 2831 694 2887 nativitatis
721 2830 1026 2885 vocabulum
1051 2830 1102 2884 in
1124 2829 1318 2884 divina
1343 2830 1698 2898 generationis

138 2923 301 2975 traxit
338 2921 670 2990 exemplum,
713 2921 893 2976 dicens
923 2937 936 2973 :
973 2920 1052 2974 Eat
1091 2930 1233 2974 utero
1269 2929 1391 2972 ante
1430 2920 1696 2987 luciferam

137 3012 283 3078 genui
311 3022 362 3066 te
389 3010 558 3080 (Psal.
587 3026 690 3076 (ιιι,
721 3010 795 3080 5).
824 3008 960 3078 Quid
987 2991 1346 3078 clariusfqnid
1377 3007 1694 3061 luculentius

1877 1828 2004 1882 Item
2030 1829 2310 1898 ingenitus,
2339 1831 2599 1900 inquiunt,
2620 1832 2798 1898 Pater,
2813 1837 3024 1904 genitus
3045 1837 3224 1893 Filius.
3246 1841 3355 1895 Non

1805 1917 1916 1972 fieri
1947 1928 2141 1989 potest,
2184 1935 2341 1976 unam
2381 1923 2728 2007 substantiam
2754 1926 2912 1995 geniti
2940 1938 3094 1997 atque
3120 1931 3354 1998 ingeniti.

1805 2009 1858 2065 Si
1880 2012 2016 2066 sicut
2042 2013 2304 2082 ingenitus
2325 2023 2407 2069 est
2426 2015 2603 2084 Pater,
2628 2018 2899 2087 ingenitus
2925 2031 3066 2076 esset
3091 2033 3144 2076 et
3168 2023 3353 2087 Filius,

1804 2111 1927 2155 tunc
1951 2103 2116 2172 magis
2145 2102 2350 2159 diversa
2380 2114 2559 2174 posset
2576 2108 2735 2179 535
2755 2123 2875 2164 esse
2895 2111 3212 2177 substantia;
3237 2115 3352 2183 quia

1802 2190 2160 2260 unusquisque
2190 2206 2218 2244 a
2247 2189 2422 2263 seip'so
2451 2194 2745 2250 subsistens
2774 2199 3200 2254 communionem
3226 2202 3352 2255 sub-

1800 2280 2005 2334 stantize
2031 2295 2150 2334 cum
2178 2269 2346 2337 altero
2372 2298 2478 2337 non
2508 2284 2746 2340 haberet.
2768 2285 2902 2341 Cum
2931 2302 3058 2342 vero
3087 2289 3348 2359 ingenitus

1796 2370 1958 2425 Pater
1981 2371 2049 2426 de
2076 2387 2135 2426 se
2164 2373 2299 2441 ipso,
2328 2374 2378 2428 id
2406 2383 2508 2443 est,
2539 2376 2606 2431 de
2631 2392 2695 2432 eo
2715 2378 2854 2446 quod
2884 2379 2998 2447 ipse
3019 2389 3120 2442 est,
3147 2381 3190 2434 si
3222 2382 3346 2450 quid

1801 2459 1928 2515 illud
1949 2470 2049 2528 est,
2066 2461 2254 2516 Filium
2276 2464 2568 2532 generavit,
2585 2476 2969 2534 apparetunam
2992 2483 3110 2524 esse
3131 2470 3350 2538 gignen-

1801 2553 1870 2607 tis
1891 2553 2158 2623 genitique
2178 2563 2440 2610 naturam.
2464 2555 2598 2610 Ecce
2622 2555 2854 2611 breviter
2873 2558 3004 2612 Solvi
3027 2559 3164 2627 quod
3181 2561 3344 2613 dixit:

1798 2642 2213 2712 propositionem
2237 2658 2431 2710 meam,
2460 2645 2506 2700 si
2532 2645 2692 2712 valet,
2719 2646 2830 2716 ipse
2858 2647 3090 2716 qualibet
3112 2657 3224 2704 arte
3243 2649 3354 2703 dis-

1797 2734 1985 2789 solvat.
2035 2735 2193 2801 Dicit,
2236 2735 2502 2807 lngenitus
2546 2737 2704 2792 Pater
2741 2746 2850 2803 cst,
2897 2753 2992 2808 pro
3021 2738 3123 2794 hoc
3150 2739 3264 2812 ipso
3293 2752 3346 2795 ut

1797 2825 2006 2880 Patrem
2049 2825 2339 2896 ingenitum
2373 2837 2608 2893 asserat;
2663 2828 2800 2897 quod
2841 2829 3053 2898 quidem
3087 2829 3344 2900 ntisquam

1795 2916 2050 2984 scriptum
2078 2917 2360 2974 ostendere
2389 2918 2617 2987 poterit;
2641 2933 2738 2989 ego
2767 2919 2973 2975 Patrem
3004 2919 3166 2975 Deum
3197 2923 3344 2990 geni-

1796 3015 1964 3061 torem
1993 3007 2261 3075 appellare
2287 3007 2442 3073 volo;
2483 3008 2622 3078 quod
2659 3009 2912 3078 scriptum
2951 3025 3069 3076 esse
3098 3011 3343 3067 facillime

137 3069 284 3154 eum
327 3069 579 3156 divinitas
617 3069 1047 3170 potni't‘lvquibus
1075 3069 1307 3162 indiciis,
1350 3097 1542 3165 quibus
1571 3096 1689 3150 exi.
1717 3069 1764 3132 ο
1791 3069 2184 3153 demonstrabo.
2215 3069 2548 3167 Respondeat
2573 3113 2699 3168 ergo
2727 3069 2853 3154 mihi
2876 3072 3048 3156 utrum
3077 3101 3342 3171 ingenitus

137 3196 394 3248 stentium
423 3209 598 3249 rerum
627 3193 905 3263 exemplis,
931 3191 1303 3261 proprietatem
1332 3176 1690 3259 generationis

138 3287 309 3352 potuit
335 3284 616 3340 intimare?
643 3299 800 3353 quam
829 3291 885 3337 ut
907 3296 1072 3350 usque
1092 3279 1159 3334 ab
1181 3278 1314 3334 uteri
1340 3278 1690 3347 appellatione

135 3377 484 3445 semetipsum
511 3374 868 3443 compararit?
893 3372 1008 3427 Non
1033 3370 1153 3442 quia
1183 3370 1451 3436 corporeis
1474 3383 1690 3436 compo-

140 3469 267 3523 situs
292 3480 380 3524 est
405 3469 674 3534 membris,
704 3479 793 3522 aut
819 3464 1077 3534 aliquibus
1109 3462 1266 3534 535
1289 3471 1496 3516 artuum
1525 3462 1688 3519 linea-

139 3559 330 3612 mentis
375 3558 674 3622 distinctus,
716 3554 808 3610 sed
835 3555 958 3623 quia
988 3567 1084 3607 nos
1124 3552 1277 3605 aliter
1307 3552 1579 3605 veritatem
1608 3549 1688 3604 di-

138 3646 267 3701 vina
287 3646 646 3717 generationis
667 3645 846 3701 auditu
869 3644 1062 3699 mentis
1083 3643 1354 3713 percipere
1378 3656 1481 3696 non
1508 3656 1687 3710 posse-

139 3751 271 3802 mus,
313 3739 417 3793 nisi
459 3740 671 3794 humani
707 3738 840 3793 uteri
869 3751 1278 3807 provocaremur
1316 3735 1559 3802 exemplo
1568 3749 1595 3823 ἑ
1630 3743 1687 3789 ut

140 3827 325 3897 ambigi
365 3828 501 3882 ultra
541 3845 645 3882 non
685 3837 884 3897 posset,
925 3827 994 3882 de
1026 3824 1127 3894 Dei
1170 3825 1460 3880 substantia
1506 3833 1682 3878 natum

139 3932 269 3984 esse,
297 3936 456 3988 quem
483 3929 691 3976 constat
715 3919 778 3973 de
802 3919 971 3973 Patris
994 3928 1140 3971 utero
1162 3917 1503 3984 processisse.
1519 3914 1685 3969 Porro

139 4009 242 4074 isti,
280 4014 534 4081 quantum
576 4009 750 4073 video,
793 4023 1038 4077 magnum
1078 4006 1236 4060 rebus
1278 4005 1404 4058 dare
1433 4017 1683 4072 compen-

139 4097 275 4151 dium
318 4099 500 4152 volunt
524 4115 538 4151 :
563 4097 609 4152 si
643 4099 785 4152 enim
822 4097 1048 4150 fatentur
1076 4095 1240 4149 Deum
1283 4109 1384 4146 non
1413 4093 1679 4162 genuisse,

139 4197 337 4242 nonest
361 4203 460 4256 qua
486 4204 590 4242 non
615 4188 962 4243 confiteantur
1004 4184 1197 4239 Filium
1227 4195 1403 4239 natum
1431 4198 1548 4239 esse
1575 4200 1587 4237 :
1618 4198 1680 4240 ac

138 4275 209 4328 sic
237 4277 411 4331 omnis
443 4278 592 4331 nobis
617 4277 718 4331 erit
746 4276 1020 4346 proﬂigata
1040 4276 1328 4329 contentio.

1790 3197 1844 3243 et
1883 3191 2089 3258 genitus
2128 3189 2390 3245 diversam
2417 3199 2642 3261 possunt
2667 3191 2860 3247 habere
2897 3205 3159 3259 naturam,
3198 3197 3350 3263 quod-

1789 3293 1887 3333 nee
1915 3279 1970 3332 in
1993 3280 2283 3352 Adam,qui
2306 3281 2516 3351 genitus
2544 3296 2648 3337 non
2675 3285 2876 3353 est;.qui
2901 3299 2966 3338 ex
2992 3299 3058 3340 eo
3083 3294 3236 3340 natus
3258 3296 3340 3341 est

1787 3372 1981 3439 poterit
2000 3371 2384 3429 demonstrare.
2413 3372 2563 3440 Quod
2590 3373 2636 3429 si
2665 3376 2767 3429 hoc
2790 3376 2940 3430 fateri
2969 3377 3214 3440 voluerit,
3238 3378 3337 3438 mi-

1787 3476 1877 3518 ror
1903 3463 1945 3516 si
1972 3463 2129 3516 totius
2158 3473 2341 3518 contra
2370 3477 2428 3519 se
2449 3449 2650 3519 naturae
2678 3465 3014 3520 reclamantis
3036 3468 3339 3521 testimonio

1786 3567 1891 3608 non
1932 3553 2262 3620 succumbat,
2300 3569 2420 3624 quae
2444 3554 2577 3610 nihil
2606 3554 2748 3611 aliud
2786 3570 2941 3625 quam
2971 3555 3022 3610 id
3042 3556 3186 3626 quod
3227 3558 3338 3626 ipsa

1785 3654 1865 3699 est
1894 3651 2129 3711 generat.
2173 3643 2279 3698 Sed
2308 3657 2407 3700 nec
2437 3644 2830 3701 calumnientur
2847 3659 2944 3700 nos
2973 3655 3193 3702 terrenae
3227 3648 3335 3701 ori-

1785 3733 1920 3803 ginis
1946 3733 2178 3788 voluisse
2198 3734 2270 3789 uti
2300 3735 2545 3805 exemplo
2569 3752 2582 3788 :
2609 3735 2677 3790 ad
2707 3736 2869 3805 ipsius
2897 3736 3086 3791 divinas
3114 3739 3345 3793 auctori-

1787 3822 1908 3876 tatis
1935 3823 2293 3894 magisterium
2325 3839 2657 3895 recurremus
2683 3844 2694 3879 :
2729 3826 2851 3881 licet
2877 3828 2910 3894 i;
2931 3841 2989 3882 se
3017 3829 3180 3896 magis
3208 3829 3337 3883 inef-

1784 3912 1998 3968 fabilem
2042 3915 2421 3984 omnipotentis
2461 3915 2553 3970 Dei
2595 3915 2951 3978 nativitatem,
2992 3933 3057 3970 cx
3096 3919 3337 3973 humana:

1782 4003 2135 4072 generationis
2175 4004 2558 4058 consuetudine
2587 4006 2864 4069 metiatur;
2895 4004 3150 4073 objicicns
3179 4008 3332 4074 Filio,

1781 4094 1901 4162 quia
1924 4094 1968 4148 si
1999 4102 2151 4149 natus
2182 4103 2283 4156 est,
2308 4109 2411 4148 non
2440 4094 2540 4172 fuit
2573 4105 2853 4162 antequam
2882 4105 3203 4151 nasceretur.
3235 4098 3336 4167 lgi-

1782 4191 1895 4248 tur,
1928 4191 1984 4236 ut
2012 4182 2152 4249 dixi,
2199 4181 2394 4238 divinis
2435 4192 2519 4239 est
2557 4185 2954 4254 approbandum
2993 4188 3329 4255 testimoniis,

1780 4273 1990 4327 Patrem
2029 4283 2083 4328 et
2123 4275 2314 4330 Filium
2353 4275 2510 4330 unius
2538 4291 2656 4332 esse
2685 4286 2904 4332 naturae.
2951 4277 3025 4333 Dc
3053 4278 3160 4334 Dee
3187 4291 3334 4337 certe

203 4365 332 4420 Dum
361 4375 540 4435 aperte
566 4376 779 4435 negant,
819 4365 943 4420 dum
988 4364 1140 4419 fateri
1185 4363 1452 4430 simulant,
1497 4378 1678 4418 rursus
1704 4391 1755 4452 Ι)
1784 4364 1936 4419 Patre
1976 4365 2218 4435 legimus,
2260 4364 2466 4422 Joanne
2491 4369 2733 4436 apostolo
2775 4377 3100 4425 contesmnte
3130 4387 3143 4424 :
3174 4369 3333 4434 Deus,

140 4453 389 4520 objiciunt
415 4473 428 4508 :
460 4456 591 4510 Cum
631 4463 792 4518 esset,
820 4465 973 4509 natus
1002 4463 1104 4518 est,
1128 4469 1194 4507 an
1222 4469 1338 4508 eum
1369 4469 1475 4508 non
1504 4455 1680 4510 esset?

140 4541 293 4598 ltecte
320 4546 634 4614 obiicerem,
659 4545 702 4600 si
725 4545 1051 4600 nativitatem
1084 4545 1200 4599 Filii
1230 4546 1434 4614 penitus
1459 4560 1561 4599 non
1586 4560 1679 4600 ne-

140 4646 356 4700 garent:
415 4637 584 4690 solum
625 4635 692 4690 de
733 4636 1056 4705 temporibus
1097 4636 1319 4704 quaesdo
1358 4645 1678 4705 remaneret,

139 4733 303 4776 utrum
329 4734 452 4779 ante
476 4733 782 4794 tempus,an
805 4741 871 4780 ex
893 4734 1132 4793 tempore
1150 4726 1305 4780 fuerit
1328 4735 1502 4793 natus,
1521 4742 1676 4796 quem

144 4818 302 4866 tamen
332 4825 512 4867 natum
534 4828 651 4868 esse
672 4814 965 4868 constabat.
982 4814 1050 4868 At
1066 4829 1184 4869 cum
1206 4816 1419 4870 omnino
1445 4825 1677 4884 paterna:

140 4903 484 4965 generationis
512 4902 745 4956 adimant
775 4903 1076 4969 veritatem,
1105 4919 1199 4959 cur
1220 4903 1288 4959 de
1315 4919 1379 4960 eo
1403 4907 1679 4975 requirunt

137 4991 333 5054 quando
373 4990 660 5046 nativitatis
702 4993 986 5062 sumpserit
1022 5002 1216 5060 ortum,
1261 5010 1415 5064 quem
1462 4997 1679 5051 omnino

141 5077 387 5151 dcnegant
410 5085 619 5138 natum?
637 5074 1012 5144 Verumtamen
1034 5100 1099 5142 ne
1122 5087 1480 5155 responsionis
1503 5087 1677 5156 inopia

142 5169 229 5224 ista
252 5175 539 5230 obtendere
567 5176 862 5245 videamur,
899 5178 1203 5245 quaestionis
1231 5178 1545 5233 solutionem
1575 5179 1676 5236 isto

142 5258 274 5315 initio
293 5264 517 5330 ordinis,
545 5265 622 5319 sic
661 5265 885 5319 similem
916 5273 970 5317 et
994 5280 1089 5319 nos
1115 5265 1407 5321 referentes
1435 5267 1676 5334 primitus

142 5355 497 5420 quaastioncm,
524 5367 694 5409 utrum
721 5370 841 5409 cum
870 5354 1027 5409 Pater
1055 5367 1194 5411 esset
1217 5357 1354 5412 Deus
1375 5357 1560 5412 Filium
1588 5373 1678 5426 ge-

143 5447 346 5512 neravit,
381 5460 447 5497 an
474 5458 589 5498 cum
621 5446 773 5501 Pater
795 5460 902 5499 non
925 5455 1082 5499 esset.
1109 5447 1164 5501 Si
1185 5461 1301 5501 eum
1326 5447 1479 5502 Pater
1499 5455 1672 5513 esset;

142 5548 253 5603 ergo
279 5546 332 5592 et
364 5535 576 5600 Filium,
599 5549 715 5590 cum
744 5545 887 5591 esset
907 5528 1068 5591 Filius
1091 5536 1362 5604 generavit
1381 5553 1394 5590 :
1413 5546 1467 5592 et
1488 5536 1530 5590 si
1553 5549 1673 5591 eum

143 5618 277 5688 Pater
317 5644 433 5687 non
474 5637 639 5696 esset,
686 5630 981 5701 profectum
1025 5642 1149 5698 ergo
1192 5630 1409 5688 honoris
1449 5628 1670 5700 accepit,

1784 4456 1975 4524 inquit,
2004 4457 2092 4510 (ua:
2121 4466 2214 4523 est,
2239 4467 2284 4512 et
2309 4459 2593 4513 tenebrazin
2613 4476 2671 4513 eo
2698 4476 2796 4514 non
2821 4472 2934 4514 sunt
2957 4462 3075 4516 ulla;
3106 4461 3154 4532 (I
3180 4456 3347 4517 Joan.

1784 4556 1821 4604 ι,
1846 4541 1923 4607 5).
1954 4541 2116 4596 Filius
2146 4557 2272 4596 vero
2300 4541 2367 4597 de
2394 4557 2453 4598 se
2482 4543 2595 4612 ipso
2628 4545 2740 4598 ait:
2772 4543 2881 4616 Ego
2908 4561 3016 4599 sum
3044 4545 3132 4598 tua:
3158 4545 3334 4614 (Joan.

1782 4646 1895 4697 vm,
1926 4631 2033 4702 l2).
2063 4633 2118 4689 Si
2143 4633 2298 4702 igitur
2327 4634 2416 4689 lux
2444 4635 2621 4701 Pater,
2643 4638 2727 4690 lux
2753 4637 3164 4705 Filius,apparet
3185 4638 3336 4692 unius

1782 4736 1900 4776 esse
1933 4722 2398 4788 substantim,dum
2419 4723 2555 4778 lueis
2577 4735 2631 4778 et
2651 4724 2780 4779 lucis
2802 4726 3007 4779 diversa
3035 4740 3138 4780 non
3165 4736 3336 4792 potest

1783 4825 1900 4866 esse
1929 4820 2135 4876 natura,
2162 4811 2279 4881 ejus
2302 4813 2503 4868 scilicet
2524 4827 2640 4882 qua:
2663 4812 2731 4867 de
2760 4828 2819 4868 se
2839 4814 3021 4882 gignit,
3049 4824 3099 4867 et
3125 4828 3239 4881 quae
3268 4814 3337 4868 do

1784 4902 2031 4971 gignente
2057 4903 2256 4958 existit.
2286 4902 2522 4970 Denique
2548 4918 2614 4958 ne
2639 4902 2867 4973 aliquam
2897 4902 3172 4957 temeraria
3201 4915 3333 4970 prcc-

1781 4997 2082 5063 sumptione
2113 4998 2250 5053 inter
2271 4999 2480 5053 Patrem
2509 5005 2562 5052 et
2591 4997 2778 5052 Filium
2807 4997 3156 5051 diversitatem
3183 5004 3334 5048 natu-

1781 5088 1908 5141 ralis
1946 5087 2162 5141 luminis
2204 5088 2521 5154 introducat,
2558 5097 2791 5156 paterna;
2829 5088 2958 5142 lucis
2996 5086 3330 5154 Splendorcm

1782 5194 1904 5234 esse.
1927 5179 2117 5233 Filium
2150 5178 2422 5246 Scriptura
2452 5179 2685 5243 tradidit,
2710 5178 2888 5257 dicens
2916 5194 2928 5228 :
2963 5165 3213 5242 Splendor
3242 5186 3334 5240 est,

1781 5268 1974 5338 inquit,
2007 5268 2132 5322 lucis
2160 5279 2374 5330 tem-me,
2403 5277 2450 5322 et
2475 5270 2734 5334 speculum
2758 5269 2862 5322 sine
2882 5267 3074 5321 macula
3099 5266 3192 5320 Dei
3223 5284 3332 5318 ma-

1769 5359 1991 5428 jestatis,
2019 5359 2254 5432 ctimago
2281 5359 2513 5412 bonitatis
2542 5360 2683 5412 illius
2706 5357 2856 5427 (Sap.
2883 5372 2974 5421 vn,
2993 5355 3083 5422 ‘36)
3112 5371 3126 5408 :
3155 5357 3205 5409 in
3230 5372 3347 5421 quo-

1779 5448 2074 5502 evidentius
2103 5456 2156 5502 ct
2185 5458 2481 5504 coaeternus
2505 5447 2668 5512 Patri,
2699 5455 2752 5501 et
2781 5445 3144 5512 inseparabilis
3174 5460 3200 5497 a
3232 5446 3328 5499 Pa-

1779 5549 1878 5605 tre,
1931 5547 1984 5594 ct
2022 5540 2176 5594 unius
2213 5555 2331 5594 eum
2362 5553 2426 5594 eo
2469 5552 2586 5595 esse
2628 5545 2824 5592 natura:
2865 5537 3100 5590 docetur.
3150 5536 3332 5593 Omnis

1779 5629 1919 5686 enim
1971 5630 2022 5686 iu
2071 5630 2170 5686 hoc
2221 5629 2367 5687 brevi
2409 5627 2669 5686 versiculo
2717 5625 2986 5683 catholicas
3037 5625 3162 5681 iidci
3213 5641 3332 5696 pro~
