3862 6222
541 188 638 241 507i

1476 195 1562 247 AD
1599 195 1826 249 OPERA
1862 193 2082 248 \‘lCILll
2123 193 2492 250 TAPSENSTS
2531 193 2898 249 API’ENDIX.

3057 292 3438 300 -..η-...σ-ν
3453 291 3557 298 _
3586 290 3608 298 ο
3631 284 3686 296 Δ

1477 361 1555 436 s.
1636 365 1993 441 LEONIS
2043 317 2391 440 PAPAEI
2455 363 2934 439 EPISTOLA

1293 492 1379 540 AD
1412 492 1778 542 FLAVIANUM
1813 494 2163 544 EPISCOPUM
2199 492 3013 552 CONSTANTINOPOLlTANL’M,

1550 599 1867 661 Adversus
1914 600 2200 660 haeresim
2249 601 2732 679 Eutychianam,

1132 753 1260 791 NI'NC
1285 754 1345 791 EX
1384 752 1621 798 ANTIQUIS
1650 751 1914 792 CODICIBUS
1947 753 2280 791 EMENZ‘ATIOR
2308 753 2447 799 ρυΑιι
2480 753 2750 792 HACTENUS
2783 751 3079 790 PBODIBRIT.

592 865 1076 942 86__Dilectissimo
1108 872 1252 942 iratri
1281 870 1525 922 Flaviano
1546 870 1794 937 episeopo
1822 869 2079 924 Constan-
2108 877 2158 932 Α
2186 873 2470 932 missiones.
2502 880 2548 942 et
2590 871 2764 924 semini
2805 873 2946 942 ejus.
2989 869 3104 923 Non
3143 872 3265 942 dicit
3298 887 3319 925 :
3353 871 3419 925 Et
3461 874 3742 930 seminibus.

527 935 887 1006 littupolitano,
903 939 1012 994 LEO
1039 940 1332 1006 r‘plSCtlplh'.

593 1005 764 1057 Lectis
788 1005 1083 1062 dilecuonis
1111 1020 1209 1062 tuae
1241 1008 1445 1075 litteris,
1475 1022 1606 1074 quas
1635 1009 1889 1061 miramur
1918 1008 2079 1063 fuisse

524 1084 628 1126 tam
661 1088 831 1138 seras,
864 1086 917 1130 i-t
944 1090 1206 1142 gestorum
1239 1078 1613 1144 episcopalium
1640 1078 1824 1130 ordine
1852 1083 2079 1131 recensi-

522 1152 593 1202 to.
629 1146 836 1216 tandem
870 1147 885 1177 ¹
912 1148 1031 1215 quid
1058 1147 1192 1214 apud
1216 1162 1307 1198 vos
1337 1147 1570 1200 scandali
1601 1157 1782 1200 contra
1807 1147 2076 1216 integrita-

523 1223 626 1266 tem
654 1214 773 1267 fidei
803 1228 1038 1269 exortum
1072 1216 1259 1269 fuisset
1303 1216 1612 1284 agnovimus
1649 1233 1660 1268 :
1697 1225 1749 1270 et
1781 1231 1899 1284 qua:
1924 1214 2075 1284 prius

519 1284 827 1336 videbantur
854 1287 1076 1350 occulta,
1120 1300 1257 1338 nunc
1303 1285 1454 1338 nobis
1502 1295 1733 1339 reserata
1766 1296 2066 1353 patuerunt.

516 1352 714 1418 Quibm
741 1354 1025 1423 Eutychos,
1050 1355 1139 1423 qui
1176 1356 1487 1423 presbyterii
1505 1356 1716 1408 nomine
1746 1352 2072 1409 honorabilis

516 1422 806 1486 videbatur,
847 1422 1076 1479 inultum
1104 1426 1124 1456 '
1155 1422 1460 1492 imprudens
1497 1434 1550 1477 et
1597 1424 1752 1478 nimis
1799 1425 2071 1492 imperitus

512 1491 806 1544 ostenditur
830 1509 843 1547 :
877 1496 1108 1548 utetiam
1131 1495 1195 1547 de
1222 1491 1333 1558 ips"
1356 1491 1377 1524 ⁸
1399 1493 1595 1548 dictum
1624 1497 1693 1547 sit
1720 1509 1747 1546 a
1781 1493 2066 1561 propheta:

518 1561 690 1612 Noluit
722 1562 1204 1631 iutclligereutbene
1231 1573 1397 1630 ageret
1420 1579 1438 1616 :
1459 1564 1772 1631 iniquitatem
1800 1565 2068 1617 meditatis

509 1642 578 1682 est
607 1633 658 1682 in
686 1634 832 1685 cubiti
863 1650 954 1685 suo
982 1632 1151 1699 (Psal.
1175 1649 1333 1691 xxxv,
1370 1632 1444 1699 ὁ).
1476 1634 1609 1699 Quid
1635 1642 1808 1686 autem
1837 1633 2066 1699 iniquius

508 1717 575 1766 qu
596 1719 661 1770 nn
695 1702 851 1765 impia
884 1717 1092 1770 sapere,
1121 1711 1174 1756 et
1196 1704 1605 1767 sapientioribus
1636 1702 2067 1769 doctioribusque

508 1786 609 1823 non
637 1769 657 1801 ⁵
688 1771 912 1824 cedi-re?
939 1769 1041 1826 Sed
1073 1775 1121 1825 in
1170 1774 1303 1825 hanc
1334 1773 1686 1839 insipientiam
1717 1771 1915 1824 eadunt
1943 1773 2061 1837 qui,

507 1841 1149 1909 rnmadcoguosccndam
1177 1843 1449 1896 veritatem
1493 1841 1669 1909 aliquo
1709 1841 2066 1907 impediantur

505 1908 902 1978 'obscnro.uon
924 1911 987 1964 ad
1016 1913 1348 1978 propheticus
1375 1925 1548 1972 voces,
1583 1908 1686 1963 non
1715 1911 1780 1963 ad
1811 1912 2063 1975 apostoli-

503 1994 591 2032 cas
623 1976 845 2042 litteras.
887 1997 983 2034 nec
1012 1976 1075 2034 ad
1111 1983 1439 2048 evangelicas
1482 1982 1839 2042 auctoritates,
1872 1981 1963 2033 sed
1997 1982 2058 2032 ad

505 2049 819 2116 semetipsos
860 2060 1141 2104 recurrunt
1167 2069 1178 2102 :
1208 2050 1404 2104 ecidco
1443 2050 1676 2118 magistri
1721 2051 1917 2104 erroris
1949 2051 2060 2102 exi-

499 2129 665 2179 stunt,
706 2120 827 2187 quia
875 2121 1112 2175 veritatis
1162 2120 1402 2186 d‘scipuli
1453 2136 1555 2174 non
1605 2119 1834 2172 fuerunt.
1892 2121 2055 2182 Quam

499 2190 1028 2270 cuitu.eruditionem
1054 2189 1500 2281 ueneris-Novi
1531 2198 1582 2271 et
1638 2189 1843 2281 Veteris
1872 2188 2053 2242 Testa-
2087 2223 2129 2281 Β

500 2259 661 2310 uien-i
695 2260 896 2328 paginis
918 2260 1212 2328 acquisivit.
1236 2261 1321 2320 aui
1346 2260 1365 2289 '
1391 2274 1455 2313 ne
1483 2259 1648 2326 ipsius
1672 2260 1883 2328 quidem
1914 2274 2052 2328 synt-

496 2328 600 2380 holi
639 2329 780 2381 initia
827 2328 1269 2384 comineliendit?
1319 2330 1380 2382 Et
1411 2329 1549 2397 quod
1580 2344 1676 2397 per
1705 2337 1869 2381 totum
1903 2344 2055 2380 mun-

496 2399 638 2461 ιΙιιιιι,
685 2400 920 2452 omnium
953 2399 973 2430 '
1003 2399 1481 2468 regenerandorum
1533 2413 1661 2451 voce
1689 2397 2016 2468 depromitur
2039 2440 2054 2462 ,
2101 2438 2112 2455 ,

497 2468 648 2520 iSIiIts
690 2469 862 2521 adhuc
905 2475 1046 2522 senis
1068 2466 1233 2523 corde
1277 2483 1381 2521 non
1408 2468 1633 2536 capitur.
1664 2468 1770 2536 87
1803 2466 2057 2520 Nescieus

495 2537 651 2604 igitur
671 2539 792 2605 quid
819 2537 933 2591 tleb.
956 2549 1033 2592 rut
1063 2540 1128 2592 de
1155 2537 1306 2591 Verbi
1335 2539 1422 2591 Dei
1451 2537 1811 2590 incarnatione
1831 2539 2052 2603 sentire,

493 2623 589 2660 nec
618 2609 798 2662 Volcns
821 2609 883 2661 ad
919 2615 1323 2676 pr‘llnt‘rClltlllll]
1353 2608 1528 2660 lumen
1572 2605 1959 2676 intelligentia.
2003 2607 2053 2658 in

490 2687 792 2730 Saltt‘larllm
841 2677 1230 2745 Scripturarum
1274 2676 1548 2731 latitudine
1591 2675 1862 2736 laborare,
1913 2675 2052 2730 illam

495 2747 675 2800 Saltem
708 2761 1042 2802 communem
1072 2759 1122 2801 et
1148 2748 1486 2801 indiscretum
1517 2745 1904 2798 confessionem
1947 2746 2054 2797 sol-

494 2815 638 2867 llt'llO
673 2819 694 2848 ⁸
729 2819 1016 2886 recepisset
1054 2818 1233 2871 auditu
1257 2856 1270 2878 ,
1309 2831 1410 2884 qua
1454 2815 1697 2886 ﬁdelium
1738 2813 2052 2886 universitas

495 2887 773 2952 profitetur
816 2884 1034 2941 credere
1060 2901 1117 2942 se
1164 2891 1214 2939 in
1249 2886 1410 2938 Deum
1453 2884 1660 2938 Patrem
1708 2884 2048 2950 omnipoten-

491 2965 616 3020 tem,
644 2967 697 3010 et
723 2959 771 3009 in
801 2956 980 3010 .lesum
1010 2956 1276 3010 ϐίη-ἰδιοιιι
1308 2954 1513 3009 Filium'
1535 2953 1650 3020 ejus
1679 2956 1912 3016 unicum.
1951 2954 2051 3007 Do-

492 3025 694 3079 minum
724 3041 981 3090 nostrum,
1013 3027 1101 3094 qui
1130 3040 1281 3078 natus
1303 3035 1383 3078 est
1411 3027 1431 3057 ⁹
1459 3024 1524 3076 de
1549 3021 1746 3091 Spiritu
1785 3035 1969 3094 sancto
1998 3033 2052 3077 et

493 3095 651 3149 Maria
680 3096 911 3164 Virgine.
935 3093 1136 3163 Quibus
1165 3097 1331 3148 tribus
1353 3094 1648 3164 sententiis,
1682 3093 1923 3164 omnium
1940 3093 2049 3148 fere

492 3161 859 3220 tizereticorum
891 3161 1148 3219 machina:
1178 3166 1541 3223 de-trunntur.
1574 3161 1704 3216 Cum
1735 3168 1874 3217 enim
1909 3163 2048 3216 Deus

494 3233 534 3263 ¹⁶
563 3241 618 3288 et
642 3235 976 3301 omnipotens
1014 3243 1067 3288 et
1097 3235 1249 3288 Pater
1275 3235 1501 3292 creditur
1525 3276 1539 3298 ,
1589 3233 2049 3299 consempilernus

492 3303 659 3356 eidem
705 3304 865 3357 Filius
907 3306 1341 3358 demonstratur:
1376 3305 1425 3356 in
1470 3303 1614 3356 nullo
1651 3318 1679 3356 λ
1717 3302 1872 3356 Patre
1897 3303 2060 3356 ώσω-ι

489 3387 633 3433 rens.
664 3375 780 3437 quia
800 3373 864 3427 de
888 3374 992 3428 Deo
1022 3374 1178 3440 Deus,
1208 3375 1273 3426 de
1296 3377 1661 3440 omn‘potente
1686 3372 2047 3439 omnipotens,

489 3445 556 3495 de
584 3453 784 3496 azterno
817 3455 966 3496 nutus
996 3456 1075 3497 est
1116 3453 1452 3498 coaeternus:
1479 3456 1583 3494 non
1622 3441 1881 3510 posterior
1911 3450 2046 3494 tem-

489 3529 637 3577 pore,
683 3529 785 3564 non
829 3513 1045 3567 inferior
1075 3521 1354 3582 potestate.
1386 3526 1490 3565 non
1517 3511 1792 3582 dissimilis
1837 3511 2042 3582 gloria.

2182 942 2328 1010 quasi
2351 943 2401 992 in
2432 940 2621 1010 multis.
2647 943 2732 992 sed
2759 939 2903 1010 quasi
2932 941 2982 991 in
3017 959 3116 992 uno
3139 957 3157 993 :
3185 939 3246 992 Et
3269 944 3451 994 semini
3481 959 3578 1004 tuo,
3607 947 3748 1008 quod

2179 1008 2249 1079 est
2275 1008 2658 1079 Qhristuswal.
2686 1025 2759 1070 ιιι,
2793 1009 2900 1078 l6).
2925 1011 3069 1062 Isaize
3089 1026 3299 1078 quoque
3322 1012 3741 1078 praedicationem

2179 1078 2430 1150 interiore
2459 1079 3122 1150 apprehendissetauditn.
3156 1081 3380 1150 dicentis
3409 1100 3420 1132 :
3455 1081 3579 1133 Ecce
3603 1083 3742 1150 ri-go

2175 1148 2228 1201 in
2255 1159 2394 1201 utero
2430 1149 2693 1214 concipiet,
2721 1157 2767 1200 et
2799 1149 2954 1214 pariet
2987 1146 3202 1213 Filium,
3236 1149 3279 1179 ¹³
3311 1161 3356 1202 et
3385 1151 3617 1203 vocabunt
3642 1146 3739 1205 n3-

2175 1234 2290 1288 men
2313 1221 2420 1288 ejus
2439 1216 2741 1270 Emmanuel
2762 1219 2944 1288 ;_guod
2960 1229 3034 1272 est
3062 1221 3444 1281 interpretatum
3469 1219 3736 1272 Nobiscum

2176 1285 2310 1339 licus
2332 1285 2490 1355 '(lsai.
2524 1302 2614 1349 vn,
2652 1288 2740 1348 ti;
2771 1285 2960 1339 Matth.
2993 1303 3039 1348 ι,
3069 1288 3162 1356 9.3)
3195 1304 3210 1341 :
3243 1289 3585 1355 ejusdemque
3612 1305 3736 1356 pro-

2175 1357 2346 1423 pheta:
2369 1357 2592 1409 fideliter
2623 1357 2776 1410 verb:-
2812 1356 3024 1422 legissrt
3052 1375 3062 1408 :
3101 1355 3238 1410 Puer
3277 1370 3423 1410 natus
3450 1370 3522 1411 est
3553 1355 3685 1412 nobis
3715 1403 3733 1419 .

2170 1434 2215 1478 et
2250 1425 2416 1478 Filius
2439 1427 2593 1478 datus
2611 1435 2680 1478 est
2709 1424 2867 1488 nobis,
2899 1429 3044 1496 cujus
3062 1435 3282 1495 potestas
3305 1445 3457 1496 super
3476 1429 3732 1480 humerum

2169 1498 2278 1568 ejus
2302 1511 2320 1568 ξ
2343 1505 2397 1568 et
2421 1496 2894 1568 uocabunt__nomen
2922 1501 3029 1568 ejus
3060 1497 3228 1568 mugiii
3255 1499 3453 1568 cousifii
3480 1499 3688 1564 Angelus
3715 1541 3728 1558 .

2170 1564 2520 1637 ιξιίηιίιίιζιὶιίεἶ
2545 1564 2892 1637 Consiliarius.
2915 1564 3075 1637 Deus.
3096 1564 3285 1637 Fortis,
3316 1565 3553 1637 Princeps
3569 1585 3700 1630 pecu
3714 1612 3727 1629 ,

2168 1632 2329 1686 Pater
2365 1635 2521 1704 futuri
2549 1636 2719 1687 seculi
2754 1633 2905 1704 (lsai.
2939 1651 3018 1698 is,
3052 1636 3126 1703 6).
3162 1636 3264 1690 Nec
3298 1641 3330 1688 ti
3348 1632 3562 1691 ustmim
3577 1638 3618 1691 ie
3643 1639 3724 1689 lo-

2167 1703 2458 1768 quens.’ita
2488 1704 2710 1758 Verbum
2742 1703 2942 1759 diceret
2971 1721 3184 1758 carnem
3219 1705 3436 1766 factum.
3479 1717 3528 1759 ut
3552 1709 3725 1761 editus

2167 1784 2317 1827 utero
2347 1773 2576 1840 Virginis
2612 1771 2855 1827 Christus
2885 1776 3101 1827 haberet
3133 1776 3353 1829 lortnam
3400 1777 3632 1841 hominis.
3665 1790 3723 1830 et

2165 1857 2268 1912 non
2319 1843 2535 1897 haberet
2575 1841 2798 1895 materni
2839 1845 3076 1912 corporis
3124 1845 3424 1899 veritatem.
3470 1847 3543 1899 An
3584 1847 3722 1900 forte

2165 1911 2287 1965 ideo
2314 1915 2516 1980 put-ivit
2547 1912 2821 1966 Dominum
2849 1927 3090 1968 nostrum
3117 1914 3296 1969 Jesum
3327 1916 3585 1969 Cltrislnm
3607 1931 3714 1968 non

2166 1991 2361 2034 nostra:
2387 1998 2507 2037 esse
2543 1993 2769 2045 naturae,
2815 1985 2935 2052 quia
2968 1985 3159 2038 missus
3182 1983 3246 2037 ad
3277 1987 3481 2036 beatam
3509 1985 3714 2038 Mariam

2161 2052 2378 2122 angelus
2400 2054 2468 2105 ait
2501 2071 2514 2107 :
2549 2052 2772 2122 Spiritus
2799 2063 3000 2106 sanctus
3029 2056 3336 2120 superveniet
3367 2056 3419 2106 in
3445 2063 3510 2116 te.
3541 2063 3583 2107 et
3613 2057 3714 2107 sir-

2161 2130 2240 2173 tus
2263 2121 2504 2176 Altissimi
2533 2121 2844 2178 obumbrabit
2877 2123 2962 2174 tibi
2986 2137 3003 2174 :
3025 2125 3227 2183 ideoque
3255 2140 3337 2191 qur
3359 2125 3392 2175 ὀ
3419 2137 3632 2176 nascetur
3651 2141 3713 2178 es

2163 2199 2209 2241 te
2236 2201 2486 2254 sanctum.
2516 2193 2772 2246 vocabitur
2805 2192 2966 2246 Filius
2990 2191 3084 2244 Dei
3107 2191 3254 2260 (Luc.
3289 2208 3325 2258 t,
3359 2193 3487 2261 35):
3516 2205 3563 2246 ut
3593 2195 3711 2260 quia

2161 2270 2447 2328 conceptus
2477 2261 2706 2329 Virginis
2741 2264 2903 2318 divini
2935 2262 3031 2314 fuit
3057 2275 3234 2328 opera
3255 2305 3267 2318 .
3303 2279 3407 2314 non
3433 2263 3498 2317 de
3534 2274 3712 2315 natura

2160 2331 2510 2398 concipientis
2549 2330 2707 2385 fuerit
2732 2349 2857 2387 caro
2898 2333 3175 2399 concepti?
3203 2331 3241 2385 S
3261 2333 3303 2384 ‘d
3337 2331 3382 2363 ιδ
3406 2348 3506 2384 non
3535 2335 3597 2384 ita
3624 2332 3708 2386 in-

2162 2400 2442 2470 telligenda
2469 2410 2551 2454 est
2581 2402 2665 2454 illa
2694 2401 2967 2469 generatio
2995 2401 3332 2470 singulariter
3363 2401 3636 2462 mirabilis.
3659 2414 3711 2456 et

2159 2467 2469 2523 mirabiliter
2507 2467 2812 2538 singularis,
2855 2480 2912 2524 ut
2954 2486 3046 2538 per
3086 2467 3374 2524 novitatem
3412 2473 3710 2530 crcationis.

2159 2538 2453 2608 prOprietas
2495 2552 2696 2593 remota
2745 2543 2814 2595 sit
2858 2540 3088 2608 generis.
3135 2539 3531 2595 Fecunditatem
3572 2543 3707 2594 enim

2160 2605 2362 2676 Virgini
2403 2608 2634 2675 Spiritus
2665 2605 2883 2664 sanctus
2908 2609 3073 2674 dedit;
3104 2610 3299 2662 \eritas
3328 2619 3501 2663 autem
3528 2625 3707 2676 corpo-

2155 2677 2227 2729 ris
2250 2690 2455 2743 sumpta
2486 2681 2554 2737 de
2575 2695 2796 2745 corpore
2823 2689 2905 2734 est
2929 2696 2941 2730 :
2971 2686 3027 2731 et
3046 2679 3340 2733 aedificante
3370 2680 3468 2733 sibi
3497 2678 3708 2745 Sapien-

2156 2749 2225 2798 tia
2258 2747 2502 2817 domum,
2544 2748 2764 2817 Verbum
2793 2765 2910 2802 caro
2939 2752 3127 2816 factum
3153 2758 3260 2812 est,
3294 2759 3342 2801 et
3381 2749 3610 2800 habitavit
3656 2751 3707 2801 in

2155 2817 2298 2870 nobis
2327 2814 2505 2884 (Imm.
2539 2834 2574 2881 ι,
2613 2819 2728 2887 H);
2753 2814 2872 2872 ‘huc
2910 2814 3009 2882 est,
3060 2818 3111 2870 in
3135 2832 3198 2870 ea
3225 2832 3388 2872 carne
3429 2832 3583 2886 quam
3621 2832 3706 2870 as-

2153 2887 2377 2954 sumpsit
2406 2901 2470 2956 es
2500 2889 2734 2952 homine,
2763 2899 2816 2942 et
2845 2903 3001 2956 quam
3049 2887 3266 2955 spiritus
3290 2889 3412 2940 vitae
3443 2888 3656 2940 rational
3680 2904 3705 2940 s

2154 2956 2425 3036 animavit.
2454 2955 2608 3010 Salva
2653 2958 2808 3023 igitur
2835 2958 3158 3026 proprietate
3185 2957 3458 3026 utriusque
3488 2969 3703 3036 natura.

2153 3035 2203 3076 et
2235 3028 2286 3078 in
2317 3041 2471 3079 unam
2499 3037 2723 3082 coeunte
2768 3041 3067 3092 persiinam.
3100 3037 3341 3094 suscepta
3377 3036 3456 3080 est
3483 3042 3511 3080 a
3549 3028 3706 3091 maje-

2152 3105 2288 3149 state
2327 3096 2617 3167 humilitas.
2660 3112 2687 3148 a
2729 3098 2920 3151 virtute
2963 3095 3372 3167 infirmitas._ab
3415 3095 3704 3150 aternitate

2153 3165 2445 3220 mortalitas
2478 3181 2491 3218 :
2530 3177 2582 3219 et
2625 3167 2690 3218 ad
2737 3166 3109 3222 resolvendum
3148 3165 3471 3219 conditionis
3515 3177 3701 3219 nostra:

2151 3233 2410 3296 debitum.
2442 3244 2620 3288 natura
2655 3235 2976 3290 inviolabilis
3017 3247 3214 3288 natura:
3235 3245 3318 3288 est
3358 3235 3500 3288 unita
3539 3239 3702 3303 passi-

2153 3303 2244 3357 bili
2271 3320 2292 3375 :7
2314 3314 2371 3375 ut
2399 3305 2562 3375 (quod
2586 3310 2779 3362 nostris
2811 3304 3057 3360 remediis
3086 3305 3432 3375 congruebat)
3457 3320 3588 3358 unus
3624 3315 3702 3357 at-

2190 3388 2254 3428 ue
2285 3373 2421 3427 idem
2448 3374 2707 3428 mediator
2737 3375 2828 3429 Dei
2866 3383 2920 3429 et
2947 3376 3236 3430 hominum.
3270 3373 3426 3427 homo
3465 3375 3702 3428 Christus

2183 3457 2327 3511 esus,
2360 3453 2412 3496 et
2436 3447 2571 3497 mori
2601 3454 2780 3510 poSset
2808 3459 2876 3498 ex
2906 3459 3031 3506 uno,
3058 3452 3110 3496 et
3149 3442 3282 3496 mori
3307 3459 3412 3496 non
3441 3451 3617 3510 posset
3638 3459 3700 3496 ex

2150 3514 2336 3566 altero.
2369 3514 2421 3565 In
2454 3515 2650 3581 integra
2674 3523 2802 3582 ergo
2832 3513 2939 3566 veri
2972 3513 3205 3565 hominis
3245 3513 3576 3582 perfectaque
3614 3529 3698 3565 na.

489 3599 591 3633 non
620 3584 818 3635 d.visus
841 3581 1091 3637 essentia.
1122 3582 1260 3636 Idem
1293 3595 1418 3634 vero
1456 3581 1761 3648 sempiterni
1792 3581 2046 3647 genitoris
2076 3581 2120 3643 ο
2153 3589 2266 3634 tura
2299 3597 2454 3636 verus
2485 3593 2634 3635 natus
2662 3593 2746 3638 est
2767 3581 2924 3645 Deus,
2956 3591 3098 3634 totus
3121 3582 3176 3634 in
3205 3581 3337 3645 suis,
3362 3593 3501 3637 totus
3532 3584 3582 3635 iu
3606 3597 3699 3646 no-

489 3651 786 3720 unigenitus
811 3661 1186 3720 sempternus,
1231 3660 1383 3720 natus
1415 3661 1494 3706 εει
1523 3650 1590 3704 de
1627 3649 1835 3720 Spiritu,
1861 3661 2046 3705 sancto

489 3730 542 3772 et
575 3721 734 3773 Maria
772 3719 1002 3789 Virgine.
1035 3719 1162 3786 Quin
1201 3719 1446 3773 nativitas
1476 3719 1782 3788 temporalis
1806 3719 1878 3774 illi
1913 3723 2046 3773 nati-

488 3791 639 3843 vitati‘
661 3789 853 3843 divinae
875 3800 928 3844 et
956 3791 1295 3858 sempiterna)
1326 3790 1453 3842 nihil
1478 3790 1685 3850 minuit,
1711 3789 1839 3844 nihil
1862 3800 2046 3844 contu-

488 3859 568 3921 lit.
596 3860 690 3914 sed
711 3867 872 3913 totam
904 3874 960 3914 se
988 3857 1282 3928 reparando
1310 3857 1508 3912 homini
1538 3859 1624 3926 qui
1653 3867 1768 3913 erat
1796 3859 2066 3928 deceptus

487 3928 777 3996 impendit;
823 3938 879 3983 ut
906 3937 961 3983 et
991 3939 1215 3983 mortem
1260 3931 1524 3990 vinceret,
1568 3941 1622 3980 et
1647 3929 1938 3993 diabolum,
1957 3929 2046 3996 qui

491 3998 675 4051 mortis
719 3998 943 4053 habebat
987 3999 1298 4066 imperium,
1347 4012 1439 4051 sua
1486 3996 1682 4052 virtute
1723 3998 2042 4051 destrueret.

487 4066 601 4120 Non
632 4067 773 4120 enim
805 4083 1055 4134 superare
1093 4082 1189 4122 nos
1222 4081 1495 4137 possemus
1511 4066 1726 4137 peccati
1763 4074 1824 4137 et
1860 4067 2046 4121 mortis

487 4144 782 4198 auctorem.
813 4138 911 4190 nisi
953 4151 1192 4191 naturam
1224 4135 1465 4190 nostram
1508 4135 1595 4189 ille
1631 4136 1958 4204 susciperet,
1992 4145 2048 4190 ct

488 4220 636 4258 suam
663 4204 877 4268 faceret,
908 4221 1065 4270 qui-tn
1097 4220 1194 4259 nec
1222 4214 1491 4274 peccatum
1521 4207 1913 4270 contaminare,
1949 4220 2046 4259 nec

489 4290 632 4355 inors
659 4275 826 4355 poinit
848 4276 1107 4328 detinere.
1123 4274 1421 4355 gonceptus
1440 4276 1636 4355 quippe
1657 4285 1736 4328 est
1757 4275 2042 4355 deISpiritn

486 4354 670 4398 sancto
711 4346 844 4397 intra
879 4356 1083 4397 uterum
1123 4344 1348 4413 Virginis
1386 4347 1606 4406 matris;
1656 4359 1768 4413 qua:
1797 4345 1940 4396 illum
1972 4344 2041 4397 ita

488 4417 631 4469 salva
663 4416 962 4483 virginitate
990 4416 1174 4477 edidit.
1195 4414 1639 4483 quemadmodum
1662 4413 1806 4483 salva
1829 4414 2044 4483 virgini-

486 4493 592 4537 tate
638 4481 899 4549 coniepit.
936 4485 1037 4538 Sed
1080 4486 1123 4537 si
1155 4481 1221 4536 de
1254 4483 1354 4536 hoc
1396 4481 1710 4537 ChriSIiana:
1741 4482 1861 4536 fidei
1899 4484 2043 4536 fonte

488 4557 770 4620 purissimo
796 4555 1059 4606 sincerum
1084 4553 1405 4607 intellecmm
1437 4552 1646 4606 haurire
1667 4567 1772 4608 non
1798 4560 2001 4619 poterat
2024 4591 2040 4616 ,

484 4623 605 4689 quia
655 4623 991 4690 splendoiem
1039 4625 1331 4692 perspicua:
1371 4621 1636 4680 veritatis.
1681 4622 2046 4675 obcrccationc

484 4694 586 4743 sibi
621 4692 826 4759 propria
860 4691 1180 4753 tenebrarat,
1212 4694 1464 4744 doctrinae
1494 4707 1551 4744 se
1580 4691 1893 4758 evange'ice
1917 4692 2042 4759 snti-

482 4762 593 4814 didi
624 4758 701 4814 aet
724 4801 738 4822 ,
781 4761 987 4815 dicente
1032 4763 1136 4817 Mat
1165 4765 1276 4814 luco
1315 4779 1326 4811 :
1363 4762 1506 4814 Liber
1549 4762 1884 4828 generutiovis
1920 4758 2039 4811 lusu

482 4831 690 4892 Christi,
716 4830 808 4896 lilii
846 4830 1026 4892 David,
1059 4832 1153 4898 [itii
1189 4830 1442 4882 Abraham
1475 4830 1688 4891 (Matth.
1724 4845 1759 4891 t,
1789 4830 1837 4896 1)
1904 4835 2041 4896 Αιγι-

483 4902 906 4968 ειυιιςωιμιυιιιιυ
935 4901 1249 4967 priedicatio.
1277 4902 1616 4968 i-espetissm
1642 4899 1678 4929 “
1705 4910 1883 4949 lnSlttll
1907 4911 2034 4958 ιιιηι,

480 4981 533 5025 et
557 4971 734 5038 legens
767 4967 834 5022 in
853 4971 909 5033 Ε,
933 4971 1081 5024 istula
1112 4972 1176 5027 ad
1202 4971 1468 5023 Romanos
1496 4985 1513 5022 :
1543 4967 1933 5038 Paulusservus
1957 4970 2046 5020 Je-

480 5057 538 5093 su
562 5037 770 5102 Christi,
793 5051 991 5092 roca'us
1019 5041 1299 5106 apostolus,
1327 5050 1615 5109 segregatus
1638 5040 1690 5091 in
1715 5037 2046 5106 Evangefiunt

482 5110 595 5172 Dei.
640 5114 775 5178 quod
805 5120 921 5188 ante
942 5109 1240 5192 prqiriiserat
1270 5125 1356 5180 per
1385 5109 1652 5192 pr'OpIietas
1683 5125 1800 5190 suos
1832 5109 1883 5160 in
1907 5109 2048 5188 Serio

479 5175 844 5234 uturts'saactis
874 5195 891 5230 :
919 5180 982 5232 de
1012 5175 1148 5230 Filio
1171 5175 1280 5240 suo,
1311 5175 1398 5245 qui
1424 5175 1589 5246 foetus
1610 5188 1682 5231 est
1707 5179 1752 5230 ei
1771 5193 1832 5231 ea:
1861 5179 2048 5230 semine

479 5248 645 5300 David
684 5251 952 5307 secundum
983 5263 1185 5300 carnem
1218 5248 1390 5314 (llam.
1422 5263 1466 5310 ι,
1495 5248 1569 5315 1),
1616 5249 1678 5300 ad
1711 5247 2046 5314 prepheticas

477 5332 685 5384 quoque
711 5320 921 5384 paginas
951 5320 1087 5385 piam
1116 5316 1519 5370 sollicitudinem
1549 5318 1859 5370 contulisset
1888 5357 1901 5380 ,
1931 5318 1970 5348 ⁸³
1995 5329 2045 5371 ct

478 5388 750 5456 inveniens
776 5391 1176 5454 promissionem
1195 5386 1285 5440 Dei
1301 5391 1365 5439 ad
1382 5391 1419 5438 A
1431 5388 1645 5440 braltam
1662 5389 1774 5456 88
1787 5387 2038 5438 dicentis:

480 5455 539 5508 in
555 5457 739 5510 semine
757 5467 838 5506 tuo
853 5456 1200 5508 benedirentur
1221 5472 1395 5508 omnes
1409 5468 1574 5525 gentes
1590 5455 1746 5520 (Gen.
1761 5472 1826 5507 xx
1841 5471 1871 5507 ιι
1885 5500 1896 5518 ,
1921 5457 2037 5522 18);

479 5537 524 5571 οι
557 5541 620 5577 ne
638 5526 702 5578 de
737 5526 888 5591 hujus
912 5528 1130 5578 seminis
1158 5528 1483 5593 proprietate
1509 5527 1796 5587 dubitaret,
1829 5539 2042 5578 secutus

475 5595 660 5650 inisset
692 5596 999 5662 Apostolun‘.
1034 5597 1294 5653 dmentem
1325 5617 1333 5647 z
1365 5595 1583 5648 Atra/ta?
1606 5597 1752 5649 dicta:
1775 5607 1886 5648 sunt
1919 5613 2036 5664 pro-

2148 3651 2293 3721 stris.
2338 3651 2544 3721 Nostra
2569 3651 2678 3721 39
2710 3662 2883 3706 autem
2931 3651 3157 3704 dicimus
3195 3666 3313 3718 quae
3355 3654 3408 3705 in
3449 3652 3601 3705 nobis
3639 3653 3701 3704 ab

2147 3720 2298 3774 initio
2323 3712 2831 3790 Creatot’vraindidit,
2879 3730 2933 3776 et
2960 3735 3078 3788 quae
3108 3712 3401 3786 reparanda
3431 3722 3657 3790 suscepit
3682 3737 3697 3773 :

2149 3805 2267 3843 nam
2292 3791 2376 3844 illa
2405 3805 2520 3857 qua:
2543 3789 2791 3856 deceptor
2818 3791 3014 3848 intulit,
3044 3798 3099 3842 et
3127 3789 3286 3843 homo
3321 3791 3571 3859 deceptus
3591 3789 3696 3843 ad-

2147 3860 2310 3926 misit,
2341 3860 2866 3929 nullunthabuerunt
2892 3861 2941 3911 in
2971 3859 3246 3929 Salvatore
3269 3862 3546 3929 vestigium
3573 3877 3584 3910 :
3609 3876 3698 3914 nec

2145 3931 2266 3997 quia
2295 3928 2721 3983 communionem
2751 3929 3096 3981 humanarum
3127 3927 3290 3981 subiit
3316 3927 3692 3991 inlli'mitatum.

2147 3999 2268 4067 ideo
2297 4012 2598 4054 nostrorum
2626 3998 2727 4052 fuit
2755 3998 3017 4066 particeps
3039 3997 3371 4054 delictorum.
3403 4001 3697 4067 Assumpsu

2146 4065 2368 4138 formam
2400 4072 2542 4122 servi
2595 4070 2707 4123 sine
2735 4065 2892 4122 sorde
2922 4071 3124 4135 peccati
3142 4084 3160 4138 ;
3183 4069 3419 4138 humana
3463 4065 3658 4138 angens
3681 4109 3695 4127 .

2146 4136 2320 4190 divina
2355 4155 2455 4191 non
2487 4138 2766 4193 minuens:
2795 4139 2914 4205 quiia
2941 4136 3233 4191 exinanitio
3265 4140 3371 4205 illa.
3403 4154 3506 4206 qua
3538 4136 3604 4192 se
3625 4139 3690 4191 in-

2146 4206 2370 4261 visibilis
2420 4208 2678 4261 visibilem
2727 4207 2971 4275 przebuit.
3019 4217 3303 4262 etereator
3344 4223 3406 4262 ac
3454 4209 3696 4261 Dominus

2146 4277 2378 4329 omnium
2405 4292 2602 4338 rerum,
2631 4293 2768 4334 unus
2793 4277 2962 4329 voluit
2989 4289 3110 4340 esse
3131 4277 3457 4339 mortalium.
3487 4277 3694 4330 inclina-

2146 4347 2220 4396 tio
2256 4346 2352 4408 [μὴ
2376 4347 2752 4410 miserationis.
2772 4361 2875 4400 non
2907 4343 3135 4399 defectio
3153 4343 3448 4412 potestatis.
3480 4347 3698 4400 Proin'c

2143 4419 2232 4482 qui
2283 4431 2503 4470 manens
2549 4417 2599 4468 in
2649 4416 2811 4470 lorma
2851 4415 2940 4468 Dei
2982 4413 3105 4468 fecit
3153 4417 3451 4479 hominem.
3486 4415 3624 4469 idem
3651 4417 3696 4464 in

2148 4486 2314 4535 forma
2343 4487 2482 4538 servi
2517 4485 2682 4538 factus
2704 4496 2778 4537 esn
2811 4486 2989 4538 homo.
3009 4484 3173 4536 Tenet
3200 4486 3340 4539 enim
3365 4487 3481 4539 sine
3501 4488 3694 4539 deiectu

2144 4553 2520 4620 proprietatem
2553 4569 2700 4606 suam
2734 4564 2953 4622 tllroqtle
2981 4561 3205 4622 natura:
3239 4563 3294 4608 et
3324 4554 3459 4608 sicut
3482 4553 3694 4609 formam

2144 4624 2303 4686 serii,
2356 4624 2447 4677 Dei
2491 4623 2658 4676 forma
2695 4639 2795 4675 non
2826 4625 3032 4686 amisit;
3066 4629 3134 4674 ita
3167 4621 3389 4676 formam
3421 4624 3536 4687 Dei,
3573 4622 3694 4676 seni

2147 4691 2308 4744 forma
2362 4709 2463 4745 non
2511 4692 2713 4745 minuit.
2769 4693 2896 4745 Nam
2931 4694 3049 4753 quia
3089 4693 3412 4760 gleriabatur
3439 4692 3693 4748 diabolus.

2147 4762 2408 4814 hominem
2439 4779 2529 4814 sua
2564 4764 2743 4816 fraude
2773 4764 3049 4830 deicptutn
3091 4763 3281 4815 divinis
3310 4762 3554 4815 carui-se
3591 4776 3693 4814 ntu-

2145 4832 2379 4892 ncribus.
2406 4843 2458 4886 et
2488 4831 2892 4884 nnmortalitatis
2923 4833 3048 4885 dote
3077 4831 3326 4884 nudatum
3355 4832 3546 4884 duram
3571 4844 3692 4884 mor-

2151 4903 2214 4953 tis
2243 4902 2472 4955 subiisse
2513 4904 2824 4955 sententiam
2858 4914 2872 4963 ;
2907 4915 3069 4968 seque
3111 4902 3162 4953 in
3205 4903 3360 4954 malis
3397 4902 3509 4954 suis
3544 4900 3692 4969 quod-

2152 4970 2271 5021 dam
2303 4970 2346 5004 "
2373 4971 2439 5023 de
2489 4970 2906 5036 prmvaricatoris
2948 4971 3218 5024 consortio
3261 4972 3526 5024 invenisse
3575 4970 3691 5024 sola-

2153 5041 2277 5091 tium
2303 5052 2316 5097 ;
2351 5040 2511 5094 Deum
2542 5054 2768 5108 quoque.
2799 5039 3007 5109 iustitia
3037 5040 3281 5109 exigente
3323 5041 3560 5106 ratione,
3585 5052 3688 5104 erga

2151 5109 2412 5162 hominem
2432 5125 2584 5175 quem
2618 5111 2667 5161 in
2688 5121 2832 5160 tanto
2853 5108 3054 5162 honore
3074 5108 3400 5175 condiderat,
3437 5109 3688 5178 propriam

2151 5189 2382 5232 mutasse
2410 5180 2723 5232 sententiam
2757 5196 2768 5228 :
2803 5192 2936 5239 onus
2971 5179 3064 5230 fuit
3091 5181 3282 5232 secreti
3315 5179 3692 5244 dispensatione

2148 5247 2377 5311 consilii,
2406 5264 2455 5299 ut
2482 5247 2924 5300 incommutabilis
2955 5249 3111 5310 Deus,
3142 5250 3296 5315 Citius
3331 5253 3582 5301 voluntas
3605 5262 3690 5298 non

2153 5328 2324 5385 potest
2346 5332 2437 5369 sua
2469 5317 2788 5384 benignitate
2814 5317 3029 5383 privari,
3064 5319 3282 5383 primam
3315 5333 3438 5384 e:-ga
3471 5333 3573 5370 nos
3603 5319 3691 5384 pie~

2152 5390 2273 5439 tatis
2304 5403 2410 5438 suze
2441 5386 2887 5455 dispensationem
2909 5397 3236 5439 sacramento
3260 5389 3558 5440 occultiore.
3581 5401 3692 5438 coni-

2152 5460 2319 5522 plcret
2351 5474 2363 5509 :
2396 5469 2444 5508 et
2476 5458 2653 5516 homo,
2684 5458 2956 5509 diabolian
2986 5458 3273 5523 iniquitatis
3302 5459 3541 5510 versutia
3572 5464 3690 5506 acuti

2149 5529 2198 5577 in
2226 5532 2454 5593 culpam,
2487 5537 2668 5577 t‘ottlra
2697 5527 2784 5578 Dei
2811 5530 3133 5593 propositum
3159 5542 3259 5578 non
3291 5531 3515 5592 periret.
3551 5529 3692 5594 los"?

2149 5598 2284 5650 ditur
2315 5612 2439 5664 ergo
2467 5597 2508 5627 ¹⁶
2541 5598 2648 5648 hac
2675 5597 2852 5649 mundi
2875 5599 3051 5649 intima
3077 5597 3242 5650 Filius
3277 5597 3390 5659 Dci,
3421 5598 3492 5668 de
3522 5599 3689 5652 ταν¹ιη¹¹
