3862 6222
373 269 473 324 515

1140 263 1228 317 AD
1264 260 1486 316 orent
1527 245 1756 314 Vtctcn
1796 252 2168 311 TAPSENSIS
2209 250 2571 309 APPENDIX.

3480 239 3588 298 51(

370 378 616 444 partitum
673 389 782 426 sive
842 373 1102 444 divis-mn.
1176 373 1468 444 Christum;
1490 368 1626 421 sient
1653 381 1773 444 ante
1804 382 1921 435 pro-
1953 371 1999 429 Α
2028 381 2148 420 esse
2177 365 2456 444 episcenos
2485 361 2765 444 ahepi-co-
2835 370 2923 412 aut
2951 362 3073 442 laici.
3108 359 3320 423 fuerint,
3359 359 3578 412 anathe-

371 439 465 501 sed
497 461 655 499 unum
685 457 730 496 et
758 443 996 494 eumdem
1025 439 1107 491 Fi-

377 519 501 570 littttl
555 513 896 579 unigenitum,
950 509 1109 561 Dentlt

374 587 627 638 Veritum.
681 581 959 632 Dominum
1015 579 1106 630 Je-

374 669 490 708 sunt
512 653 802 704 Christum:
836 649 966 700 sicut
990 656 1113 698 ante

375 723 645 791 proiilteta:
685 717 761 791 _d_e.
788 731 870 791 eo.
902 725 956 768 et
1003 717 1116 791 ipse

377 785 649 841 nosJesns
677 785 919 838 Christus
941 785 1118 838 erudi-

376 865 468 917 vit.
492 869 544 910 et
576 858 783 908 Patrum
809 853 959 906 nullis
980 870 1117 923 sym-

378 929 552 981 liolum
585 924 816 978 tradidit.
853 923 942 976 llis
964 924 1120 986 igitur

377 1014 496 1050 cunt
528 995 669 1047 omni
694 994 923 1059 undique
968 1008 1118 1045 sern-

381 1066 660 1133 pulositate
705 1073 756 1116 et
792 1062 1062 1133 diligentia
1090 1075 1120 1133 _a

381 1131 532 1187 nobis
561 1131 860 1198 dispasitis,
891 1131 1125 1182 definivit

370 1215 555 1257 sancta
570 1214 617 1255 et
641 1201 952 1253 universalis
969 1213 1124 1267 syno-

380 1275 499 1338 dus,
526 1272 745 1326 alterum
793 1270 947 1321 iidem
992 1267 1116 1320 nulli

380 1344 540 1396 licere
581 1341 816 1407 proferre
842 1378 855 1399 ,
884 1340 963 1390 vel
994 1352 1119 1390 con-

378 1412 634 1469 scribere.
665 1421 753 1461 aut
779 1421 1119 1473 componere;

380 1493 467 1534 aut
507 1481 738 1539 sentire,
789 1484 880 1529 aut
931 1475 1124 1528 docere

379 1559 552 1602 aliter.
588 1551 690 1600 tios
707 1554 882 1599 autem
908 1544 1124 1612 qttiausi

381 1629 500 1671 sunt
519 1631 836 1684 componere
868 1614 1022 1668 fidem
1051 1616 1126 1665 al-

1181 443 1350 506 pltettc
1383 441 1450 490 tle
1477 453 1561 499 eo,
1595 449 1646 490 et
1686 439 1798 504 ipse
1829 451 1924 490 nos

1181 510 1333 563 Jesus
1383 507 1627 562 Christus
1664 509 1922 567 erudivit,

2028 451 2173 504 pain,
2204 445 2258 488 et
2283 436 2506 504 clericos
2535 448 2562 484 a
2589 433 2764 504 clero:
2839 433 3096 485 matizari.

2028 501 2071 559 si
2102 521 2228 558 vero
2250 503 2490 556 monarhi
2532 511 2621 553 aut
2648 501 2763 552 laici

1181 589 1236 632 ct
1265 579 1664 649 Patrutniiobis
1706 577 1925 630 svntbo-
1991 646 1994 649 _
2031 577 2255 637 fuerint,
2280 571 2730 649 anat_hema_tinzat:i.

1183 650 1292 702 lum
1321 647 1553 702 tradidit.

1258 782 1349 836 llis
1397 781 1554 844 igitur
1602 791 1721 830 eum
1785 776 1928 830 omni

1191 852 1417 917 undique
1437 848 1679 917 veritate,
1711 845 1934 914 diligen-

1192 916 1352 983 tia,et
1379 916 1728 969 sollicitudine
1773 929 1801 967 a
1834 930 1934 968 no-

1195 992 1273 1043 bis
1300 987 1565 1045 definitis.
1589 985 1772 1038 statuit
1805 999 1932 1036 san-

1194 1069 1273 1110 cta
1291 1069 1337 1110 et
1356 1055 1668 1108 universalis
1681 1055 1932 1123 synodus,

1196 1129 1414 1179 alteram
1446 1123 1600 1177 ﬁdem
1633 1125 1759 1176 nulli
1781 1124 1939 1177 licere

1199 1194 1433 1263 proferte
1463 1194 1543 1248 vel
1578 1193 1937 1254 conscribere,

1198 1275 1287 1318 aut
1311 1277 1651 1326 componere;
1684 1271 1774 1314 aut
1818 1277 1944 1314 sen-

1196 1339 1312 1395 tire.
1332 1341 1420 1386 aut
1435 1334 1624 1386 docere
1643 1331 1814 1385 aliter.
1839 1332 1944 1384 Eos

1198 1416 1370 1457 autem
1397 1404 1483 1470 qui
1505 1404 1617 1454 ausi
1648 1409 1771 1454 sunt
1798 1416 1944 1453 coui-

1198 1489 1393 1541 ponere
1451 1472 1605 1525 (idem
1675 1470 1942 1541 alteram;

1197 1540 1286 1596 aut
1317 1541 1556 1612 proferre
1577 1549 1671 1612 aut
1710 1540 1943 1604 docere;

1196 1622 1284 1664 aut
1308 1610 1514 1663 tradere
1545 1610 1765 1663 alterum
1806 1625 1945 1678 sym-

1200 1682 1375 1735 bolum
1418 1680 1611 1731 volenti
1659 1680 1896 1732 converti

1198 1749 1279 1803 vel
1307 1766 1371 1802 ex
1400 1749 1642 1818 gentibus
1673 1749 1735 1800 ad
1764 1751 1944 1801 comi-

1201 1817 1412 1872 tioiiem'
1443 1819 1682 1870 veritatis
1728 1817 1938 1884 venire,

1199 1890 1279 1942 vel
1303 1903 1365 1941 ex
1390 1886 1608 1948 Judzeis,
1643 1888 1721 1941 vel
1755 1886 1942 1940 haeresi

1202 1970 1531 2025 quacumque
1562 1972 1574 2006 τ
1609 1957 1705 2008 hos
1746 1955 1788 2009 si
1826 1959 1943 2022 epi-

1202 2027 1346 2088 scopi
1379 2025 1568 2078 fuerint
1603 2035 1693 2078 ant
1743 2025 1943 2085 clerici.

383 1699 571 1747 lerant,
613 1697 704 1738 aut
728 1694 872 1737 certe
919 1684 1125 1752 profer-

384 1774 460 1820 rv;
492 1769 577 1809 aut
602 1756 793 1808 dooere
814 1763 905 1806 aut
922 1755 1127 1805 tradere

384 1828 611 1880 alterum
652 1823 947 1893 δγιιιιὶιιιιιτιι
968 1861 1013 1893 ,__
1035 1836 1128 1872 vo-

387 1895 616 1948 lentibus
645 1891 723 1945 vel
745 1907 808 1944 ex
840 1891 1128 1960 gentilitate

388 1964 452 2017 ad
484 1964 801 2032 agnitionem
862 1961 1126 2032 veritatis)

390 2035 470 2085 νει
514 2029 575 2084 (τι
601 2031 827 2092 Judzttis,
862 2030 942 2083 τοι

389 2121 451 2155 ex
471 2097 1128 2167 hteresitptarunque’con-
1203 2097 1403 2149 alienos
1432 2108 1551 2148 esse
1574 2099 1853 2167 episcopus
1881 2097 1947 2149 ab

393 2173 558 2234 verti;
616 2163 751 2234 hos,
800 2170 842 2222 si
900 2163 1130 2235 episcopi
1205 2167 1533 2235 episcopatu.
1563 2173 1618 2215 et
1662 2163 1885 2216 clericos
1920 2182 1946 2215 a

391 2232 1133 2300 fuerintautclerici,alienos
1204 2243 1385 2288 eiero:
1440 2232 1485 2286 si
1538 2247 1664 2286 vero
1705 2235 1949 2287 monachi

1927 1723 1940 1746 ν
1954 1742 1958 1746 .

1977 1717 2022 1776 Β

2392 641 2517 709 Pag.
2548 641 2635 693 58.
2664 640 2867 709 Lucifer
2891 655 2976 706 per
3006 639 3248 704 legatum.

2099 714 2179 768 Ad
2203 703 2900 782 synodum'gAlegandrinam
2939 703 3078 782 (qua:
3104 713 3205 782 sulr
3249 703 3470 782 imperio
3497 703 3590 782 .l‘u-

2031 783 2179 850 liani,
2203 775 2343 836 anno
2373 777 2568 833 Christi
2607 777 2731 850 362,
2766 775 3083 850 praesidente
3127 775 3415 850 Athanasio
3455 775 3594 827 cele-

2037 844 2179 906 brata
2206 851 2328 918 est)
2379 865 2484 904 non
2511 844 2820 903 convenisse
2875 847 3171 918 Luciferum
3228 844 3588 899 Caralitanum

2035 916 2473 990 episcoputri,sed
2503 933 2569 990 eo
2582 918 2822 990 legatum
2865 917 3075 990 misisse
3111 916 3587 990 diaeonnmsuum,

2038 983 2295 1044 testantur
2322 983 2725 1044 ltutitluslibft.
2767 1003 2883 1054 etp.
2907 986 3000 1050 ‘27,
3047 995 3101 1038 et
3129 984 3380 1054 Socrates
3401 983 3487 1054 lib.
3512 997 3590 1054 ut,

2037 1063 2239 1125 (ξιιμ-ι.
2272 1059 2382 1112 Nec
2417 1067 2670 1123 repugnat
2716 1051 2989 1126 synodica,
3034 1069 3152 1122 quae
3193 1063 3284 1126 est
3330 1051 3597 1126 Athanasii

2038 1121 2258 1198 cpistola
2302 1129 2366 1180 ad
2413 1121 2814 1198 Atttioehenses,
2866 1127 2946 1198 cui
3002 1121 3344 1198 stimet-ibunt
3387 1121 3600 1182 ,diaeorri

2040 1191 2162 1263 diro,
2192 1197 2479 1251 Herennius
2505 1206 2551 1248 et
2576 1197 2824 1262 Agapetus
2852 1212 2879 1247 a
2915 1194 3154 1248 Lucifero
3182 1191 3371 1263 legati:
3397 1205 3514 1242 nam
3543 1201 3598 1242 et

2041 1262 2176 1322 inter
2210 1270 2304 1319 hoc
2329 1267 2459 1318 duos
2488 1265 2726 1318 ordinem
2779 1265 2938 1318 fuisse
2966 1262 3254 1317 verisimile
3283 1271 3369 1314 est
3393 1276 3408 1320 ς
3437 1271 3490 1309 ιιι
3510 1263 3596 1325 qui

2041 1340 2186 1406 prior
2216 1334 2809 1406 CCDSPUII'rliCl‘CllllilI“,
2853 1335 3086 1406 potiores
3124 1346 3185 1384 ea
3239 1333 3290 1383 in
3339 1330 3599 1406 legatione

2045 1398 2220 1475 partes
2243 1419 2440 1472 ageret;
2467 1405 2540 1468 Ag
2579 1413 2728 1473 petus
2757 1403 2909 1471 legati
2934 1403 3105 1471 potius
3134 1415 3315 1454 comes
3337 1414 3494 1467 quam
3526 1398 3602 1450 le-

2045 1487 2196 1545 gatus
2229 1478 2529 1545 interessi-t.

2317 1543 2440 1612 Pag.
2463 1544 2551 1596 58.
2585 1541 2765 1604 Pauci,
2797 1542 2883 1594 sed
2911 1541 3100 1594 meritis
3131 1539 3321 1603 magni.

2119 1615 2214 1668 llic
2241 1604 2625 1681 inter'magnos
2658 1615 2857 1666 meritis
2897 1613 3173 1681 episcopos
3219 1607 3427 1661 censeri
3459 1620 3487 1658 a
3519 1604 3604 1681 Vi-_

2049 1684 2175 1750 gilio
2201 1676 2520 1738 Luciferum'
2539 1676 2945 1750 Cara'itanum,'
2973 1679 3251 1750 mirabitur
3304 1691 3480 1750 nemo.
3520 1676 3602 1750 qui

2047 1746 2103 1808 S.
2138 1752 2409 1807 Athanasii
2457 1746 2632 1805 data'm
2669 1751 2733 1804 ad
2788 1765 2906 1804 eum
2956 1749 3232 1816 epistolam
3303 1746 3603 1813 perlegerit,

2047 1824 2161 1890 ejus
2192 1822 2432 1876 laudibus
2455 1820 2723 1874 refertam.
2753 1821 2917 1885 Quam
2940 1818 3223 1890 epistolam
3246 1818 3367 1890 quia
3394 1816 3598 1890 ineodi-

2048 1884 2196 1945 eihns
2223 1892 2474 1959 antiquis,
2527 1884 2892 1952 Cluniacensi,
2946 1884 3594 1959 Parisiensir,gPi_ctavensi,

2049 1973 2101 2014 et
2131 1954 2535 2020 Pontiniacensi,
2563 1960 2792 2025 junctam
2812 1959 3104 2024 reperimus
3125 1956 3298 2023 Vigilli
3325 1954 3603 2025 Tapsensis

2053 2031 2269 2098 Dialogo
2295 2030 2393 2083 sub
2414 2024 2624 2081 nomine
2651 2028 2922 2081 Athanasii
2963 2039 3146 2098 contra
3177 2027 3383 2098 Arium;
3410 2033 3464 2098 et
3499 2024 3602 2098 qui.

2050 2101 2170 2153 dem
2199 2095 2421 2166 vulgatis
2441 2098 2555 2163 ejus
2581 2099 2895 2150 editionihus
2921 2097 3055 2149 haud
3089 2097 3245 2160 paulo
3274 2095 3597 2166 emendatio-

2051 2183 2161 2222 rem
2190 2185 2203 2220 :
2239 2164 2432 2221 idcirco
2461 2167 2543 2218 hic.
2569 2167 3002 2228 eam‘reddimus,
3057 2166 3263 2219 erudito
3293 2164 3477 2218 lectori
3508 2177 3598 2215 nec

2046 2239 2328 2306 ingratam,
2354 2252 2447 2290 nec
2473 2237 2963 2306 (opinor)-inutilem
2998 2236 3245 2290 futuram.

676 2357 1222 2440 EPISTOLA
1287 2352 1900 2435 ATHANASII
1952 2357 2479 2440 EPISCOPI
2531 2356 3340 2440 ALEXANDRINI

1157 2493 1258 2551 AD
1303 2490 1751 2552 LUCIFERUM
1795 2492 2364 2580 CARALITANUM
2411 2492 2862 2555 EPISCOPUM.

468 2616 692 2671 Domino
719 2614 1044 2674 beati~stmo,
1069 2627 1129 2664 ac
1157 2611 1344 2677 merjto
1364 2610 1950 2677 gloriosissimosancto

400 2687 646 2740 Lucifero
675 2689 925 2750 episeopo
955 2681 1288 2734 Athanasius.
1313 2680 1420 2733 Etsi
1445 2681 1622 2750 tiri-do,
1655 2683 1811 2734 etiam
1832 2699 1952 2748 per-

399 2757 608 2809 venisse
643 2747 801 2822 110
825 2747 890 2804 ad
918 2754 1248 2802 sanctitatem
1276 2758 1420 2822 tuam
1470 2747 1536 2799 de
1564 2747 1951 2822 persecutione,

397 2840 556 2892 quam
580 2820 738 2877 etiam
763 2835 900 2892 nunc
926 2820 1586 2892 adversus‘lraternitatem
1611 2827 1844 2892 nostram
1873 2821 1952 2872 fa-

395 2887 518 2948 cere
533 2893 705 2947 eonati
719 2899 841 2944 sunt
863 2889 1058 2942 inimici
1082 2887 1296 2950 Christi,
1320 2899 1617 2956 quur-rentes
1643 2890 1952 2956 sanguinem

401 2971 662 3024 nostrum;
690 2966 1093 3027 possunttamen
1110 2959 1267 3011 etiam
1286 2955 1543 3027 carissimi
1574 2955 1954 3013 nostri’referre

2057 2616 2176 2668 tatis
2203 2613 2548 2686 lllferens
2562 2614 2779 2686 posuisti
2803 2628 2961 2686 super
2981 2613 3359 2686 candelabrum
3380 2613 3608 2686 ut_l_'tre:tt

2056 2681 2488 2748 omnibu—szuis
2512 2685 2650 2736 enim
2683 2686 2917 2750 exceptis
2934 2683 3139 2736 Arianis
3162 2697 3264 2736 non
3299 2681 3606 2750 pervidetex

2057 2762 2141 2808 tua
2172 2755 2431 2817 doctrina,
2462 2753 2602 2821 quod
2647 2766 2822 2804 veram
2873 2752 3082 2820 quidem
3137 2752 3319 2816 fidem,
3363 2753 3608 2803 maculam

2056 2833 2231 2877 autem
2263 2822 2572 2875 Arianorum
2615 2821 2765 2873 valde
2794 2830 2846 2874 et
2895 2821 3299 2885 admirabiliter,
3325 2831 3382 2873 ut
3425 2831 3504 2872 est
3536 2821 3606 2871 lu-

2057 2907 2177 2946 men
2207 2907 2236 2944 a
2261 2892 2513 2954 tenebris,
2546 2892 2613 2943 ita
2640 2892 2891 2958 scparasti
2923 2892 3198 2944 veritatem
3230 2906 3258 2942 a
3290 2889 3604 2950 calliditate.

2057 2969 2112 3016 et
2138 2975 2166 3014 a
2196 2961 2450 3029 pravitate
2479 2961 2847 3013 haereticorum
2896 2959 3177 3014 defendisti
3213 2959 3504 3014 Ecclesiam
3530 2971 3611 3010 ea-

400 3020 790 3100 religioni't'ure.
819 3029 870 3081 lu
901 3036 1099 3100 tantum
1130 3029 1269 3100 enim
1301 3025 1501 3100 rabiem
1527 3039 1675 3100 suam
1701 3041 1792 3100 per
1816 3027 1951 3100 mili-
1977 3020 2024 3083 C
2055 3020 2327 3100 tltoliéam,
2356 3039 2410 3084 et
2433 3029 2664 3098 probasti
2686 3030 2815 3100 nihil
2839 3043 2984 3091 esse,
3015 3029 3108 3083 sed
3140 3039 3342 3100 tantum
3385 3031 3605 3094 phanta-

399 3113 477 3154 tes
503 3094 793 3154 Extendere
821 3097 931 3152 ausi
963 3106 1104 3164 sunt,
1135 3104 1191 3148 ut
1217 3099 1318 3148 n'on
1349 3094 1519 3164 solum
1540 3095 1769 3149 iivitatis
1799 3097 1956 3151 cleri-

400 3186 496 3224 ens
515 3169 828 3236 effugareut.
880 3167 973 3219 sed
1003 3167 1158 3218 etiim
1213 3165 1276 3216 ad
1331 3163 1856 3236 eremilasrexirent,
1906 3175 1960 3220 et

401 3233 644 3292 funestas
657 3251 779 3290 suas
809 3251 995 3291 manus
1023 3237 1273 3287 adversus
1293 3233 1575 3286 monachos
1597 3235 1958 3289 immitterent.

404 3309 528 3362 lude
548 3308 740 3360 fartum
772 3316 852 3360 est
880 3307 1109 3358 utetiam
1142 3319 1239 3372 ego
1270 3318 1356 3357 me
1381 3303 1588 3369 longius
1618 3301 1958 3372 abducerem,

405 3394 469 3430 ne
499 3377 658 3431 etiam
685 3377 892 3440 quinos
923 3383 1288 3438 susceperunt,
1327 3381 1591 3439 negotium
1635 3373 1701 3426 ab
1757 3374 1958 3427 eisdem

407 3454 732 3516 paterentur.
774 3445 868 3498 Cui
896 3445 1035 3516 enim
1062 3451 1338 3516 parcerent
1363 3441 1562 3508 Ariani,
1603 3444 1688 3509 qui
1721 3459 1818 3496 nec
1843 3447 1960 3496 ani-

403 3513 505 3568 iiiis
534 3516 641 3568 suis
666 3513 1039 3582 pepercerunt?
1066 3513 1277 3582 quando
1316 3522 1489 3582 autem
1541 3521 1784 3579 poterunt
1815 3528 1962 3567 rece-

405 3587 533 3638 dere
559 3599 585 3634 a
609 3579 744 3636 suis
774 3582 1015 3636 nefandis
1071 3579 1294 3647 actib'us,
1333 3581 1456 3633 dum
1497 3593 1811 3647 permanent
1867 3597 1958 3635 ne-

403 3653 576 3720 gando
595 3652 861 3706 Christum
891 3652 1163 3704 Dominum
1193 3651 1402 3704 unicum
1434 3649 1620 3703 Filium
1672 3651 1762 3703 Dei
1787 3652 1809 3703 ’ἴ
1842 3652 1963 3706 [hec

407 3736 486 3775 est
510 3723 655 3774 radix
685 3734 866 3774 eorum
898 3720 1200 3788 pravitatis:
1233 3721 1332 3772 hue
1361 3735 1462 3772 suo
1515 3734 1739 3772 arenoso
1771 3722 1961 3773 funda-

407 3801 585 3844 mento
611 3790 876 3843 aedificant
909 3803 1186 3858 perversas
1213 3803 1335 3840 sitas
1357 3789 1466 3841 vias
1492 3789 1679 3858 rzﬂsieut
1709 3791 1962 3858 scriptum

407 3862 703 3916 invenimus
733 3861 782 3910 in
815 3859 972 3910 tertio
1000 3857 1205 3910 decimo
1231 3858 1431 3926 p~almo
1481 3857 1655 3926 (Vera.
1692 3860 1744 3925 l)
1777 3878 1788 3910 ς
1822 3857 1964 3911 Dixit

408 3931 646 3998 insipiens
665 3929 715 3980 in
751 3929 898 3979 corde
923 3943 1037 3990 suo,
1054 3925 1178 3998 ou,
1199 3939 1268 3998 est
1293 3925 1445 3998 Deus.
1462 3925 1536 3979 Et
1554 3942 1674 3980 mox
1698 3930 1964 3997 sequitur:

408 3995 642 4065 Corrupti
671 4005 810 4058 sunt,
837 4005 883 4049 et
928 3995 1282 4053 abominabiles
1313 3995 1444 4065 facti,
1480 4007 1594 4048 sunt
1636 4002 1685 4048 t‘n
1735 3995 1964 4065 operibus

407 4069 533 4120 auia.
567 4064 693 4118 lude
720 4066 886 4118 Judaei
917 4076 1167 4131 negantes
1207 4065 1392 4118 Filium
1422 4064 1535 4132 Dei,
1568 4065 1709 4132 digni
1753 4064 1966 4120 luerunt

407 4137 589 4188 audire
620 4152 634 4190 :
670 4134 759 4187 Va:
793 4136 928 4203 genti
975 4134 1261 4201 peccatrici,
1313 4133 1499 4203 papqu
1554 4135 1699 4200 pleno
1745 4137 1962 4202 delicta,

407 4221 572 4258 semen
599 4205 900 4272 malignum,
931 4204 1023 4269 ﬁlii
1049 4205 1154 4256 sine
1189 4204 1294 4271 lege
1321 4204 1472 4272 (laai.
1499 4220 1536 4264 ι,
1569 4207 1642 4272 4).
1669 4205 1818 4258 Unde
1849 4207 1967 4258 sine

410 4274 563 4341 lege?
593 4271 786 4341 quippe
819 4274 936 4340 quia
960 4271 1291 4338 dereliquialia
1323 4271 1612 4326 Dominum.
1632 4271 1753 4326 lude
1777 4273 1965 4327 beatis-

409 4345 577 4396 simus
608 4344 817 4394 l'aulus.
849 4356 966 4394 cum
996 4343 1242 4406 cnspisset
1272 4357 1303 4393 ιι
1328 4358 1374 4392 »ιι
1416 4349 1617 4394 tantum
1648 4343 1864 4396 credere
1913 4344 1961 4396 in

413 4414 602 4465 It'iltnm
634 4411 745 4475 Dei,
774 4425 956 4463 verum
985 4412 1142 4462 etiam
1185 4410 1472 4476 prmdieare
1501 4412 1748 4465 deitatem
1779 4413 1960 4478 ipsius,

409 4482 541 4534 dixit
574 4500 584 4531 :
615 4479 679 4531 In
709 4480 850 4530 nullo
883 4478 1004 4530 mihi
1028 4481 1144 4529 mali
1167 4480 1391 4532 conscius
1418 4495 1528 4531 sum
1563 4478 1615 4548 (Ι
1648 4478 1766 4533 Cor.
1795 4497 1864 4546 tv,
1885 4483 1963 4548 4).

413 4551 485 4604 Ita
519 4551 655 4604 enim
680 4549 832 4617 juxta
863 4558 1088 4624 vestram
1113 4548 1691 4624 etinfessi_ot_teiit,etiat_n
1708 4565 1803 4603 nos
1819 4562 1972 4624 opta,

414 4634 531 4687 tuus
565 4629 801 4672 tenentes
841 4618 1181 4684 apostolicum
1237 4617 1587 4681 traditiOnem,
1625 4619 1796 4672 vivere
1819 4617 1965 4687 juxta

412 4689 646 4740 divinam
699 4688 886 4755 legem;
920 4698 976 4738 ut
1023 4687 1282 4754 pus~imus
1325 4687 1592 4739 vobiscum
1647 4689 1872 4741 inveniri
1916 4691 1966 4741 in

411 4757 577 4810 choro
598 4757 710 4815 illo.
733 4759 782 4827 in
809 4773 873 4822 qu
898 4775 909 4802 ι
935 4772 1070 4808 nunc
1103 4756 1972 4827 exsultantpatriarchzr,prpplte-

413 4839 480 4879 tte
503 4867 516 4888 ,
549 4826 768 4892 apostoli
799 4842 858 4876 ac
889 4834 1168 4889 martyres.
1200 4826 1345 4878 Licet
1371 4826 1525 4890 igitur
1553 4824 1741 4878 Ariana
1772 4824 1971 4878 inSania

417 4912 535 4950 cum
561 4905 816 4948 extranea
844 4897 1070 4960 potentia
1103 4896 1170 4944 ita
1187 4897 1417 4956 san-iret,
1451 4904 1507 4947 ut
1537 4910 1640 4946 non
1675 4897 1854 4948 liceret
1878 4909 1972 4949 nec

415 4965 606 5018 fratres
638 4964 804 5016 libere
834 4978 1066 5016 eremum
1099 4965 1300 5027 videre,
1333 4974 1505 5016 tamen
1534 4965 1677 5030 juxta
1706 4970 1971 5018 orationes

414 5045 528 5087 tuas
564 5035 669 5084 lico
698 5031 931 5095 favente,
955 5033 1049 5084 etsi
1075 5049 1192 5084 cum
1229 5034 1407 5086 labore
1433 5045 1485 5086 et
1515 5035 1766 5098 periculo.
1795 5035 1972 5087 videre

413 5105 554 5168 potui
579 5101 818 5164 fratrem,
849 5103 935 5168 qui
957 5102 1202 5154 solettim
1231 5104 1522 5154 necessaria
1539 5117 1692 5168 quam
1719 5104 1970 5169 epistolas

413 5173 709 5225 s:metitatis
743 5181 846 5222 tua:
874 5185 1027 5237 quam
1059 5172 1279 5222 aliorum
1335 5171 1622 5223 deStinare.
1658 5173 1970 5237 Accepimus

412 5243 586 5302 itaque
616 5240 868 5310 epistolas
899 5240 1151 5310 aclibros
1175 5240 1582 5307 religiosissima:
1604 5255 1665 5294 ac
1693 5242 1972 5309 sapientis-

412 5313 559 5361 sim:e
590 5307 780 5361 anima:
810 5318 936 5369 tute,
969 5309 1019 5361 in
1051 5307 1236 5374 quibus
1265 5310 1635 5374 perspeximus
1687 5307 1966 5375 imaginem

414 5378 777 5443 apostolicam.
810 5378 1051 5430 fiduciam
1077 5377 1454 5442 propheticam.
1493 5379 1850 5444 magisterium
1883 5394 1974 5430 ve-

415 5449 603 5509 ritatis,
635 5448 925 5498 doctrinam
945 5447 1230 5508 vertelidei,
1254 5462 1384 5517 vitam
1413 5449 1709 5507 coalestem,
1734 5448 1971 5517 martyrii

415 5517 650 5579 gloriam,
682 5518 972 5583 triumphos
1001 5519 1254 5569 adversu.
1277 5516 1517 5567 heresim
1555 5521 1821 5577 Arimam;
1853 5516 1882 5569 e
1906 5533 1972 5568 im

417 5585 692 5635 traditione
716 5586 913 5652 integra
947 5586 1158 5638 Patrum
1185 5595 1508 5649 nostrorum,
1531 5587 1762 5652 regulam
1779 5596 1973 5638 rectam

418 5654 605 5703 ecclesi
628 5655 756 5703 istici
789 5655 1009 5707 ordinis.
1043 5659 1084 5708 υ
1116 5669 1237 5707 vere
1268 5654 1499 5717 Lucifer,
1531 5657 1621 5721 qui
1645 5655 1817 5709 lumen
1842 5657 1976 5708 veri-

2059 3099 2217 3166 siam,
2243 3099 2556 3152 Arianorum
2589 3099 2766 3151 verba.
2794 3099 3022 3152 Doeuisti
3050 3098 3333 3152 calcandos
3355 3109 3611 3162 essepra-

2060 3169 2204 3223 sides
2233 3168 2543 3222 diabolicos.
2575 3167 2738 3230 Quam
2755 3169 2887 3220 bona
2921 3167 3250 3223 hortamenta
3281 3177 3369 3219 tua
3392 3167 3456 3219 ad
3485 3180 3613 3218 uiar-

2064 3239 2285 3306 tyriuml
2319 3253 2473 3306 quam
2505 3237 2986 3306 desiderantissime
2999 3237 3274 3290 oatendisti
3289 3234 3613 3289 moriendum

2061 3305 2179 3361 esse
2202 3322 2296 3373 pro
2321 3305 2533 3360 ChriSto
2548 3305 2684 3358 Filio
2703 3307 2789 3359 Dei
2811 3322 2993 3372 :quztm
3025 3307 3182 3359 futuri
3209 3306 3396 3359 saeculi
3426 3315 3477 3357 rt
3502 3306 3616 3355 vitat

2061 3377 2298 3430 cwlestis
2351 3391 2586 3429 amorem
2636 3376 3006 3428 manifestastil
3066 3375 3276 3428 Videris
3334 3388 3457 3427 esse
3501 3387 3618 3428 vero

2065 3447 2312 3514 templum
2347 3447 2651 3500 Salvatoris.
2679 3445 2765 3511 qui
2807 3446 2856 3498 in
2898 3454 2947 3497 te
2977 3444 3218 3498 habitans
3246 3443 3360 3497 htec
3389 3458 3502 3509 Ipse
3533 3458 3618 3514 per

2066 3526 2116 3568 te
2147 3516 2398 3583 loquitur,
2435 3514 2547 3579 ipse
2572 3515 2656 3579 qui
2681 3523 2876 3566 tantam
2892 3515 3114 3580 gratiam
3149 3513 3331 3566 tribuit
3361 3513 3616 3583 sermoni-

2063 3585 2160 3637 bus
2183 3581 2284 3637 tuis
2307 3598 2324 3637 :
2347 3584 2540 3651 quippe
2569 3585 2654 3648 qui
2688 3592 2807 3635 ante
2827 3597 2945 3636 eras
2973 3585 3110 3648 apud
3143 3597 3329 3636 omnes
3359 3581 3616 3651 amabilis,

2064 3667 2204 3707 nunc
2231 3650 2406 3706 tamen
2431 3662 2606 3705 tantus
2634 3662 2713 3706 est
2737 3667 2884 3704 amor
2913 3652 3204 3705 alfeetionis
3229 3663 3330 3704 tua:
3361 3654 3415 3703 in
3439 3650 3620 3702 animis

2067 3725 2304 3776 omnium
2335 3722 2644 3785 collocatus,
2692 3728 2746 3773 ut
2774 3721 2937 3773 Eliam
2969 3731 3019 3774 te
3066 3721 3392 3787 temporibus
3435 3719 3621 3771 nostris

2066 3794 2358 3844 nominent.
2396 3791 2458 3842 Et
2488 3806 2589 3842 non
2624 3792 2809 3841 mirum
2870 3808 2880 3840 :
2916 3791 2957 3843 si
2986 3789 3124 3843 enim
3153 3790 3240 3857 qui
3281 3789 3391 3842 Deo
3422 3792 3620 3853 placere

2027 3904 2030 3905 ν
2067 3863 2327 3922 videntur,
2357 3861 2446 3912 lilii
2492 3859 2584 3912 Dei
2617 3859 2969 3921 nominantur,
2998 3869 3195 3927 quanto
3222 3859 3389 3926 magis
3419 3857 3622 3927 particie

1992 4377 2040 4436 D

2066 3945 2159 4000 po-s
2183 3932 2557 4000 prophetarum
2601 3927 2965 4000 confessores,
2994 3926 3048 4000 et
3069 3929 3300 3981 max‘me
3366 3935 3418 4000 te
3448 3926 3623 4000 appel-~

2068 3995 2562 4066 iari'dig'num’estl
2590 3995 2864 4049 Credimus
2890 3996 3030 4063 quod
3083 4011 3188 4049 non
3237 3997 3470 4066 tunsolus
3516 3997 3624 4046 haec

2069 4064 2272 4122 locutus
2303 4083 2382 4132 es,
2413 4069 2501 4120 sed
2529 4064 2750 4131 Spiritu“
2783 4078 2997 4120 sanctus
3045 4074 3240 4118 tecum.
3291 4065 3444 4119 Unde
3487 4072 3621 4114 tanta

2069 4141 2320 4191 memoria
2377 4135 2791 4203 Scripturarutn?
2820 4134 2955 4188 unde
2980 4149 3170 4188 sensus
3221 4145 3273 4187 et
3320 4133 3622 4186 intellectus

2067 4207 2370 4261 earumdem
2404 4206 2630 4273 integer?
2664 4204 2797 4257 unde
2821 4204 2938 4256 talis
2960 4204 3090 4256 ordo
3115 4204 3378 4273 sermonis
3410 4214 3622 4273 compa:

2069 4278 2200 4330 situs
2244 4276 2346 4329 est?
2370 4270 2670 4328 unde'tantn
2700 4275 3026 4325 hortamenta
3058 4273 3108 4324 in
3138 4271 3274 4324 viam
3303 4274 3576 4324 cmlestem
3607 4270 3626 4320 ‘.’

2072 4348 2212 4399 unde
2244 4345 2431 4397 fiducia
2458 4353 2639 4396 contra
2668 4343 2950 4404 diabolum,
2984 4352 3036 4394 et
3066 4344 3400 4408 probationes
3437 4341 3626 4390 adver-

2070 4429 2158 4467 sus
2190 4413 2487 4475 hereticos,
2517 4414 2615 4463 nisi
2665 4411 2890 4478 Spiritus
2921 4423 3132 4463 sanctus
3176 4411 3466 4463 collocatus
3488 4415 3628 4478 esset

2072 4483 2120 4535 in
2157 4493 2206 4536 te
2235 4483 2257 4535 2
2291 4481 2471 4534 Gaude
2501 4483 2675 4547 igitur,
2705 4481 2754 4532 in
2793 4495 2856 4532 eo
2887 4490 2937 4532 te
2966 4495 3084 4532 esse
3105 4483 3208 4542 jam
3243 4494 3335 4545 per
3365 4481 3543 4540 tidem,
3579 4477 3628 4529 in

2070 4569 2173 4620 quo
2198 4553 2356 4604 etiam
2393 4564 2740 4618 princessores
2769 4552 2837 4601 tui
2861 4564 3020 4620 nunc
3068 4559 3190 4601 sunt
3214 4557 3499 4616 martyres,
3527 4548 3620 4620 huc

2072 4617 2234 4675 est-in
2273 4617 2436 4674 choro
2490 4620 2811 4686 angelorum.
2845 4619 3144 4671 Gaudemus
3183 4626 3341 4671 etiam
3396 4631 3512 4680 nos,
3544 4617 3625 4686 ha-

2074 4693 2260 4743 bentes
2289 4701 2337 4742 te
2365 4684 2662 4749 exemptum
2683 4689 2907 4749 virtutis,
2943 4685 3229 4754 patientia,
3263 4697 3316 4738 et
3348 4684 3624 4738 libertatis.

2077 4761 2202 4811 Nam
2225 4759 2290 4810 de
2317 4759 2400 4811 his
2443 4775 2558 4824 que
2591 4758 2844 4822 scripsisti
2869 4760 2932 4808 de
2967 4758 3178 4813 nomine
3207 4770 3346 4818 meo,
3377 4757 3627 4807 erubesco

2068 4829 2267 4895 “aliquid
2294 4829 2549 4889 proferre,
2581 4843 2643 4877 ne
2673 4825 3125 4885 videaradnlator;
3150 4826 3240 4878 sed
3269 4828 3382 4877 seio
3397 4835 3450 4877 et
3471 4826 3626 4876 credo

2075 4901 2244 4961 ipsum
2275 4897 2314 4949 D
2337 4897 2577 4960 nninum,
2611 4897 2694 4961 qui
2727 4906 2907 4948 sancto
2945 4905 2997 4946 et
3028 4896 3273 4962 religioso
3323 4896 3500 4945 animo
3543 4899 3624 4942 tuo

2075 4967 2329 5020 revelavit
2359 4981 2570 5018 omnem
2605 4963 2860 5027 notitiam,
2894 4965 3216 5015 redditurum
3237 4964 3329 5016 tibi
3354 4965 3511 5013 etiam
3541 4975 3627 5025 pro

2077 5038 2174 5087 hoc
2200 5037 2377 5097 labore
2409 5037 2678 5099 praetuium
2710 5035 2759 5084 in
2792 5047 2972 5100 regno,
3001 5037 3278 5086 calorum.
3332 5032 3464 5096 Quia
3510 5044 3627 5090 ergo

2076 5106 2194 5156 talis
2217 5119 2293 5166 es,
2327 5114 2651 5170 precatorem
2687 5112 2737 5154 te
2767 5119 2880 5156 esse
2907 5117 2999 5169 pro
3041 5103 3190 5154 nobis
3219 5116 3312 5168 per
3361 5109 3626 5170 orationes

2077 5183 2189 5226 tuas
2224 5169 2768 5239 Dominumpetimus.
2822 5181 2874 5222 ut
2922 5171 3027 5237 jam
3077 5173 3336 5234 inspicere
3391 5169 3628 5236 dignetur

2075 5247 2153 5310 (ut
2174 5252 2253 5295 est
2280 5244 2606 5306 misericors)
2637 5240 2936 5310 Ecclesium
2968 5239 3313 5301 eatholicam’,
3348 5249 3403 5292 et
3447 5239 3630 5302 eripiat

2074 5325 2259 5365 omnes
2289 5311 2511 5362 famulos
2536 5326 2658 5363 sues
2689 5310 2756 5363 de
2807 5309 3044 5362 manibus
3073 5319 3497 5375 persecutorem;
3527 5317 3626 5375 quo

2075 5382 2232 5433 etiam
2266 5379 2318 5432 hi
2341 5395 2526 5432 omnes
2553 5381 2637 5446 qui
2659 5389 2870 5445 propter
2897 5374 3092 5430 metum
3120 5377 3467 5446 temporalem
3495 5374 3631 5446 ceeif

2077 5450 2288 5511 derunt,
2325 5451 2502 5502 levare
2527 5442 2584 5502 .e‘
2636 5442 2786 5517 112
2816 5447 3022 5499 tandem
3077 5445 3298 5513 possint,
3332 5457 3386 5498 et
3444 5442 3628 5498 reverti

2077 5518 2141 5571 ad
2175 5519 2309 5570 viam
2337 5519 2575 5584 juStitim,
2610 5533 2633 5568 a
2667 5534 2765 5584 qua
2811 5518 3010 5569 seducti
3038 5524 3312 5580 vagantur,
3342 5517 3632 5567 nescientes

2080 5588 2131 5639 itt
2164 5602 2266 5654 qua
2300 5587 2450 5638 fovea
2473 5588 2576 5639 sint
2600 5587 2800 5639 miseri.
2832 5587 3140 5654 Specialiter
3169 5595 3343 5636 autem
3374 5597 3476 5642 ε,εο
3501 5589 3629 5654 petit.

2080 5658 2124 5708 si
2151 5651 2343 5722 aliquid
2366 5658 2537 5710 minus
2560 5671 2587 5707 a
2613 5671 2695 5707 me
2717 5651 2908 5707 dictum
2932 5664 3032 5721 est,
3067 5655 3342 5721 ignoscere
3373 5651 3628 5720 digneris.
