3812 6224
134 179 236 231 545

1246 181 1508 239 RUSTICI
1531 183 1830 240 ,IIELPIDII
1865 187 2164 246 CARMINA

3218 204 3319 264 54.6

138 286 313 338 Discus
339 285 491 337 habet
509 325 524 346 ,
551 297 666 351 quae
690 291 878 338 cuncta
897 285 1044 353 jubet
1082 295 1229 357 pater
1249 290 1407 343 edere
1435 289 1661 356 Petrum,
1690 297 1741 354 Α
1766 293 1892 360 Quae
1920 310 2156 352 summus
2184 299 2384 354 cunctis
2409 315 2543 356 unus
2570 303 2641 358 sit
2668 315 2838 360 rector
2860 314 2912 376 et
2941 309 3074 362 idem
3092 350 3106 373 ,

135 372 210 425 Nil
237 387 511 426 commune
540 381 757 438 putans,
785 373 922 439 quod
948 376 1196 429 mundum
1230 377 1424 431 fecerat
1461 388 1661 432 auctor.

432 475 618 514 τυιιειιε
654 475 979 517 CONFUSIONIS
1016 480 1357 538 DESTRUITQH.

201 553 431 606 Exstruit
459 552 724 606 immensis
748 553 931 620 opibus
975 557 1180 610 vesania
1210 551 1392 610 turrim
1419 596 1434 620 ,

129 642 229 695 Sed
259 642 380 695 facit
407 656 499 694 ora
528 643 690 706 Deus,
721 656 953 698 summus
975 635 1229 699 discordia
1259 654 1453 700 rector.

129 731 200 784 Ne
227 731 348 797 quid
373 731 532 784 stulta
563 745 745 784 manus
771 746 925 800 supra
954 747 1045 786 sua
1069 736 1183 802 jura
1213 742 1441 804 pararet.

190 833 388 872 νει-ειυς
425 834 492 872 ΕΤ
531 834 773 874 APOSTOLI
810 837 978 876 VARIIS
1021 837 1322 885 LOQUUN’I'UR
1369 838 1591 879 LINGUIS.

191 906 435 961 Consona
464 909 696 964 diversas
728 909 894 964 fundit
923 914 1150 964 narratio
1185 914 1415 981 linguas,

128 995 352 1048 Barbara
375 1011 593 1065 quasque
613 1012 759 1052 suam
780 994 1045 1066 cognoscit
1073 1001 1214 1054 natio
1240 1015 1417 1055 vocem
1438 1040 1454 1067 ,

126 1084 290 1150 Quam
313 1099 467 1140 sacer
494 1085 722 1142 humano
747 1089 990 1156 praefatur
1015 1090 1226 1158 spiritus
1249 1105 1362 1145 ore.

452 1192 637 1233 JOSBPH
675 1195 704 1232 Δ
745 1194 1023 1238 FBATHIBUS
1060 1195 1335 1234 VENDITUB.

191 1263 290 1317 Hic
310 1265 570 1333 conjurati
598 1281 901 1336 germanum
926 1270 1154 1323 vendere
1183 1268 1369 1324 fratres

124 1347 272 1421 Cogit
299 1352 436 1407 livor
460 1354 594 1410 edax
618 1397 633 1422 ,
666 1365 882 1423 prosunt
907 1358 1170 1411 contraria
1194 1357 1368 1424 jnstis,

124 1441 228 1495 Hoc
252 1456 390 1511 opus
418 1453 498 1498 est
525 1445 755 1498 divinum
773 1484 788 1508 ,
820 1455 876 1498 ut
900 1445 987 1513 qui
1014 1447 1167 1499 modo
1193 1447 1398 1514 vendit,
1426 1448 1628 1506 adoret.

503 1548 748 1588 CHRISTUS
785 1551 814 1587 A
851 1551 973 1590 JUDA
1010 1551 1284 1592 VENDITUH.

186 1622 398 1676 Nummi
427 1624 538 1676 dira
570 1624 734 1677 fames
763 1626 1032 1693 compellit
1061 1627 1286 1682 vendere
1313 1629 1499 1685 Judam

121 1709 176 1764 In
202 1724 415 1779 poenam
439 1711 610 1779 regale
637 1721 826 1780 caput,
856 1717 1167 1769 commercia
1198 1718 1326 1771 tanti
1566 1786 1568 1788 τ

120 1796 434 1865 Sanguinis,
466 1801 652 1867 exiguo
682 1803 879 1869 peragit
907 1817 1056 1857 mens
1085 1804 1317 1871 improba
1355 1807 1519 1862 lucro.

325 1901 568 1946 ABHAHAI
606 1905 780 1946 ιηιιυιι
817 1906 883 1944 AD
918 1907 1249 1952 IIIOLANDUI
1281 1912 1452 1952 DUCI'I'.

182 1973 346 2030 Cedis
371 1976 424 2030 in
448 1992 704 2047 expensas
731 1979 832 2035 fert
858 1981 1027 2038 hostia
1057 1988 1262 2054 prepria
1294 1988 1522 2056 lignum,

118 2062 244 2119 Nam
272 2080 456 2120 carum
486 2070 691 2138 genitor
714 2071 898 2140 pignus
928 2084 1156 2129 mactare
1184 2086 1397 2144 paratus

119 2153 272 2211 Ducit
292 2155 558 2210 Abraham
585 2175 597 2210 :
624 2158 746 2212 lldei
771 2161 1011 2214 meritum
1033 2173 1140 2226 est,
1165 2180 1259 2219 nec
1282 2181 1496 2234 parcere
1519 2179 1660 2226 nato.

412 2259 659 2304 CHRISTUS
695 2263 918 2305 DUCITUB
955 2266 1186 2313 CRUCIFIG
1195 2269 1371 2310 ENDUS.

181 2333 358 2389 Gestit
386 2334 751 2393 honorandum
777 2343 980 2396 cunctis
1005 2358 1190 2398 manus
1218 2346 1407 2416 inclyta
1439 2347 1632 2417 lignum

115 2423 307 2490 Quose
334 2437 516 2480 saneta
545 2427 670 2481 sinit
697 2432 943 2497 suspendi
972 2433 1177 2488 victima
1210 2437 1420 2491 mundi!

117 2510 362 2579 Tollitur,
391 2521 450 2566 ut
473 2515 678 2574 miseris
707 2517 889 2572 reddat
913 2535 1057 2576 mors
1087 2538 1186 2577 una
1211 2524 1453 2579 salutem.

344 2635 664 2685 ωτυιιυιοεε
701 2642 768 2680 ET
805 2643 976 2687 ,ΑΒΗΔ
1014 2646 1182 2687 DATUR
1218 2649 1428 2694 JUDEIS.

184 2708 281 2764 llic
304 2711 490 2766 avidos
514 2713 686 2768 carnis
711 2715 869 2771 missa
898 2725 1248 2789 ortygometra
1276 2723 1491 2790 refecit,

117 2797 519 2868 lmmeritosque
540 2803 711 2870 replet
733 2805 963 2871 celestis
990 2809 1140 2877 copia
1169 2809 1316 2876 panis
1351 2828 1363 2862 :

117 2887 241 2944 Nam
263 2889 438 2957 dignis
452 2930 464 2952 ,
488 2907 640 2959 quem
661 2895 882 2963 quisque
901 2897 1058 2964 velit,
1078 2899 1166 2953 dat
1188 2916 1373 2957 manna
1395 2916 1660 2974 saporem.

179 3012 382 3053 sane:
421 3016 631 3060 ramulis
675 3018 918 3061 cnntsrus
953 3022 1190 3071 nuntios
1226 3004 1399 3072 nam
1437 3029 1589 3073 Ball-

722 3107 828 3146 NUI
868 3110 1067 3152 PASCI'I'.

183 3175 416 3232 Panibus
444 3178 530 3239 hic
553 3189 752 3249 septem
783 3185 1088 3259 populorum
1120 3186 1277 3244 millia
1307 3191 1473 3257 pascit

115 3263 378 3330 Quattuor
402 3277 457 3322 et
484 3270 635 3338 pauci
663 3281 896 3327 saturant
915 3274 1148 3329 convivia
1183 3279 1381 3347 pisces:

115 3357 243 3414 Nam
269 3357 354 3415 bis
374 3374 467 3417 sex
487 3369 694 3429 sportas
715 3364 866 3436 panis
885 3364 1172 3436 fragmenta
1205 3370 1494 3438 replerunt.

479 3487 641 3546 IQSES
679 3489 927 3530 ASCBIIDIT
969 3493 1019 3531 IN
1061 3494 1291 3541 IONTBI,

121 3557 378 3614 \‘eridicae
411 3560 583 3618 Moses
612 3563 792 3634 pandit
815 3567 1099 3634 penetralia
1130 3568 1291 3639 legis,

1689 2972 1736 3039 C

1772 381 1881 436 Nec
1899 383 2062 440 divisa
2090 387 2222 455 regit
2249 389 2530 455 mundum,
2561 393 2656 446 sed
2685 394 2796 446 sola
2828 403 3082 463 potestas.

2153 489 2400 531 CHRISTUS
2443 493 2494 530 IN
2536 494 2712 534 ION'I‘E
2750 497 2933 536 DDCC'I‘.

1840 560 2027 621 Montis
2055 564 2190 618 valle
2217 564 2409 619 sedens
2429 608 2443 633 ,
2476 583 2633 635 grave
2665 580 2718 625 et
2748 572 3071 627 immutabile
3098 575 3311 628 verbum

1771 648 1835 703 Et
1860 651 1940 717 pia
1962 650 2178 718 justitias
2195 654 2397 720 p0pulis
2425 655 2680 725 praecepta
2708 659 2963 730 profatur,

1769 738 1984 807 Quaque
2015 742 2080 804 it,
2111 753 2210 807 qua
2243 739 2433 808 pergit,
2464 755 2582 797 sese
2609 746 2856 813 sapientia
2885 760 3155 819 monstrat.

2273 844 2485 888 IIAII'I'HA
2526 847 2590 884 E'l'
2635 849 2810 887 IIAHIA.

1837 914 2022 982 Arguit
2050 915 2325 970 immeritis
2353 929 2650 977 consortem
2683 923 2880 977 Martha
2909 928 3132 993 querelis
3157 968 3171 991 ,

1767 1003 1914 1072 Quod
1945 1012 2093 1058 vacet
2119 1005 2324 1072 officio,
2356 1009 2438 1061 cui
2470 1023 2626 1063 verax
2657 1011 2877 1076 arbiter,
2909 1014 3074 1083 inquit

1766 1090 1903 1147 Cura
1933 1092 2063 1159 Dei,
2092 1094 2278 1148 melior
2300 1097 2519 1162 domus,
2543 1107 2596 1151 et
2623 1101 2786 1168 magis
2812 1102 2954 1157 utilis
2980 1104 3073 1158 illi.

2199 1197 2462 1244 CENTUBIO
2496 1201 2562 1238 AD
2600 1201 2876 1242 εωιιετυιι.

1769 1268 1878 1326 lleu
1905 1269 2053 1336 mihi,
2077 1270 2329 1352 salvator,
2353 1274 2541 1327 salvari
2565 1289 2749 1331 servus
2776 1279 2989 1338 anhelat
3017 1296 3033 1334 :

1764 1360 1876 1423 Non
1907 1375 2005 1430 ego
2029 1376 2144 1416 smn
2170 1363 2386 1431 dignus,
2417 1363 2566 1433 cujus
2593 1373 2646 1418 tu
2679 1375 2813 1421 tecta
2839 1364 3118 1437 capessas,

1769 1448 1872 1504 Sed
1903 1449 2065 1505 verbo
2092 1464 2279 1506 sanare
2304 1463 2486 1519 potes,
2517 1466 2636 1509 nam
2675 1456 2871 1510 sufﬁcis
2901 1459 3108 1514 absens.

2114 1553 2178 1589 ιι
2224 1554 2356 1601 Αρυλ
2388 1554 2636 1600 CHRISTUS
2674 1558 2831 1603 VINUI
2869 1561 3040 1604 FACIT.

1698 1645 1740 1702 Β
1837 1624 2053 1693 Insipidi
2083 1626 2345 1694 quondam
2377 1628 2558 1682 latices
2583 1632 2840 1685 elementa
2867 1672 2883 1698 ,
2912 1649 3152 1702 saporem

1768 1715 2059 1784 Flagrantis
2088 1731 2362 1786 sumpsere
2391 1721 2559 1788 meri,
2589 1737 2709 1776 nam
2733 1726 2982 1793 providus
3004 1739 3184 1785 auctor

1765 1806 1977 1859 Munera
2007 1804 2235 1874 laetitiae,
2264 1810 2512 1865 virtutum
2541 1812 2754 1870 exordia
2783 1813 2926 1868 fecit.

1974 1913 1976 1916 ’
2126 1917 2319 1957 ιιυιιειι
2361 1920 2394 1961 Δ
2437 1918 2659 1960 CHHIS'I'O
2695 1921 2955 1970 CUBATUB.

1833 1990 1929 2044 Dat
1957 1990 2200 2045 dextram
2231 1993 2466 2059 miseris,
2499 1994 2860 2064 miseramque
2886 1999 3078 2056 attollit
3114 2000 3280 2060 amice

1745 2081 1929 2145 ‘Quam
1962 2083 2242 2151 longinqua
2273 2083 2354 2136 sui
2370 2094 2665 2138 'curvarant
2695 2088 2918 2142 tormina
2944 2092 3148 2157 morbi,

1764 2169 1940 2239 Surgit
1967 2183 2106 2230 recta
2135 2172 2293 2238 ﬁdes,
2323 2173 2586 2229 credentis
2613 2176 2912 2247 mundaque
2937 2193 3084 2236 mens
3108 2189 3207 2236 est.

2108 2276 2301 2322 IUUER
2331 2277 2363 2316 Δ
2391 2276 2674 2325 Ριιοηυνιο
2710 2279 2967 2330 ειηλτυιι.

1835 2347 1959 2402 Hatc
1994 2347 2182 2401 mulier
2220 2357 2360 2405 tactu
2391 2349 2552 2404 vestis
2580 2351 2747 2408 furata
2777 2355 2999 2410 salutem
3028 2366 3140 2422 est,

1739 2501 1742 2507 ι
1767 2439 2097 2508 Siccavitque
2123 2438 2256 2496 fides
2282 2454 2470 2506 venas,
2498 2441 2818 2512 ﬂuviumque
2847 2447 3142 2513 pudendum
3174 2465 3186 2500 ;

1767 2528 1990 2589 Pulchra
2017 2532 2175 2596 lides,
2207 2533 2288 2587 cui
2315 2534 2396 2587 vis
2423 2534 2644 2602 cogendi
2676 2550 2860 2605 magna
2890 2538 3205 2598 Tonantem.

2047 2634 2298 2678 CHRISTUS
2321 2636 2632 2681 BESUSCITAT
2655 2638 2825 2678 νιυυε
2847 2640 3038 2682 ῖιιιυι.

1836 2707 2088 2764 Mmrebat
2116 2712 2338 2780 genitrit
2371 2714 2548 2780 ignara
2576 2721 2750 2769 mente
2777 2717 3022 2782 cadaver,

1764 2794 1858 2850 Cui
1886 2799 2168 2865 mundique
2196 2799 2464 2854 hominum
2492 2801 2666 2867 salus,
2695 2803 2747 2856 in
2779 2801 2956 2858 limine
2983 2815 3146 2873 portas

1764 2885 1924 2940 Obvia
1946 2902 2063 2940 cum
2090 2888 2268 2953 venit,
2294 2888 2463 2944 luctus
2489 2889 2541 2942 in
2568 2890 2754 2960 gaudia
2782 2893 2959 2950 vertit.

2001 2967 2254 3037 κλαίῃσι
2297 2988 2548 3039 cnutsrus
2584 2994 2738 3033 vmn
2775 2967 2828 3033 in
2854 2996 3074 3037 annona.

1842 3063 2021 3126 Dulcis
2050 3065 2217 3120 honor
2245 3066 2448 3120 Domini
2478 3064 2699 3127 Zachmo
2726 3067 2866 3123 fulsit
2903 3071 3104 3135 amico,

1769 3151 2037 3220 Itajestate
2065 3167 2259 3207 sonans
2291 3170 2306 3208 :
2338 3155 2495 3210 hodie
2517 3155 2644 3209 mihi
2675 3156 2886 3224 proficis
2915 3158 3137 3229 hospes,

1767 3241 1846 3298 Ad
1877 3242 2074 3310 majora
2103 3241 2292 3296 dehinc
2317 3243 2480 3297 ramis
2507 3243 2768 3300 descende
2795 3244 3009 3298 relictis.

2113 3346 2340 3391 LAZAHUS
2377 3349 2408 3386 Δ
2441 3348 2614 3392 ΙΟΙΠἙ
2642 3348 2965 3388 ηενοελτυε.

1838 3422 2067 3476 Lazarus
2095 3423 2179 3478 hic
2206 3422 2395 3477 iterum
2427 3425 2656 3493 projects
2684 3434 2852 3480 morte
2884 3429 3138 3495 resurgit,

1775 3508 1837 3561 Et
1869 3510 2074 3576 pariunt
2100 3510 2302 3565 animas
2336 3520 2531 3566 mutata
2563 3513 2676 3583 lege
2702 3514 2938 3582 sepulcra
2959 3556 2975 3579 ,

1769 3597 1870 3662 Qui
1895 3601 2050 3653 titam
2079 3600 2272 3655 funt-tis
2298 3602 2401 3656 scit
2424 3602 2585 3656 verbo
2608 3602 2859 3668 reddere,
2887 3604 2992 3657 vita
3017 3611 3114 3658 est.

625 3845 632 3850 '
1009 3842 1616 3948 RUSTICI
1691 3853 2435 3969 llELPIDlI
3034 4019 3037 4022 _

378 4029 549 4142 DE
608 4031 1156 4146 CHRISTI
1211 4036 1531 4150 JESU
1600 4041 1861 4159 BEN
1877 4044 2030 4155 EF
2043 4046 2370 4158 ICllS
2426 4048 3020 4162 CARMEN.

176 4283 436 4369 Conditor
462 4311 791 4379 omnipotens
816 4325 1019 4380 rerum,
1050 4329 1196 4373 mens
1223 4319 1371 4375 unica
1393 4323 1583 4381 summi
1618 4323 1622 4328 ’
1677 4330 1728 4390 D
1757 4329 1855 4380 Aut
1885 4324 2053 4403 Patris
2079 4308 2196 4394 plus
2220 4342 2339 4382 8388
2365 4339 2511 4397 potes
2529 4372 2542 4398 ,
2575 4331 2764 4397 quibus
2793 4309 2942 4386 unica
2971 4348 3178 4404 semper

111 4404 175 4460 Et
198 4402 379 4473 proles
404 4409 595 4456 aeterna
621 4401 708 4456 Dei
738 4417 753 4454 :
783 4402 901 4471 quia
930 4403 1090 4474 gloria
1121 4407 1313 4474 Patris,

109 4497 184 4549 Ac
214 4491 378 4548 Verbi
408 4490 656 4545 fecundus
682 4492 868 4558 honor,
893 4507 997 4562 quo
1024 4497 1212 4550 caerula
1242 4501 1385 4566 ponti

111 4581 358 4646 Diﬂudit,
389 4579 626 4634 solidavit
654 4581 898 4642 humum,
931 4585 1198 4651 suspendit
1225 4588 1510 4658 olympum.

109 4672 237 4739 Quae
260 4670 384 4725 loca
399 4669 544 4738 jussa
571 4679 749 4725 tenent
775 4687 789 4724 :
817 4674 973 4726 etiam
997 4673 1251 4743 discordia
1279 4666 1408 4734 fidas

106 4762 441 4815 (Jonservant
467 4760 723 4814 elementa
752 4762 926 4827 vices,
957 4775 1206 4833 paretque
1231 4778 1440 4837 recepto

109 4852 234 4908 Sole
257 4850 412 4915 dies,
440 4849 720 4916 lunamque
744 4849 856 4904 dies
882 4854 1150 4920 patiuntur
1174 4856 1224 4909 in
1258 4868 1405 4912 ortus

108 4942 285 5010 Atque
305 4940 482 4995 obitus
505 4953 741 4994 remeare
769 4955 918 5009 suos,
951 4956 1049 4998 nec
1071 4945 1256 5000 cedere
1279 4945 1380 5001 luci

110 5031 263 5086 Astra
293 5037 486 5098 negant
510 5045 523 5081 :
551 5029 891 5098 propriosque
915 5033 1088 5088 ferunt
1109 5034 1377 5103 ignescere
1402 5051 1587 5093 cursus

109 5119 172 5173 Et
189 5127 440 5173 contenta
469 5119 584 5172 cita:
610 5119 914 5174 decrescere
939 5135 1133 5176 cornua
1159 5123 1309 5178 lunae.

174 5209 290 5264 Hoc
319 5209 482 5262 verbo
506 5223 623 5277 quze
646 5215 783 5261 tanta
810 5208 964 5262 Sator
989 5211 1086 5264 sibi
1109 5227 1263 5281 regna
1291 5217 1509 5284 paravit.

108 5299 180 5352 ‘I‘e
207 5312 428 5367 quoque
448 5312 728 5366 regnorum
755 5301 951 5352 socium
984 5311 1259 5370 natumque
1289 5307 1544 5373 probavit.

106 5390 272 5455 Quem
306 5389 500 5456 pariter
518 5403 752 5443 connexa
773 5398 1024 5457 tremunt,
1049 5407 1354 5463 semperque
1379 5409 1607 5465 paratam

108 5479 207 5534 Ter
231 5477 467 5533 celebrat
484 5478 602 5533 laus
625 5491 799 5535 nostra
824 5481 976 5536 fidem
995 5522 1009 5548 ,
1036 5483 1154 5553 quia
1183 5487 1434 5552 temporis
1455 5501 1644 5554 expers

107 5568 236 5628 Cum
263 5569 513 5628 Genitore
533 5573 686 5630 sedes
713 5589 728 5631 :
757 5574 880 5644 quid
905 5575 1043 5632 enim
1070 5575 1162 5632 tibi
1187 5576 1352 5636 defuit
1376 5594 1603 5648 unquam

1755 4415 1923 4468 Patria
1947 4415 2197 4485 tnajestas
2227 4417 2547 4484 dominatur,
2581 4422 2789 4474 nomina
2821 4425 3074 4489 regnant?

1750 4504 1968 4572 Semper
1992 4507 2134 4559 enim
2162 4508 2308 4560 socio
2335 4509 2477 4561 cultu
2507 4509 2851 4564 celebrandus
2881 4513 3116 4577 habetur,

1748 4596 2007 4664 Spiritus,
2040 4597 2422 4667 imperiumque
2450 4595 2666 4668 gerens,
2698 4601 2839 4670 viget
2869 4618 2967 4656 una
2998 4614 3227 4673 potestas

1749 4687 1876 4761 'l‘am
1904 4699 2080 4758 empto
2098 4702 2254 4758 quam
2279 4690 2379 4743 fine
2406 4704 2593 4745 carens
2613 4731 2628 4754 ,
2659 4691 2901 4760 idemque
2931 4709 3019 4761 per
3045 4711 3226 4750 omnes

1747 4755 1812 4832 Et
1842 4779 2137 4831 communis
2168 4779 2582 4844 honos-merito,
2611 4773 2745 4836 inter
2772 4783 2937 4836 tristia
2969 4793 3121 4841 terra:

1749 4866 1968 4922 Gessisti
2001 4868 2216 4924 cmleste
2244 4870 2435 4934 decus,
2469 4870 2710 4939 dignatus
2739 4883 2982 4940 utrasque

1749 4958 2024 5013 Ostentare
2048 4961 2187 5013 vices
2211 4975 2225 5013 :
2254 4960 2325 5013 nil
2356 4960 2537 5015 matris
2566 4976 2784 5030 corpore
2805 4963 2990 5028 major,

1745 5047 1829 5101 Nil
1862 5049 2031 5103 Patris
2062 5049 2247 5103 virtute
2280 5051 2469 5115 minor,
2506 5050 2768 5120 nunquam
2817 5053 3023 5105 aetheris
3061 5054 3282 5122 absens,

1747 5137 2024 5206 Nunquam
2045 5149 2249 5207 sumpta
2270 5140 2435 5194 semel
2458 5155 2552 5208 pro
2574 5141 2722 5195 nobis
2740 5141 2967 5194 membra
2987 5133 3301 5212 relinquens,

1747 5227 1966 5295 Semper
1999 5230 2192 5298 ubique
2233 5241 2450 5298 potens,
2480 5230 2618 5285 adsis
2649 5246 2850 5299 precor,
2881 5240 2933 5285 et
2960 5247 3072 5286 mea
3101 5233 3291 5287 ductor

1746 5316 1913 5370 Corda
1939 5332 2091 5384 regas
2112 5359 2126 5382 ,
2155 5305 2448 5387 animmque
2475 5321 2726 5376 animost
2747 5321 2929 5388 gaudia
2954 5321 3147 5388 dones,

1745 5407 2062 5475 Expugnare
2090 5408 2225 5462 luem
2256 5410 2497 5463 vitiorum
2528 5416 2581 5462 et
2609 5409 2814 5463 vincere
2843 5410 3052 5466 tandem

1747 5500 1801 5553 Si
1832 5501 1952 5568 quid
1982 5515 2171 5568 pravus
2198 5517 2366 5567 amor,
2397 5501 2443 5557 si
2471 5502 2592 5570 quid
2618 5501 2758 5556 ferus
2785 5502 3010 5569 imperat
3036 5505 3213 5558 ardor.

1745 5588 2006 5658 Quidquid
2042 5597 2193 5660 turpe
2221 5591 2391 5662 loqui,
2421 5591 2666 5661 quidquid
2693 5593 3022 5652 committere
3053 5610 3274 5661 szevum,
