  <div class='ocr_page' id='page_1' title='image "/cluster/home/n/w/nwhite01/storage/ocr_20150623/61-62/uva.x000827102/861.png"; bbox 0 0 3862 6222; ppageno 0'>
   <div class='ocr_carea' id='block_1_1' title="bbox 566 76 665 134">
    <p class='ocr_par' dir='ltr' id='par_1_1' title="bbox 566 76 665 134">
     <span class='ocr_line' id='line_1_1' title="bbox 566 76 665 134; baseline -0.03 0"><span class='ocrx_word' id='word_1_1' title='bbox 566 76 665 134; x_wconf 69' lang='grc' dir='ltr'><strong>6ιῖ</strong></span> 
     </span>
    </p>
   </div>
   <div class='ocr_carea' id='block_1_2' title="bbox 568 273 1836 344">
    <p class='ocr_par' dir='ltr' id='par_1_2' title="bbox 568 273 1836 344">
     <span class='ocr_line' id='line_1_2' title="bbox 568 273 1836 344; baseline -0.001 -16"><span class='ocrx_word' id='word_1_2' title='bbox 568 276 854 344; x_wconf 79' lang='lat' dir='ltr'><strong>Vinclaque</strong></span> <span class='ocrx_word' id='word_1_3' title='bbox 877 275 1138 342; x_wconf 83' lang='lat' dir='ltr'><strong>perpetuis</strong></span> <span class='ocrx_word' id='word_1_4' title='bbox 1167 273 1401 339; x_wconf 86' lang='lat' dir='ltr'><strong>captivet</strong></span> <span class='ocrx_word' id='word_1_5' title='bbox 1425 281 1638 340; x_wconf 91' lang='lat' dir='ltr'><strong>pectora</strong></span> <span class='ocrx_word' id='word_1_6' title='bbox 1668 275 1836 341; x_wconf 63' lang='lat' dir='ltr'><strong>poenis</strong></span> 
     </span>
    </p>
   </div>
   <div class='ocr_carea' id='block_1_3' title="bbox 566 365 2010 435">
    <p class='ocr_par' dir='ltr' id='par_1_3' title="bbox 566 365 2010 435">
     <span class='ocr_line' id='line_1_3' title="bbox 566 365 2010 435; baseline -0.003 -15"><span class='ocrx_word' id='word_1_7' title='bbox 566 367 819 435; x_wconf 90' lang='lat' dir='ltr'><strong>Lapsibus</strong></span> <span class='ocrx_word' id='word_1_8' title='bbox 844 365 1113 431; x_wconf 82' lang='lat' dir='ltr'><strong>indulgens</strong></span> <span class='ocrx_word' id='word_1_9' title='bbox 1136 365 1287 416; x_wconf 88' lang='lat' dir='ltr'><strong>venia</strong></span> <span class='ocrx_word' id='word_1_10' title='bbox 1307 402 1321 428; x_wconf 93' lang='lat'><strong>,</strong></span> <span class='ocrx_word' id='word_1_11' title='bbox 1351 377 1481 431; x_wconf 92' lang='lat' dir='ltr'><strong>quos</strong></span> <span class='ocrx_word' id='word_1_12' title='bbox 1507 365 1705 432; x_wconf 91' lang='lat' dir='ltr'><strong>primus</strong></span> <span class='ocrx_word' id='word_1_13' title='bbox 1727 365 1777 418; x_wconf 90' lang='lat' dir='ltr'><strong>in</strong></span> <span class='ocrx_word' id='word_1_14' title='bbox 1804 377 2010 417; x_wconf 87' lang='lat' dir='ltr'><strong>omnem</strong></span> 
     </span>
    </p>
   </div>
   <div class='ocr_carea' id='block_1_4' title="bbox 565 451 1766 520">
    <p class='ocr_par' dir='ltr' id='par_1_4' title="bbox 565 451 1766 520">
     <span class='ocr_line' id='line_1_4' title="bbox 565 451 1766 520; baseline -0.002 -12"><span class='ocrx_word' id='word_1_15' title='bbox 565 453 820 508; x_wconf 84' lang='lat' dir='ltr'><strong>Servandi</strong></span> <span class='ocrx_word' id='word_1_16' title='bbox 851 452 993 520; x_wconf 81' lang='lat' dir='ltr'><strong>leges</strong></span> <span class='ocrx_word' id='word_1_17' title='bbox 1012 490 1027 516; x_wconf 91' lang='lat'><strong>,</strong></span> <span class='ocrx_word' id='word_1_18' title='bbox 1057 459 1113 506; x_wconf 90' lang='lat' dir='ltr'><strong>et</strong></span> <span class='ocrx_word' id='word_1_19' title='bbox 1140 452 1260 504; x_wconf 73' lang='lat' dir='ltr'><strong>vita:</strong></span> <span class='ocrx_word' id='word_1_20' title='bbox 1287 451 1539 520; x_wconf 81' lang='lat' dir='ltr'><strong>providus</strong></span> <span class='ocrx_word' id='word_1_21' title='bbox 1564 462 1766 516; x_wconf 90' lang='lat' dir='ltr'><strong>auctor,</strong></span> 
     </span>
    </p>
   </div>
   <div class='ocr_carea' id='block_1_5' title="bbox 566 541 1807 609">
    <p class='ocr_par' dir='ltr' id='par_1_5' title="bbox 566 541 1807 609">
     <span class='ocr_line' id='line_1_5' title="bbox 566 541 1807 609; baseline -0.002 -13"><span class='ocrx_word' id='word_1_22' title='bbox 566 543 769 597; x_wconf 86' lang='lat' dir='ltr'><strong>Judicio</strong></span> <span class='ocrx_word' id='word_1_23' title='bbox 794 541 1076 595; x_wconf 90' lang='lat' dir='ltr'><strong>miserante</strong></span> <span class='ocrx_word' id='word_1_24' title='bbox 1106 541 1248 595; x_wconf 83' lang='lat' dir='ltr'><strong>leves</strong></span> <span class='ocrx_word' id='word_1_25' title='bbox 1269 582 1283 604; x_wconf 95' lang='lat'><strong>,</strong></span> <span class='ocrx_word' id='word_1_26' title='bbox 1313 549 1369 594; x_wconf 92' lang='lat' dir='ltr'><strong>ut</strong></span> <span class='ocrx_word' id='word_1_27' title='bbox 1398 541 1574 596; x_wconf 91' lang='lat' dir='ltr'><strong>mitius</strong></span> <span class='ocrx_word' id='word_1_28' title='bbox 1603 555 1762 609; x_wconf 91' lang='lat' dir='ltr'><strong>angar</strong></span> <span class='ocrx_word' id='word_1_29' title='bbox 1794 558 1807 592; x_wconf 91' lang='lat'><strong>:</strong></span> 
     </span>
    </p>
   </div>
   <div class='ocr_carea' id='block_1_6' title="bbox 570 629 1902 698">
    <p class='ocr_par' dir='ltr' id='par_1_6' title="bbox 570 629 1902 698">
     <span class='ocr_line' id='line_1_6' title="bbox 570 629 1902 698; baseline 0.001 -15"><span class='ocrx_word' id='word_1_30' title='bbox 570 631 824 686; x_wconf 88' lang='lat' dir='ltr'><strong>Poeniteat</strong></span> <span class='ocrx_word' id='word_1_31' title='bbox 851 645 1098 697; x_wconf 86' lang='lat' dir='ltr'><strong>peccasse</strong></span> <span class='ocrx_word' id='word_1_32' title='bbox 1126 630 1242 698; x_wconf 84' lang='lat' dir='ltr'><strong>tibi,</strong></span> <span class='ocrx_word' id='word_1_33' title='bbox 1276 639 1329 685; x_wconf 87' lang='lat' dir='ltr'><strong>et</strong></span> <span class='ocrx_word' id='word_1_34' title='bbox 1353 631 1446 683; x_wconf 88' lang='lat' dir='ltr'><strong>tibi</strong></span> <span class='ocrx_word' id='word_1_35' title='bbox 1476 630 1706 698; x_wconf 89' lang='lat' dir='ltr'><strong>corrigar</strong></span> <span class='ocrx_word' id='word_1_36' title='bbox 1731 629 1902 684; x_wconf 84' lang='lat' dir='ltr'><strong>obses.</strong></span> 
     </span>
    </p>
   </div>
   <div class='ocr_carea' id='block_1_7' title="bbox 566 719 1834 788">
    <p class='ocr_par' dir='ltr' id='par_1_7' title="bbox 566 719 1834 788">
     <span class='ocr_line' id='line_1_7' title="bbox 566 719 1834 788; baseline -0.002 -16"><span class='ocrx_word' id='word_1_37' title='bbox 566 719 815 774; x_wconf 91' lang='lat' dir='ltr'><strong>Parcendi</strong></span> <span class='ocrx_word' id='word_1_38' title='bbox 841 719 1070 773; x_wconf 81' lang='lat' dir='ltr'><strong>vindicta</strong></span> <span class='ocrx_word' id='word_1_39' title='bbox 1097 734 1212 773; x_wconf 88' lang='lat' dir='ltr'><strong>reos</strong></span> <span class='ocrx_word' id='word_1_40' title='bbox 1236 733 1364 788; x_wconf 87' lang='lat' dir='ltr'><strong>cape</strong></span> <span class='ocrx_word' id='word_1_41' title='bbox 1379 732 1613 782; x_wconf 90' lang='lat' dir='ltr'><strong>munera,</strong></span> <span class='ocrx_word' id='word_1_42' title='bbox 1638 730 1834 786; x_wconf 70' lang='lat' dir='ltr'><strong>quaeso,</strong></span> 
     </span>
    </p>
   </div>
   <div class='ocr_carea' id='block_1_8' title="bbox 562 809 1855 880">
    <p class='ocr_par' dir='ltr' id='par_1_8' title="bbox 562 809 1855 880">
     <span class='ocr_line' id='line_1_8' title="bbox 562 809 1855 880; baseline -0.003 -17"><span class='ocrx_word' id='word_1_43' title='bbox 562 811 680 863; x_wconf 87' lang='lat' dir='ltr'><strong>Oris</strong></span> <span class='ocrx_word' id='word_1_44' title='bbox 707 825 872 878; x_wconf 92' lang='lat' dir='ltr'><strong>egena</strong></span> <span class='ocrx_word' id='word_1_45' title='bbox 901 811 1035 877; x_wconf 91' lang='lat' dir='ltr'><strong>mei,</strong></span> <span class='ocrx_word' id='word_1_46' title='bbox 1069 812 1140 864; x_wconf 93' lang='lat' dir='ltr'><strong>nil</strong></span> <span class='ocrx_word' id='word_1_47' title='bbox 1172 812 1383 880; x_wconf 88' lang='lat' dir='ltr'><strong>dignum</strong></span> <span class='ocrx_word' id='word_1_48' title='bbox 1414 809 1563 863; x_wconf 90' lang='lat' dir='ltr'><strong>laude</strong></span> <span class='ocrx_word' id='word_1_49' title='bbox 1589 809 1855 874; x_wconf 87' lang='lat' dir='ltr'><strong>canentis,</strong></span> 
     </span>
    </p>
   </div>
   <div class='ocr_carea' id='block_1_9' title="bbox 566 897 1994 968">
    <p class='ocr_par' dir='ltr' id='par_1_9' title="bbox 566 897 1994 968">
     <span class='ocr_line' id='line_1_9' title="bbox 566 897 1994 968; baseline -0.001 -17"><span class='ocrx_word' id='word_1_50' title='bbox 566 899 694 952; x_wconf 90' lang='lat' dir='ltr'><strong>Vota</strong></span> <span class='ocrx_word' id='word_1_51' title='bbox 723 900 888 968; x_wconf 89' lang='lat' dir='ltr'><strong>magis</strong></span> <span class='ocrx_word' id='word_1_52' title='bbox 915 915 1068 966; x_wconf 90' lang='lat' dir='ltr'><strong>quam</strong></span> <span class='ocrx_word' id='word_1_53' title='bbox 1101 902 1235 954; x_wconf 90' lang='lat' dir='ltr'><strong>dona</strong></span> <span class='ocrx_word' id='word_1_54' title='bbox 1265 900 1452 968; x_wconf 87' lang='lat' dir='ltr'><strong>probes</strong></span> <span class='ocrx_word' id='word_1_55' title='bbox 1471 938 1486 963; x_wconf 92' lang='lat'><strong>,</strong></span> <span class='ocrx_word' id='word_1_56' title='bbox 1518 912 1614 950; x_wconf 91' lang='lat' dir='ltr'><strong>nec</strong></span> <span class='ocrx_word' id='word_1_57' title='bbox 1639 897 1842 949; x_wconf 85' lang='lat' dir='ltr'><strong>vatibus</strong></span> <span class='ocrx_word' id='word_1_58' title='bbox 1869 899 1994 951; x_wconf 90' lang='lat' dir='ltr'><strong>istas</strong></span> 
     </span>
    </p>
   </div>
   <div class='ocr_carea' id='block_1_10' title="bbox 563 984 1810 1052">
    <p class='ocr_par' dir='ltr' id='par_1_10' title="bbox 563 984 1810 1052">
     <span class='ocr_line' id='line_1_10' title="bbox 563 984 1810 1052; baseline 0 -15"><span class='ocrx_word' id='word_1_59' title='bbox 563 988 928 1052; x_wconf 83' lang='lat' dir='ltr'><strong>Annumeres,</strong></span> <span class='ocrx_word' id='word_1_60' title='bbox 962 986 1103 1040; x_wconf 82' lang='lat' dir='ltr'><strong>fandi</strong></span> <span class='ocrx_word' id='word_1_61' title='bbox 1131 989 1310 1040; x_wconf 90' lang='lat' dir='ltr'><strong>doctas</strong></span> <span class='ocrx_word' id='word_1_62' title='bbox 1339 984 1608 1039; x_wconf 90' lang='lat' dir='ltr'><strong>erroribus</strong></span> <span class='ocrx_word' id='word_1_63' title='bbox 1637 992 1776 1037; x_wconf 88' lang='lat' dir='ltr'><strong>artes</strong></span> <span class='ocrx_word' id='word_1_64' title='bbox 1796 1023 1810 1048; x_wconf 91' lang='lat'><strong>,</strong></span> 
     </span>
    </p>
   </div>
   <div class='ocr_carea' id='block_1_11' title="bbox 562 1073 1897 1147">
    <p class='ocr_par' dir='ltr' id='par_1_11' title="bbox 562 1073 1897 1147">
     <span class='ocr_line' id='line_1_11' title="bbox 562 1073 1897 1147; baseline -0.002 -17"><span class='ocrx_word' id='word_1_65' title='bbox 562 1078 706 1143; x_wconf 89' lang='lat' dir='ltr'><strong>Quas</strong></span> <span class='ocrx_word' id='word_1_66' title='bbox 734 1078 1052 1147; x_wconf 69' lang='lat' dir='ltr'><strong>Aganippeae</strong></span> <span class='ocrx_word' id='word_1_67' title='bbox 1081 1077 1405 1133; x_wconf 90' lang='lat' dir='ltr'><strong>Permessius</strong></span> <span class='ocrx_word' id='word_1_68' title='bbox 1435 1073 1609 1126; x_wconf 86' lang='lat' dir='ltr'><strong>accola</strong></span> <span class='ocrx_word' id='word_1_69' title='bbox 1639 1073 1897 1141; x_wconf 71' lang='lat' dir='ltr'><strong>lymphae,</strong></span> 
     </span>
    </p>
   </div>
   <div class='ocr_carea' id='block_1_12' title="bbox 565 1162 1792 1230">
    <p class='ocr_par' dir='ltr' id='par_1_12' title="bbox 565 1162 1792 1230">
     <span class='ocr_line' id='line_1_12' title="bbox 565 1162 1792 1230; baseline -0.004 -9"><span class='ocrx_word' id='word_1_70' title='bbox 565 1168 764 1222; x_wconf 86' lang='lat' dir='ltr'><strong>Hausto</strong></span> <span class='ocrx_word' id='word_1_71' title='bbox 792 1167 936 1222; x_wconf 90' lang='lat' dir='ltr'><strong>fonte</strong></span> <span class='ocrx_word' id='word_1_72' title='bbox 963 1168 1136 1230; x_wconf 90' lang='lat' dir='ltr'><strong>ciens,</strong></span> <span class='ocrx_word' id='word_1_73' title='bbox 1170 1179 1299 1218; x_wconf 91' lang='lat' dir='ltr'><strong>vana</strong></span> <span class='ocrx_word' id='word_1_74' title='bbox 1324 1162 1599 1218; x_wconf 87' lang='lat' dir='ltr'><strong>dulcedine</strong></span> <span class='ocrx_word' id='word_1_75' title='bbox 1625 1171 1792 1229; x_wconf 64' lang='lat' dir='ltr'><strong>captae</strong></span> 
     </span>
    </p>
   </div>
   <div class='ocr_carea' id='block_1_13' title="bbox 566 1253 1816 1322">
    <p class='ocr_par' dir='ltr' id='par_1_13' title="bbox 566 1253 1816 1322">
     <span class='ocr_line' id='line_1_13' title="bbox 566 1253 1816 1322; baseline -0.007 -9"><span class='ocrx_word' id='word_1_76' title='bbox 566 1258 758 1313; x_wconf 89' lang='lat' dir='ltr'><strong>Pabula</strong></span> <span class='ocrx_word' id='word_1_77' title='bbox 781 1256 970 1310; x_wconf 90' lang='lat' dir='ltr'><strong>mentis</strong></span> <span class='ocrx_word' id='word_1_78' title='bbox 995 1256 1147 1310; x_wconf 88' lang='lat' dir='ltr'><strong>habet</strong></span> <span class='ocrx_word' id='word_1_79' title='bbox 1173 1269 1392 1322; x_wconf 85' lang='lat' dir='ltr'><strong>seseque</strong></span> <span class='ocrx_word' id='word_1_80' title='bbox 1422 1253 1648 1306; x_wconf 88' lang='lat' dir='ltr'><strong>oblectat</strong></span> <span class='ocrx_word' id='word_1_81' title='bbox 1677 1253 1816 1306; x_wconf 89' lang='lat' dir='ltr'><strong>inani</strong></span> 
     </span>
    </p>
   </div>
   <div class='ocr_carea' id='block_1_14' title="bbox 564 1342 1944 1413">
    <p class='ocr_par' dir='ltr' id='par_1_14' title="bbox 564 1342 1944 1413">
     <span class='ocr_line' id='line_1_14' title="bbox 564 1342 1944 1413; baseline -0.001 -13"><span class='ocrx_word' id='word_1_82' title='bbox 564 1346 856 1411; x_wconf 80' lang='lat' dir='ltr'><strong>Murmure,</strong></span> <span class='ocrx_word' id='word_1_83' title='bbox 895 1359 998 1413; x_wconf 91' lang='lat' dir='ltr'><strong>quo</strong></span> <span class='ocrx_word' id='word_1_84' title='bbox 1029 1344 1204 1401; x_wconf 88' lang='lat' dir='ltr'><strong>blandi</strong></span> <span class='ocrx_word' id='word_1_85' title='bbox 1232 1345 1301 1397; x_wconf 88' lang='lat' dir='ltr'><strong>sit</strong></span> <span class='ocrx_word' id='word_1_86' title='bbox 1328 1342 1529 1412; x_wconf 88' lang='lat' dir='ltr'><strong>pollens</strong></span> <span class='ocrx_word' id='word_1_87' title='bbox 1557 1343 1804 1396; x_wconf 90' lang='lat' dir='ltr'><strong>carminis</strong></span> <span class='ocrx_word' id='word_1_88' title='bbox 1832 1357 1944 1398; x_wconf 91' lang='lat' dir='ltr'><strong>ore.</strong></span> 
     </span>
    </p>
   </div>
   <div class='ocr_carea' id='block_1_15' title="bbox 635 1416 1954 1502">
    <p class='ocr_par' dir='ltr' id='par_1_15' title="bbox 635 1416 1954 1502">
     <span class='ocr_line' id='line_1_15' title="bbox 635 1416 1954 1502; baseline -0.003 -13"><span class='ocrx_word' id='word_1_89' title='bbox 635 1435 767 1489; x_wconf 81' lang='lat' dir='ltr'><strong>Hinc</strong></span> <span class='ocrx_word' id='word_1_90' title='bbox 794 1435 950 1489; x_wconf 88' lang='lat' dir='ltr'><strong>etiam</strong></span> <span class='ocrx_word' id='word_1_91' title='bbox 983 1416 1162 1488; x_wconf 81' lang='lat' dir='ltr'><strong>nostro</strong></span> <span class='ocrx_word' id='word_1_92' title='bbox 1192 1442 1380 1502; x_wconf 89' lang='lat' dir='ltr'><strong>nugata</strong></span> <span class='ocrx_word' id='word_1_93' title='bbox 1405 1441 1486 1486; x_wconf 91' lang='lat' dir='ltr'><strong>est</strong></span> <span class='ocrx_word' id='word_1_94' title='bbox 1510 1433 1723 1494; x_wconf 84' lang='lat' dir='ltr'><strong>schema</strong></span> <span class='ocrx_word' id='word_1_95' title='bbox 1753 1432 1921 1486; x_wconf 92' lang='lat' dir='ltr'><strong>dolori</strong></span> <span class='ocrx_word' id='word_1_96' title='bbox 1941 1472 1954 1498; x_wconf 95' lang='lat'><strong>,</strong></span> 
     </span>
    </p>
   </div>
   <div class='ocr_carea' id='block_1_16' title="bbox 565 1521 1861 1593">
    <p class='ocr_par' dir='ltr' id='par_1_16' title="bbox 565 1521 1861 1593">
     <span class='ocr_line' id='line_1_16' title="bbox 565 1521 1861 1593; baseline 0.001 -17"><span class='ocrx_word' id='word_1_97' title='bbox 565 1521 785 1577; x_wconf 88' lang='lat' dir='ltr'><strong>Garrula</strong></span> <span class='ocrx_word' id='word_1_98' title='bbox 812 1522 1079 1582; x_wconf 86' lang='lat' dir='ltr'><strong>mendosis</strong></span> <span class='ocrx_word' id='word_1_99' title='bbox 1109 1522 1309 1591; x_wconf 87' lang='lat' dir='ltr'><strong>fingens</strong></span> <span class='ocrx_word' id='word_1_100' title='bbox 1336 1533 1653 1593; x_wconf 87' lang='lat' dir='ltr'><strong>satyromata</strong></span> <span class='ocrx_word' id='word_1_101' title='bbox 1681 1523 1861 1580; x_wconf 83' lang='lat' dir='ltr'><strong>Musis.</strong></span> 
     </span>
    </p>
   </div>
   <div class='ocr_carea' id='block_1_17' title="bbox 565 1612 1910 1684">
    <p class='ocr_par' dir='ltr' id='par_1_17' title="bbox 565 1612 1910 1684">
     <span class='ocr_line' id='line_1_17' title="bbox 565 1612 1910 1684; baseline 0.001 -18"><span class='ocrx_word' id='word_1_102' title='bbox 565 1613 796 1668; x_wconf 86' lang='lat' dir='ltr'><strong>Falleret</strong></span> <span class='ocrx_word' id='word_1_103' title='bbox 821 1621 878 1667; x_wconf 86' lang='lat' dir='ltr'><strong>ut</strong></span> <span class='ocrx_word' id='word_1_104' title='bbox 907 1612 1138 1682; x_wconf 89' lang='lat' dir='ltr'><strong>trepidos</strong></span> <span class='ocrx_word' id='word_1_105' title='bbox 1167 1614 1423 1678; x_wconf 72' lang='lat' dir='ltr'><strong>cantatrix</strong></span> <span class='ocrx_word' id='word_1_106' title='bbox 1453 1614 1637 1682; x_wconf 90' lang='lat' dir='ltr'><strong>pagina</strong></span> <span class='ocrx_word' id='word_1_107' title='bbox 1666 1622 1910 1684; x_wconf 89' lang='lat' dir='ltr'><strong>questus,</strong></span> 
     </span>
    </p>
   </div>
   <div class='ocr_carea' id='block_1_18' title="bbox 566 1702 1979 1770">
    <p class='ocr_par' dir='ltr' id='par_1_18' title="bbox 566 1702 1979 1770">
     <span class='ocr_line' id='line_1_18' title="bbox 566 1702 1979 1770; baseline 0.001 -15"><span class='ocrx_word' id='word_1_108' title='bbox 566 1703 634 1755; x_wconf 85' lang='lat' dir='ltr'><strong>At</strong></span> <span class='ocrx_word' id='word_1_109' title='bbox 655 1702 746 1756; x_wconf 88' lang='lat' dir='ltr'><strong>tibi</strong></span> <span class='ocrx_word' id='word_1_110' title='bbox 769 1717 916 1756; x_wconf 89' lang='lat' dir='ltr'><strong>mens</strong></span> <span class='ocrx_word' id='word_1_111' title='bbox 943 1702 1182 1756; x_wconf 69' lang='lat' dir='ltr'><strong>centessa</strong></span> <span class='ocrx_word' id='word_1_112' title='bbox 1208 1711 1377 1770; x_wconf 89' lang='lat' dir='ltr'><strong>patet,</strong></span> <span class='ocrx_word' id='word_1_113' title='bbox 1408 1703 1501 1755; x_wconf 90' lang='lat' dir='ltr'><strong>tibi</strong></span> <span class='ocrx_word' id='word_1_114' title='bbox 1529 1703 1697 1757; x_wconf 88' lang='lat' dir='ltr'><strong>fundit</strong></span> <span class='ocrx_word' id='word_1_115' title='bbox 1724 1702 1979 1757; x_wconf 85' lang='lat' dir='ltr'><strong>anhelans</strong></span> 
     </span>
    </p>
   </div>
   <div class='ocr_carea' id='block_1_19' title="bbox 565 1790 1870 1860">
    <p class='ocr_par' dir='ltr' id='par_1_19' title="bbox 565 1790 1870 1860">
     <span class='ocr_line' id='line_1_19' title="bbox 565 1790 1870 1860; baseline 0 -16"><span class='ocrx_word' id='word_1_116' title='bbox 565 1791 715 1844; x_wconf 89' lang='lat' dir='ltr'><strong>Seria</strong></span> <span class='ocrx_word' id='word_1_117' title='bbox 747 1790 919 1860; x_wconf 90' lang='lat' dir='ltr'><strong>lingua</strong></span> <span class='ocrx_word' id='word_1_118' title='bbox 950 1805 1166 1858; x_wconf 87' lang='lat' dir='ltr'><strong>preces,</strong></span> <span class='ocrx_word' id='word_1_119' title='bbox 1197 1799 1249 1844; x_wconf 93' lang='lat' dir='ltr'><strong>et</strong></span> <span class='ocrx_word' id='word_1_120' title='bbox 1276 1790 1449 1844; x_wconf 89' lang='lat' dir='ltr'><strong>sobria</strong></span> <span class='ocrx_word' id='word_1_121' title='bbox 1476 1791 1633 1844; x_wconf 87' lang='lat' dir='ltr'><strong>verba</strong></span> <span class='ocrx_word' id='word_1_122' title='bbox 1663 1792 1870 1860; x_wconf 88' lang='lat' dir='ltr'><strong>fatigat,</strong></span> 
     </span>
    </p>
   </div>
   <div class='ocr_carea' id='block_1_20' title="bbox 565 1880 1968 1950">
    <p class='ocr_par' dir='ltr' id='par_1_20' title="bbox 565 1880 1968 1950">
     <span class='ocr_line' id='line_1_20' title="bbox 565 1880 1968 1950; baseline 0.001 -16"><span class='ocrx_word' id='word_1_123' title='bbox 565 1880 643 1940; x_wconf 79' lang='lat' dir='ltr'><strong>Tu</strong></span> <span class='ocrx_word' id='word_1_124' title='bbox 676 1881 962 1944; x_wconf 89' lang='lat' dir='ltr'><strong>Dominus,</strong></span> <span class='ocrx_word' id='word_1_125' title='bbox 995 1891 1047 1934; x_wconf 94' lang='lat' dir='ltr'><strong>tu</strong></span> <span class='ocrx_word' id='word_1_126' title='bbox 1080 1895 1235 1934; x_wconf 84' lang='lat' dir='ltr'><strong>verus</strong></span> <span class='ocrx_word' id='word_1_127' title='bbox 1266 1880 1433 1934; x_wconf 91' lang='lat' dir='ltr'><strong>honos</strong></span> <span class='ocrx_word' id='word_1_128' title='bbox 1464 1895 1527 1934; x_wconf 91' lang='lat' dir='ltr'><strong>ac</strong></span> <span class='ocrx_word' id='word_1_129' title='bbox 1553 1881 1718 1949; x_wconf 82' lang='lat' dir='ltr'><strong>gloria</strong></span> <span class='ocrx_word' id='word_1_130' title='bbox 1750 1895 1968 1950; x_wconf 88' lang='lat' dir='ltr'><strong>perpes,</strong></span> 
     </span>
    </p>
   </div>
   <div class='ocr_carea' id='block_1_21' title="bbox 566 1970 1974 2039">
    <p class='ocr_par' dir='ltr' id='par_1_21' title="bbox 566 1970 1974 2039">
     <span class='ocr_line' id='line_1_21' title="bbox 566 1970 1974 2039; baseline 0.001 -16"><span class='ocrx_word' id='word_1_131' title='bbox 566 1973 739 2037; x_wconf 88' lang='lat' dir='ltr'><strong>Atque</strong></span> <span class='ocrx_word' id='word_1_132' title='bbox 771 1970 940 2039; x_wconf 88' lang='lat' dir='ltr'><strong>epifex</strong></span> <span class='ocrx_word' id='word_1_133' title='bbox 971 1985 1145 2024; x_wconf 84' lang='lat' dir='ltr'><strong>rerum</strong></span> <span class='ocrx_word' id='word_1_134' title='bbox 1165 2010 1178 2034; x_wconf 92' lang='lat'><strong>,</strong></span> <span class='ocrx_word' id='word_1_135' title='bbox 1213 1979 1266 2023; x_wconf 92' lang='lat' dir='ltr'><strong>tu</strong></span> <span class='ocrx_word' id='word_1_136' title='bbox 1294 1983 1414 2036; x_wconf 91' lang='lat' dir='ltr'><strong>spes</strong></span> <span class='ocrx_word' id='word_1_137' title='bbox 1443 1970 1715 2025; x_wconf 88' lang='lat' dir='ltr'><strong>manifesta</strong></span> <span class='ocrx_word' id='word_1_138' title='bbox 1745 1971 1974 2025; x_wconf 65' lang='lat' dir='ltr'><strong>reducta:</strong></span> 
     </span>
    </p>
   </div>
   <div class='ocr_carea' id='block_1_22' title="bbox 568 2059 1988 2127">
    <p class='ocr_par' dir='ltr' id='par_1_22' title="bbox 568 2059 1988 2127">
     <span class='ocr_line' id='line_1_22' title="bbox 568 2059 1988 2127; baseline 0.003 -17"><span class='ocrx_word' id='word_1_139' title='bbox 568 2059 983 2127; x_wconf 78' lang='lat' dir='ltr'><strong>Exemplumque</strong></span> <span class='ocrx_word' id='word_1_140' title='bbox 1007 2072 1167 2127; x_wconf 82' lang='lat' dir='ltr'><strong>capax</strong></span> <span class='ocrx_word' id='word_1_141' title='bbox 1196 2059 1383 2112; x_wconf 67' lang='lat' dir='ltr'><strong>animae</strong></span> <span class='ocrx_word' id='word_1_142' title='bbox 1409 2074 1427 2115; x_wconf 88' lang='lat'><strong>:</strong></span> <span class='ocrx_word' id='word_1_143' title='bbox 1463 2069 1513 2112; x_wconf 93' lang='lat' dir='ltr'><strong>tu</strong></span> <span class='ocrx_word' id='word_1_144' title='bbox 1543 2062 1709 2113; x_wconf 87' lang='lat' dir='ltr'><strong>victor</strong></span> <span class='ocrx_word' id='word_1_145' title='bbox 1733 2068 1787 2114; x_wconf 90' lang='lat' dir='ltr'><strong>et</strong></span> <span class='ocrx_word' id='word_1_146' title='bbox 1817 2059 1988 2115; x_wconf 76' lang='lat' dir='ltr'><strong>haeres</strong></span> 
     </span>
    </p>
   </div>
   <div class='ocr_carea' id='block_1_23' title="bbox 564 2143 2050 2217">
    <p class='ocr_par' dir='ltr' id='par_1_23' title="bbox 564 2143 2050 2217">
     <span class='ocr_line' id='line_1_23' title="bbox 564 2143 2050 2217; baseline 0.004 -18"><span class='ocrx_word' id='word_1_147' title='bbox 564 2143 814 2214; x_wconf 89' lang='lat' dir='ltr'><strong>Corporis</strong></span> <span class='ocrx_word' id='word_1_148' title='bbox 836 2145 1070 2211; x_wconf 91' lang='lat' dir='ltr'><strong>occidui,</strong></span> <span class='ocrx_word' id='word_1_149' title='bbox 1103 2157 1221 2217; x_wconf 87' lang='lat' dir='ltr'><strong>post</strong></span> <span class='ocrx_word' id='word_1_150' title='bbox 1242 2146 1380 2203; x_wconf 88' lang='lat' dir='ltr'><strong>ide&#39;m</strong></span> <span class='ocrx_word' id='word_1_151' title='bbox 1407 2157 1461 2202; x_wconf 90' lang='lat' dir='ltr'><strong>et</strong></span> <span class='ocrx_word' id='word_1_152' title='bbox 1491 2149 1724 2204; x_wconf 90' lang='lat' dir='ltr'><strong>membra</strong></span> <span class='ocrx_word' id='word_1_153' title='bbox 1747 2159 2013 2217; x_wconf 86' lang='lat' dir='ltr'><strong>superstes</strong></span> <span class='ocrx_word' id='word_1_154' title='bbox 2035 2190 2050 2213; x_wconf 91' lang='lat'><strong>,</strong></span> 
     </span>
    </p>
   </div>
   <div class='ocr_carea' id='block_1_24' title="bbox 571 2235 1846 2304">
    <p class='ocr_par' dir='ltr' id='par_1_24' title="bbox 571 2235 1846 2304">
     <span class='ocr_line' id='line_1_24' title="bbox 571 2235 1846 2304; baseline 0.002 -15"><span class='ocrx_word' id='word_1_155' title='bbox 571 2236 694 2289; x_wconf 86' lang='lat' dir='ltr'><strong>Post</strong></span> <span class='ocrx_word' id='word_1_156' title='bbox 721 2235 923 2289; x_wconf 83' lang='lat' dir='ltr'><strong>inferna</strong></span> <span class='ocrx_word' id='word_1_157' title='bbox 955 2235 1092 2292; x_wconf 88' lang='lat' dir='ltr'><strong>Deus</strong></span> <span class='ocrx_word' id='word_1_158' title='bbox 1112 2276 1126 2301; x_wconf 94' lang='lat'><strong>,</strong></span> <span class='ocrx_word' id='word_1_159' title='bbox 1166 2245 1220 2290; x_wconf 86' lang='lat' dir='ltr'><strong>et</strong></span> <span class='ocrx_word' id='word_1_160' title='bbox 1262 2247 1377 2304; x_wconf 85' lang='lat' dir='ltr'><strong>post</strong></span> <span class='ocrx_word' id='word_1_161' title='bbox 1408 2238 1646 2291; x_wconf 87' lang='lat' dir='ltr'><strong>mortalia</strong></span> <span class='ocrx_word' id='word_1_162' title='bbox 1676 2238 1846 2291; x_wconf 86' lang='lat' dir='ltr'><strong>vivus.</strong></span> 
     </span>
    </p>
   </div>
   <div class='ocr_carea' id='block_1_25' title="bbox 569 2329 1877 2407">
    <p class='ocr_par' dir='ltr' id='par_1_25' title="bbox 569 2329 1877 2407">
     <span class='ocr_line' id='line_1_25' title="bbox 569 2329 1877 2407; baseline -0.003 -22"><span class='ocrx_word' id='word_1_163' title='bbox 569 2330 648 2385; x_wconf 80' lang='lat' dir='ltr'><strong>Tu</strong></span> <span class='ocrx_word' id='word_1_164' title='bbox 678 2329 852 2407; x_wconf 87' lang='lat' dir='ltr'><strong>divina</strong></span> <span class='ocrx_word' id='word_1_165' title='bbox 882 2331 1054 2396; x_wconf 89' lang='lat' dir='ltr'><strong>salus,</strong></span> <span class='ocrx_word' id='word_1_166' title='bbox 1085 2331 1334 2399; x_wconf 78' lang='lat' dir='ltr'><strong>strepitus</strong></span> <span class='ocrx_word' id='word_1_167' title='bbox 1362 2331 1640 2384; x_wconf 88' lang='lat' dir='ltr'><strong>miseratus</strong></span> <span class='ocrx_word' id='word_1_168' title='bbox 1668 2343 1877 2386; x_wconf 84' lang='lat' dir='ltr'><strong>amaros</strong></span> 
     </span>
    </p>
   </div>
   <div class='ocr_carea' id='block_1_26' title="bbox 573 2412 1890 2491">
    <p class='ocr_par' dir='ltr' id='par_1_26' title="bbox 573 2412 1890 2491">
     <span class='ocr_line' id='line_1_26' title="bbox 573 2412 1890 2491; baseline 0.002 -18"><span class='ocrx_word' id='word_1_169' title='bbox 573 2423 648 2474; x_wconf 81' lang='lat' dir='ltr'><strong>Ac</strong></span> <span class='ocrx_word' id='word_1_170' title='bbox 667 2412 889 2490; x_wconf 17' lang='lat' dir='ltr'><strong>‘m0rbos</strong></span> <span class='ocrx_word' id='word_1_171' title='bbox 919 2420 1183 2489; x_wconf 88' lang='lat' dir='ltr'><strong>furiasque</strong></span> <span class='ocrx_word' id='word_1_172' title='bbox 1211 2420 1426 2484; x_wconf 90' lang='lat' dir='ltr'><strong>dolens,</strong></span> <span class='ocrx_word' id='word_1_173' title='bbox 1455 2429 1509 2491; x_wconf 75' lang='lat' dir='ltr'><strong>et</strong></span> <span class='ocrx_word' id='word_1_174' title='bbox 1534 2419 1751 2474; x_wconf 91' lang='lat' dir='ltr'><strong>crimina</strong></span> <span class='ocrx_word' id='word_1_175' title='bbox 1778 2421 1890 2475; x_wconf 70' lang='grc' dir='ltr'><strong>ιαξεί</strong></span> 
     </span>
    </p>
   </div>
   <div class='ocr_carea' id='block_1_27' title="bbox 574 2509 1982 2579">
    <p class='ocr_par' dir='ltr' id='par_1_27' title="bbox 574 2509 1982 2579">
     <span class='ocr_line' id='line_1_27' title="bbox 574 2509 1982 2579; baseline -0.001 -14"><span class='ocrx_word' id='word_1_176' title='bbox 574 2509 886 2579; x_wconf 85' lang='lat' dir='ltr'><strong>Sanguinis,</strong></span> <span class='ocrx_word' id='word_1_177' title='bbox 919 2511 972 2567; x_wconf 89' lang='lat' dir='ltr'><strong>in</strong></span> <span class='ocrx_word' id='word_1_178' title='bbox 1005 2521 1212 2564; x_wconf 90' lang='lat' dir='ltr'><strong>nostros</strong></span> <span class='ocrx_word' id='word_1_179' title='bbox 1242 2524 1426 2578; x_wconf 89' lang='lat' dir='ltr'><strong>passus</strong></span> <span class='ocrx_word' id='word_1_180' title='bbox 1456 2509 1776 2564; x_wconf 89' lang='lat' dir='ltr'><strong>descendere</strong></span> <span class='ocrx_word' id='word_1_181' title='bbox 1805 2511 1946 2563; x_wconf 89' lang='lat' dir='ltr'><strong>visus</strong></span> <span class='ocrx_word' id='word_1_182' title='bbox 1965 2549 1982 2574; x_wconf 92' lang='lat'><strong>,</strong></span> 
     </span>
    </p>
   </div>
   <div class='ocr_carea' id='block_1_28' title="bbox 575 2598 1982 2677">
    <p class='ocr_par' dir='ltr' id='par_1_28' title="bbox 575 2598 1982 2677">
     <span class='ocr_line' id='line_1_28' title="bbox 575 2598 1982 2677; baseline -0.002 -22"><span class='ocrx_word' id='word_1_183' title='bbox 575 2601 745 2665; x_wconf 76' lang='lat' dir='ltr'><strong>Atque</strong></span> <span class='ocrx_word' id='word_1_184' title='bbox 775 2599 1038 2677; x_wconf 76' lang='lat' dir='ltr'><strong>hominem</strong></span> <span class='ocrx_word' id='word_1_185' title='bbox 1065 2599 1286 2677; x_wconf 85' lang='lat' dir='ltr'><strong>miscere</strong></span> <span class='ocrx_word' id='word_1_186' title='bbox 1317 2599 1454 2664; x_wconf 91' lang='lat' dir='ltr'><strong>Deo,</strong></span> <span class='ocrx_word' id='word_1_187' title='bbox 1483 2614 1604 2655; x_wconf 87' lang='lat' dir='ltr'><strong>mox</strong></span> <span class='ocrx_word' id='word_1_188' title='bbox 1634 2599 1846 2652; x_wconf 90' lang='lat' dir='ltr'><strong>conscia</strong></span> <span class='ocrx_word' id='word_1_189' title='bbox 1871 2598 1982 2653; x_wconf 90' lang='lat' dir='ltr'><strong>veri</strong></span> 
     </span>
    </p>
   </div>
   <div class='ocr_carea' id='block_1_29' title="bbox 577 2675 1950 2765">
    <p class='ocr_par' dir='ltr' id='par_1_29' title="bbox 577 2675 1950 2765">
     <span class='ocr_line' id='line_1_29' title="bbox 577 2675 1950 2765; baseline 0.001 -24"><span class='ocrx_word' id='word_1_190' title='bbox 577 2675 823 2741; x_wconf 77' lang='lat' dir='ltr'><strong>Exhibuit</strong></span> <span class='ocrx_word' id='word_1_191' title='bbox 848 2675 1160 2765; x_wconf 82' lang='lat' dir='ltr'><strong>documenta</strong></span> <span class='ocrx_word' id='word_1_192' title='bbox 1187 2687 1320 2741; x_wconf 82' lang='lat' dir='ltr'><strong>fides</strong></span> <span class='ocrx_word' id='word_1_193' title='bbox 1341 2728 1356 2754; x_wconf 89' lang='lat'><strong>,</strong></span> <span class='ocrx_word' id='word_1_194' title='bbox 1382 2687 1735 2756; x_wconf 67' lang='lat' dir='ltr'><strong>prmdictaque</strong></span> <span class='ocrx_word' id='word_1_195' title='bbox 1760 2688 1950 2756; x_wconf 81' lang='lat' dir='ltr'><strong>priscis</strong></span> 
     </span>
    </p>
   </div>
   <div class='ocr_carea' id='block_1_30' title="bbox 575 2777 1913 2847">
    <p class='ocr_par' dir='ltr' id='par_1_30' title="bbox 575 2777 1913 2847">
     <span class='ocr_line' id='line_1_30' title="bbox 575 2777 1913 2847; baseline -0.001 -13"><span class='ocrx_word' id='word_1_196' title='bbox 575 2777 953 2845; x_wconf 83' lang='lat' dir='ltr'><strong>Temporibus,</strong></span> <span class='ocrx_word' id='word_1_197' title='bbox 983 2781 1181 2847; x_wconf 89' lang='lat' dir='ltr'><strong>stupuit</strong></span> <span class='ocrx_word' id='word_1_198' title='bbox 1206 2779 1456 2832; x_wconf 89' lang='lat' dir='ltr'><strong>miracula</strong></span> <span class='ocrx_word' id='word_1_199' title='bbox 1487 2778 1726 2835; x_wconf 91' lang='lat' dir='ltr'><strong>subditus</strong></span> <span class='ocrx_word' id='word_1_200' title='bbox 1749 2779 1913 2834; x_wconf 87' lang='lat' dir='ltr'><strong>orbis.</strong></span> 
     </span>
    </p>
   </div>
   <div class='ocr_carea' id='block_1_31' title="bbox 575 2859 1952 2936">
    <p class='ocr_par' dir='ltr' id='par_1_31' title="bbox 575 2859 1952 2936">
     <span class='ocr_line' id='line_1_31' title="bbox 575 2859 1952 2936; baseline -0.001 -11"><span class='ocrx_word' id='word_1_201' title='bbox 575 2866 642 2925; x_wconf 81' lang='lat' dir='ltr'><strong>Et</strong></span> <span class='ocrx_word' id='word_1_202' title='bbox 668 2867 749 2922; x_wconf 91' lang='lat' dir='ltr'><strong>cui</strong></span> <span class='ocrx_word' id='word_1_203' title='bbox 780 2859 922 2921; x_wconf 86' lang='lat' dir='ltr'><strong>terra</strong></span> <span class='ocrx_word' id='word_1_204' title='bbox 948 2865 1088 2935; x_wconf 75' lang='lat' dir='ltr'><strong>jacet</strong></span> <span class='ocrx_word' id='word_1_205' title='bbox 1117 2868 1331 2936; x_wconf 79' lang='lat' dir='ltr'><strong>pelagus</strong></span> <span class='ocrx_word' id='word_1_206' title='bbox 1360 2868 1507 2932; x_wconf 90' lang='lat' dir='ltr'><strong>silet,</strong></span> <span class='ocrx_word' id='word_1_207' title='bbox 1537 2876 1692 2936; x_wconf 90' lang='lat' dir='ltr'><strong>atque</strong></span> <span class='ocrx_word' id='word_1_208' title='bbox 1718 2868 1952 2924; x_wconf 88' lang='lat' dir='ltr'><strong>coruscis</strong></span> 
     </span>
    </p>
   </div>
   <div class='ocr_carea' id='block_1_32' title="bbox 575 2953 1813 3023">
    <p class='ocr_par' dir='ltr' id='par_1_32' title="bbox 575 2953 1813 3023">
     <span class='ocr_line' id='line_1_32' title="bbox 575 2953 1813 3023; baseline -0.001 -14"><span class='ocrx_word' id='word_1_209' title='bbox 575 2953 856 3023; x_wconf 88' lang='lat' dir='ltr'><strong>Obsequiis</strong></span> <span class='ocrx_word' id='word_1_210' title='bbox 877 2955 1080 3010; x_wconf 73' lang='lat' dir='ltr'><strong>servire</strong></span> <span class='ocrx_word' id='word_1_211' title='bbox 1109 2953 1279 3009; x_wconf 90' lang='lat' dir='ltr'><strong>minor</strong></span> <span class='ocrx_word' id='word_1_212' title='bbox 1295 2955 1380 3009; x_wconf 88' lang='lat' dir='ltr'><strong>vix</strong></span> <span class='ocrx_word' id='word_1_213' title='bbox 1408 2953 1600 3010; x_wconf 82' lang='lat' dir='ltr'><strong>sufﬁcit</strong></span> <span class='ocrx_word' id='word_1_214' title='bbox 1626 2954 1813 3019; x_wconf 80' lang='lat' dir='ltr'><strong>aether,</strong></span> 
     </span>
    </p>
   </div>
   <div class='ocr_carea' id='block_1_33' title="bbox 574 3045 1808 3116">
    <p class='ocr_par' dir='ltr' id='par_1_33' title="bbox 574 3045 1808 3116">
     <span class='ocr_line' id='line_1_33' title="bbox 574 3045 1808 3116; baseline 0 -18"><span class='ocrx_word' id='word_1_215' title='bbox 574 3045 908 3116; x_wconf 79' lang='lat' dir='ltr'><strong>Calcatisque</strong></span> <span class='ocrx_word' id='word_1_216' title='bbox 931 3047 1071 3101; x_wconf 89' lang='lat' dir='ltr'><strong>celer</strong></span> <span class='ocrx_word' id='word_1_217' title='bbox 1099 3046 1377 3114; x_wconf 86' lang='lat' dir='ltr'><strong>famulatur</strong></span> <span class='ocrx_word' id='word_1_218' title='bbox 1404 3045 1631 3100; x_wconf 90' lang='lat' dir='ltr'><strong>nubibus</strong></span> <span class='ocrx_word' id='word_1_219' title='bbox 1659 3045 1770 3103; x_wconf 87' lang='lat' dir='ltr'><strong>axis</strong></span> <span class='ocrx_word' id='word_1_220' title='bbox 1794 3061 1808 3098; x_wconf 88' lang='lat'><strong>:</strong></span> 
     </span>
    </p>
   </div>
   <div class='ocr_carea' id='block_1_34' title="bbox 580 3133 1852 3205">
    <p class='ocr_par' dir='ltr' id='par_1_34' title="bbox 580 3133 1852 3205">
     <span class='ocr_line' id='line_1_34' title="bbox 580 3133 1852 3205; baseline -0.002 -15"><span class='ocrx_word' id='word_1_221' title='bbox 580 3134 730 3190; x_wconf 89' lang='lat' dir='ltr'><strong>llunc</strong></span> <span class='ocrx_word' id='word_1_222' title='bbox 751 3135 1061 3205; x_wconf 88' lang='lat' dir='ltr'><strong>gravidante</strong></span> <span class='ocrx_word' id='word_1_223' title='bbox 1093 3136 1197 3190; x_wconf 90' lang='lat' dir='ltr'><strong>Deo</strong></span> <span class='ocrx_word' id='word_1_224' title='bbox 1227 3137 1464 3192; x_wconf 89' lang='lat' dir='ltr'><strong>mortalis</strong></span> <span class='ocrx_word' id='word_1_225' title='bbox 1494 3136 1668 3190; x_wconf 89' lang='lat' dir='ltr'><strong>nescia</strong></span> <span class='ocrx_word' id='word_1_226' title='bbox 1696 3133 1852 3200; x_wconf 88' lang='lat' dir='ltr'><strong>fetus,</strong></span> 
     </span>
    </p>
   </div>
   <div class='ocr_carea' id='block_1_35' title="bbox 581 3225 1781 3297">
    <p class='ocr_par' dir='ltr' id='par_1_35' title="bbox 581 3225 1781 3297">
     <span class='ocr_line' id='line_1_35' title="bbox 581 3225 1781 3297; baseline 0 -17"><span class='ocrx_word' id='word_1_227' title='bbox 581 3228 863 3297; x_wconf 90' lang='lat' dir='ltr'><strong>Virginitas</strong></span> <span class='ocrx_word' id='word_1_228' title='bbox 888 3228 1109 3283; x_wconf 86' lang='lat' dir='ltr'><strong>fecunda</strong></span> <span class='ocrx_word' id='word_1_229' title='bbox 1135 3228 1285 3292; x_wconf 88' lang='lat' dir='ltr'><strong>tulit,</strong></span> <span class='ocrx_word' id='word_1_230' title='bbox 1308 3235 1564 3296; x_wconf 89' lang='lat' dir='ltr'><strong>partuque</strong></span> <span class='ocrx_word' id='word_1_231' title='bbox 1593 3225 1781 3295; x_wconf 89' lang='lat' dir='ltr'><strong>pudico</strong></span> 
     </span>
    </p>
   </div>
   <div class='ocr_carea' id='block_1_36' title="bbox 584 3316 2095 3394">
    <p class='ocr_par' dir='ltr' id='par_1_36' title="bbox 584 3316 2095 3394">
     <span class='ocr_line' id='line_1_36' title="bbox 584 3316 2095 3394; baseline -0.006 -19"><span class='ocrx_word' id='word_1_232' title='bbox 584 3319 858 3388; x_wconf 87' lang='lat' dir='ltr'><strong>Expletum</strong></span> <span class='ocrx_word' id='word_1_233' title='bbox 888 3326 971 3375; x_wconf 84' lang='lat' dir='ltr'><strong>est</strong></span> <span class='ocrx_word' id='word_1_234' title='bbox 998 3318 1205 3387; x_wconf 82' lang='lat' dir='ltr'><strong>pictatis</strong></span> <span class='ocrx_word' id='word_1_235' title='bbox 1234 3333 1396 3394; x_wconf 81' lang='lat' dir='ltr'><strong>opus,</strong></span> <span class='ocrx_word' id='word_1_236' title='bbox 1424 3331 1521 3370; x_wconf 83' lang='lat' dir='ltr'><strong>nec</strong></span> <span class='ocrx_word' id='word_1_237' title='bbox 1547 3317 1689 3372; x_wconf 88' lang='lat' dir='ltr'><strong>enim</strong></span> <span class='ocrx_word' id='word_1_238' title='bbox 1714 3316 1896 3370; x_wconf 87' lang='lat' dir='ltr'><strong>ederet</strong></span> <span class='ocrx_word' id='word_1_239' title='bbox 1924 3323 2095 3369; x_wconf 88' lang='lat' dir='ltr'><strong>ortum</strong></span> 
     </span>
    </p>
   </div>
   <div class='ocr_carea' id='block_1_37' title="bbox 585 3409 1829 3479">
    <p class='ocr_par' dir='ltr' id='par_1_37' title="bbox 585 3409 1829 3479">
     <span class='ocr_line' id='line_1_37' title="bbox 585 3409 1829 3479; baseline 0 -18"><span class='ocrx_word' id='word_1_240' title='bbox 585 3409 824 3479; x_wconf 89' lang='lat' dir='ltr'><strong>Vulgaris</strong></span> <span class='ocrx_word' id='word_1_241' title='bbox 850 3418 1034 3464; x_wconf 89' lang='lat' dir='ltr'><strong>natura</strong></span> <span class='ocrx_word' id='word_1_242' title='bbox 1062 3423 1252 3469; x_wconf 79' lang='lat' dir='ltr'><strong>novum</strong></span> <span class='ocrx_word' id='word_1_243' title='bbox 1273 3447 1290 3472; x_wconf 92' lang='lat'><strong>,</strong></span> <span class='ocrx_word' id='word_1_244' title='bbox 1319 3420 1601 3474; x_wconf 88' lang='lat' dir='ltr'><strong>coramque</strong></span> <span class='ocrx_word' id='word_1_245' title='bbox 1623 3413 1829 3475; x_wconf 82' lang='lat' dir='ltr'><strong>pateret</strong></span> 
     </span>
    </p>
   </div>
   <div class='ocr_carea' id='block_1_38' title="bbox 589 3495 1720 3565">
    <p class='ocr_par' dir='ltr' id='par_1_38' title="bbox 589 3495 1720 3565">
     <span class='ocr_line' id='line_1_38' title="bbox 589 3495 1720 3565; baseline -0.004 -12"><span class='ocrx_word' id='word_1_246' title='bbox 589 3496 873 3565; x_wconf 70' lang='lat' dir='ltr'><strong>Maiestatis</strong></span> <span class='ocrx_word' id='word_1_247' title='bbox 898 3511 1033 3565; x_wconf 87' lang='lat' dir='ltr'><strong>apex</strong></span> <span class='ocrx_word' id='word_1_248' title='bbox 1055 3536 1069 3561; x_wconf 87' lang='lat'><strong>,</strong></span> <span class='ocrx_word' id='word_1_249' title='bbox 1101 3497 1144 3550; x_wconf 94' lang='lat' dir='ltr'><strong>si</strong></span> <span class='ocrx_word' id='word_1_250' title='bbox 1169 3497 1238 3550; x_wconf 88' lang='lat' dir='ltr'><strong>nil</strong></span> <span class='ocrx_word' id='word_1_251' title='bbox 1266 3495 1508 3550; x_wconf 89' lang='lat' dir='ltr'><strong>mirabile</strong></span> <span class='ocrx_word' id='word_1_252' title='bbox 1539 3495 1720 3561; x_wconf 82' lang='lat' dir='ltr'><strong>terris,</strong></span> 
     </span>
    </p>
   </div>
   <div class='ocr_carea' id='block_1_39' title="bbox 589 3582 1827 3656">
    <p class='ocr_par' dir='ltr' id='par_1_39' title="bbox 589 3582 1827 3656">
     <span class='ocr_line' id='line_1_39' title="bbox 589 3582 1827 3656; baseline -0.006 -13"><span class='ocrx_word' id='word_1_253' title='bbox 589 3587 930 3656; x_wconf 89' lang='lat' dir='ltr'><strong>Ignotumque</strong></span> <span class='ocrx_word' id='word_1_254' title='bbox 961 3584 1138 3651; x_wconf 86' lang='lat' dir='ltr'><strong>daret,</strong></span> <span class='ocrx_word' id='word_1_255' title='bbox 1164 3599 1261 3637; x_wconf 92' lang='lat' dir='ltr'><strong>nec</strong></span> <span class='ocrx_word' id='word_1_256' title='bbox 1286 3584 1415 3640; x_wconf 88' lang='lat' dir='ltr'><strong>tanti</strong></span> <span class='ocrx_word' id='word_1_257' title='bbox 1443 3583 1659 3652; x_wconf 90' lang='lat' dir='ltr'><strong>pignora</strong></span> <span class='ocrx_word' id='word_1_258' title='bbox 1691 3582 1827 3636; x_wconf 84' lang='lat' dir='ltr'><strong>fetus</strong></span> 
     </span>
    </p>
   </div>
   <div class='ocr_carea' id='block_1_40' title="bbox 592 3673 1843 3739">
    <p class='ocr_par' dir='ltr' id='par_1_40' title="bbox 592 3673 1843 3739">
     <span class='ocr_line' id='line_1_40' title="bbox 592 3673 1843 3739; baseline 0.002 -10"><span class='ocrx_word' id='word_1_259' title='bbox 592 3677 838 3731; x_wconf 63' lang='lat' dir='ltr'><strong>lCnituere</strong></span> <span class='ocrx_word' id='word_1_260' title='bbox 859 3675 1016 3728; x_wconf 85' lang='lat' dir='ltr'><strong>simul</strong></span> <span class='ocrx_word' id='word_1_261' title='bbox 1041 3717 1054 3739; x_wconf 89' lang='lat'><strong>,</strong></span> <span class='ocrx_word' id='word_1_262' title='bbox 1084 3689 1202 3728; x_wconf 89' lang='lat' dir='ltr'><strong>nam</strong></span> <span class='ocrx_word' id='word_1_263' title='bbox 1231 3675 1372 3728; x_wconf 89' lang='lat' dir='ltr'><strong>claro</strong></span> <span class='ocrx_word' id='word_1_264' title='bbox 1401 3674 1574 3728; x_wconf 91' lang='lat' dir='ltr'><strong>sidere</strong></span> <span class='ocrx_word' id='word_1_265' title='bbox 1599 3673 1843 3731; x_wconf 89' lang='lat' dir='ltr'><strong>mundus.</strong></span> 
     </span>
    </p>
   </div>
   <div class='ocr_carea' id='block_1_41' title="bbox 589 3741 1787 3831">
    <p class='ocr_par' dir='ltr' id='par_1_41' title="bbox 589 3741 1787 3831">
     <span class='ocr_line' id='line_1_41' title="bbox 589 3741 1787 3831; baseline -0.006 -8"><span class='ocrx_word' id='word_1_266' title='bbox 589 3767 844 3822; x_wconf 90' lang='lat' dir='ltr'><strong>lrradians</strong></span> <span class='ocrx_word' id='word_1_267' title='bbox 879 3741 1224 3819; x_wconf 48' lang='lat' dir='ltr'><strong>rutilaa’lucis</strong></span> <span class='ocrx_word' id='word_1_268' title='bbox 1261 3766 1507 3831; x_wconf 83' lang='lat' dir='ltr'><strong>cognovit</strong></span> <span class='ocrx_word' id='word_1_269' title='bbox 1534 3764 1787 3822; x_wconf 85' lang='lat' dir='ltr'><strong>honorem</strong></span> 
     </span>
    </p>
   </div>
   <div class='ocr_carea' id='block_1_42' title="bbox 588 3852 1785 3922">
    <p class='ocr_par' dir='ltr' id='par_1_42' title="bbox 588 3852 1785 3922">
     <span class='ocr_line' id='line_1_42' title="bbox 588 3852 1785 3922; baseline -0.007 -10"><span class='ocrx_word' id='word_1_270' title='bbox 588 3858 869 3912; x_wconf 80' lang='lat' dir='ltr'><strong>Auctorem</strong></span> <span class='ocrx_word' id='word_1_271' title='bbox 901 3854 1102 3922; x_wconf 88' lang='lat' dir='ltr'><strong>perisse</strong></span> <span class='ocrx_word' id='word_1_272' title='bbox 1131 3867 1314 3916; x_wconf 89' lang='lat' dir='ltr'><strong>suum,</strong></span> <span class='ocrx_word' id='word_1_273' title='bbox 1343 3853 1430 3921; x_wconf 91' lang='lat' dir='ltr'><strong>qui</strong></span> <span class='ocrx_word' id='word_1_274' title='bbox 1463 3852 1653 3906; x_wconf 89' lang='lat' dir='ltr'><strong>nobilis</strong></span> <span class='ocrx_word' id='word_1_275' title='bbox 1687 3852 1785 3905; x_wconf 72' lang='grc' dir='ltr'><strong>ωνὶ</strong></span> 
     </span>
    </p>
   </div>
   <div class='ocr_carea' id='block_1_43' title="bbox 591 3939 1982 4010">
    <p class='ocr_par' dir='ltr' id='par_1_43' title="bbox 591 3939 1982 4010">
     <span class='ocr_line' id='line_1_43' title="bbox 591 3939 1982 4010; baseline -0.004 -14"><span class='ocrx_word' id='word_1_276' title='bbox 591 3943 958 3998; x_wconf 87' lang='lat' dir='ltr'><strong>lnchoamenta</strong></span> <span class='ocrx_word' id='word_1_277' title='bbox 979 3955 1189 4010; x_wconf 83' lang='lat' dir='ltr'><strong>gerens,</strong></span> <span class='ocrx_word' id='word_1_278' title='bbox 1219 3939 1429 4009; x_wconf 85' lang='lat' dir='ltr'><strong>fragiles</strong></span> <span class='ocrx_word' id='word_1_279' title='bbox 1461 3941 1715 4008; x_wconf 89' lang='lat' dir='ltr'><strong>processit</strong></span> <span class='ocrx_word' id='word_1_280' title='bbox 1741 3940 1794 3993; x_wconf 92' lang='lat' dir='ltr'><strong>in</strong></span> <span class='ocrx_word' id='word_1_281' title='bbox 1819 3948 1982 3993; x_wconf 87' lang='lat' dir='ltr'><strong>artus.</strong></span> 
     </span>
    </p>
   </div>
   <div class='ocr_carea' id='block_1_44' title="bbox 661 4025 2114 4099">
    <p class='ocr_par' dir='ltr' id='par_1_44' title="bbox 661 4025 2114 4099">
     <span class='ocr_line' id='line_1_44' title="bbox 661 4025 2114 4099; baseline -0.006 -13"><span class='ocrx_word' id='word_1_282' title='bbox 661 4031 906 4086; x_wconf 82' lang='lat' dir='ltr'><strong>Protinus</strong></span> <span class='ocrx_word' id='word_1_283' title='bbox 922 4033 1202 4099; x_wconf 89' lang='lat' dir='ltr'><strong>assumptis</strong></span> <span class='ocrx_word' id='word_1_284' title='bbox 1225 4029 1454 4083; x_wconf 84' lang='lat' dir='ltr'><strong>tolerans</strong></span> <span class='ocrx_word' id='word_1_285' title='bbox 1477 4028 1592 4082; x_wconf 91' lang='lat' dir='ltr'><strong>data</strong></span> <span class='ocrx_word' id='word_1_286' title='bbox 1612 4036 1844 4095; x_wconf 89' lang='lat' dir='ltr'><strong>tempora</strong></span> <span class='ocrx_word' id='word_1_287' title='bbox 1868 4025 2114 4080; x_wconf 81' lang='lat' dir='ltr'><strong>membris</strong></span> 
     </span>
    </p>
   </div>
   <div class='ocr_carea' id='block_1_45' title="bbox 593 4116 2015 4188">
    <p class='ocr_par' dir='ltr' id='par_1_45' title="bbox 593 4116 2015 4188">
     <span class='ocr_line' id='line_1_45' title="bbox 593 4116 2015 4188; baseline -0.004 -13"><span class='ocrx_word' id='word_1_288' title='bbox 593 4122 756 4188; x_wconf 86' lang='lat' dir='ltr'><strong>Quem</strong></span> <span class='ocrx_word' id='word_1_289' title='bbox 788 4123 862 4174; x_wconf 91' lang='lat' dir='ltr'><strong>nil</strong></span> <span class='ocrx_word' id='word_1_290' title='bbox 891 4130 1010 4174; x_wconf 88' lang='lat' dir='ltr'><strong>ante</strong></span> <span class='ocrx_word' id='word_1_291' title='bbox 1039 4119 1164 4187; x_wconf 92' lang='lat' dir='ltr'><strong>fuit,</strong></span> <span class='ocrx_word' id='word_1_292' title='bbox 1191 4132 1289 4173; x_wconf 89' lang='lat' dir='ltr'><strong>nec</strong></span> <span class='ocrx_word' id='word_1_293' title='bbox 1316 4119 1456 4172; x_wconf 91' lang='lat' dir='ltr'><strong>enim</strong></span> <span class='ocrx_word' id='word_1_294' title='bbox 1486 4127 1657 4172; x_wconf 81' lang='lat' dir='ltr'><strong>exstat</strong></span> <span class='ocrx_word' id='word_1_295' title='bbox 1683 4116 1829 4186; x_wconf 88' lang='lat' dir='ltr'><strong>origo</strong></span> <span class='ocrx_word' id='word_1_296' title='bbox 1853 4117 2015 4171; x_wconf 89' lang='lat' dir='ltr'><strong>creati</strong></span> 
     </span>
    </p>
   </div>
   <div class='ocr_carea' id='block_1_46' title="bbox 597 4207 1971 4285">
    <p class='ocr_par' dir='ltr' id='par_1_46' title="bbox 597 4207 1971 4285">
     <span class='ocr_line' id='line_1_46' title="bbox 597 4207 1971 4285; baseline -0.004 -19"><span class='ocrx_word' id='word_1_297' title='bbox 597 4211 841 4281; x_wconf 84' lang='lat' dir='ltr'><strong>Principii</strong></span> <span class='ocrx_word' id='word_1_298' title='bbox 866 4255 880 4279; x_wconf 95' lang='lat'><strong>,</strong></span> <span class='ocrx_word' id='word_1_299' title='bbox 908 4210 1050 4266; x_wconf 90' lang='lat' dir='ltr'><strong>nasci</strong></span> <span class='ocrx_word' id='word_1_300' title='bbox 1079 4210 1215 4285; x_wconf 93' lang='lat' dir='ltr'><strong>quod</strong></span> <span class='ocrx_word' id='word_1_301' title='bbox 1246 4218 1363 4279; x_wconf 91' lang='lat' dir='ltr'><strong>post</strong></span> <span class='ocrx_word' id='word_1_302' title='bbox 1392 4209 1530 4262; x_wconf 83' lang='lat' dir='ltr'><strong>Deus</strong></span> <span class='ocrx_word' id='word_1_303' title='bbox 1558 4207 1730 4260; x_wconf 89' lang='lat' dir='ltr'><strong>omnia</strong></span> <span class='ocrx_word' id='word_1_304' title='bbox 1759 4219 1929 4279; x_wconf 77' lang='lat' dir='ltr'><strong>posset</strong></span> <span class='ocrx_word' id='word_1_305' title='bbox 1956 4248 1971 4272; x_wconf 92' lang='lat'><strong>,</strong></span> 
     </span>
    </p>
   </div>
   <div class='ocr_carea' id='block_1_47' title="bbox 596 4295 2067 4370">
    <p class='ocr_par' dir='ltr' id='par_1_47' title="bbox 596 4295 2067 4370">
     <span class='ocr_line' id='line_1_47' title="bbox 596 4295 2067 4370; baseline -0.005 -15"><span class='ocrx_word' id='word_1_306' title='bbox 596 4304 722 4366; x_wconf 66' lang='lat' dir='ltr'><strong>Qua:</strong></span> <span class='ocrx_word' id='word_1_307' title='bbox 751 4302 929 4370; x_wconf 85' lang='lat' dir='ltr'><strong>genuit</strong></span> <span class='ocrx_word' id='word_1_308' title='bbox 956 4315 1073 4354; x_wconf 89' lang='lat' dir='ltr'><strong>cum</strong></span> <span class='ocrx_word' id='word_1_309' title='bbox 1109 4309 1287 4367; x_wconf 91' lang='lat' dir='ltr'><strong>patre,</strong></span> <span class='ocrx_word' id='word_1_310' title='bbox 1319 4306 1372 4351; x_wconf 88' lang='lat' dir='ltr'><strong>et</strong></span> <span class='ocrx_word' id='word_1_311' title='bbox 1398 4311 1515 4349; x_wconf 92' lang='lat' dir='ltr'><strong>cum</strong></span> <span class='ocrx_word' id='word_1_312' title='bbox 1546 4295 1829 4363; x_wconf 74' lang='lat' dir='ltr'><strong>spiramine</strong></span> <span class='ocrx_word' id='word_1_313' title='bbox 1860 4309 2067 4366; x_wconf 79' lang='lat' dir='ltr'><strong>magno.</strong></span> 
     </span>
    </p>
   </div>
   <div class='ocr_carea' id='block_1_48' title="bbox 603 4383 1930 4458">
    <p class='ocr_par' dir='ltr' id='par_1_48' title="bbox 603 4383 1930 4458">
     <span class='ocr_line' id='line_1_48' title="bbox 603 4383 1930 4458; baseline -0.003 -13"><span class='ocrx_word' id='word_1_314' title='bbox 603 4391 666 4446; x_wconf 88' lang='lat' dir='ltr'><strong>Et</strong></span> <span class='ocrx_word' id='word_1_315' title='bbox 693 4390 879 4458; x_wconf 77' lang='lat' dir='ltr'><strong>triplex</strong></span> <span class='ocrx_word' id='word_1_316' title='bbox 908 4390 960 4443; x_wconf 91' lang='lat' dir='ltr'><strong>in</strong></span> <span class='ocrx_word' id='word_1_317' title='bbox 989 4388 1140 4442; x_wconf 87' lang='lat' dir='ltr'><strong>laude</strong></span> <span class='ocrx_word' id='word_1_318' title='bbox 1175 4387 1344 4455; x_wconf 87' lang='lat' dir='ltr'><strong>viget,</strong></span> <span class='ocrx_word' id='word_1_319' title='bbox 1373 4397 1684 4452; x_wconf 88' lang='lat' dir='ltr'><strong>semperque</strong></span> <span class='ocrx_word' id='word_1_320' title='bbox 1710 4383 1930 4453; x_wconf 84' lang='lat' dir='ltr'><strong>vigebit,</strong></span> 
     </span>
    </p>
   </div>
   <div class='ocr_carea' id='block_1_49' title="bbox 603 4475 1692 4549">
    <p class='ocr_par' dir='ltr' id='par_1_49' title="bbox 603 4475 1692 4549">
     <span class='ocr_line' id='line_1_49' title="bbox 603 4475 1692 4549; baseline -0.009 -13"><span class='ocrx_word' id='word_1_321' title='bbox 603 4482 842 4537; x_wconf 88' lang='lat' dir='ltr'><strong>Excoluit</strong></span> <span class='ocrx_word' id='word_1_322' title='bbox 876 4479 1045 4536; x_wconf 87' lang='lat' dir='ltr'><strong>divina</strong></span> <span class='ocrx_word' id='word_1_323' title='bbox 1072 4479 1172 4549; x_wconf 83' lang='lat' dir='ltr'><strong>piis</strong></span> <span class='ocrx_word' id='word_1_324' title='bbox 1198 4475 1452 4531; x_wconf 87' lang='lat' dir='ltr'><strong>cunabula</strong></span> <span class='ocrx_word' id='word_1_325' title='bbox 1480 4483 1692 4541; x_wconf 90' lang='lat' dir='ltr'><strong>sancta,</strong></span> 
     </span>
    </p>
   </div>
   <div class='ocr_carea' id='block_1_50' title="bbox 603 4564 2104 4640">
    <p class='ocr_par' dir='ltr' id='par_1_50' title="bbox 603 4564 2104 4640">
     <span class='ocr_line' id='line_1_50' title="bbox 603 4564 2104 4640; baseline -0.004 -13"><span class='ocrx_word' id='word_1_326' title='bbox 603 4572 905 4640; x_wconf 83' lang='lat' dir='ltr'><strong>Fulgentem</strong></span> <span class='ocrx_word' id='word_1_327' title='bbox 935 4583 1095 4638; x_wconf 84' lang='lat' dir='ltr'><strong>super</strong></span> <span class='ocrx_word' id='word_1_328' title='bbox 1123 4577 1263 4621; x_wconf 90' lang='lat' dir='ltr'><strong>astra</strong></span> <span class='ocrx_word' id='word_1_329' title='bbox 1293 4565 1477 4620; x_wconf 84' lang='lat' dir='ltr'><strong>videns</strong></span> <span class='ocrx_word' id='word_1_330' title='bbox 1496 4605 1512 4630; x_wconf 92' lang='lat'><strong>,</strong></span> <span class='ocrx_word' id='word_1_331' title='bbox 1542 4579 1695 4634; x_wconf 89' lang='lat' dir='ltr'><strong>quem</strong></span> <span class='ocrx_word' id='word_1_332' title='bbox 1723 4573 1860 4618; x_wconf 86' lang='lat' dir='ltr'><strong>terra</strong></span> <span class='ocrx_word' id='word_1_333' title='bbox 1897 4564 2104 4621; x_wconf 87' lang='lat' dir='ltr'><strong>levavit.</strong></span> 
     </span>
    </p>
   </div>
   <div class='ocr_carea' id='block_1_51' title="bbox 603 4652 2066 4724">
    <p class='ocr_par' dir='ltr' id='par_1_51' title="bbox 603 4652 2066 4724">
     <span class='ocr_line' id='line_1_51' title="bbox 603 4652 2066 4724; baseline -0.004 -11"><span class='ocrx_word' id='word_1_334' title='bbox 603 4660 741 4715; x_wconf 86' lang='lat' dir='ltr'><strong>Gens</strong></span> <span class='ocrx_word' id='word_1_335' title='bbox 768 4659 1009 4714; x_wconf 76' lang='lat' dir='ltr'><strong>Chaldzea</strong></span> <span class='ocrx_word' id='word_1_336' title='bbox 1041 4658 1204 4712; x_wconf 86' lang='lat' dir='ltr'><strong>Deum</strong></span> <span class='ocrx_word' id='word_1_337' title='bbox 1230 4671 1350 4710; x_wconf 85' lang='lat' dir='ltr'><strong>cum</strong></span> <span class='ocrx_word' id='word_1_338' title='bbox 1378 4663 1572 4709; x_wconf 63' lang='lat' dir='ltr'><strong>sanctae</strong></span> <span class='ocrx_word' id='word_1_339' title='bbox 1600 4652 1817 4724; x_wconf 82' lang='lat' dir='ltr'><strong>pra:dita</strong></span> <span class='ocrx_word' id='word_1_340' title='bbox 1847 4654 2066 4707; x_wconf 68' lang='lat' dir='ltr'><strong>flammae.</strong></span> 
     </span>
    </p>
   </div>
   <div class='ocr_carea' id='block_1_52' title="bbox 607 4745 2081 4816">
    <p class='ocr_par' dir='ltr' id='par_1_52' title="bbox 607 4745 2081 4816">
     <span class='ocr_line' id='line_1_52' title="bbox 607 4745 2081 4816; baseline -0.005 -10"><span class='ocrx_word' id='word_1_341' title='bbox 607 4753 851 4816; x_wconf 88' lang='lat' dir='ltr'><strong>Lumine,</strong></span> <span class='ocrx_word' id='word_1_342' title='bbox 879 4759 1330 4816; x_wconf 83' lang='lat' dir='ltr'><strong>monstratumque</strong></span> <span class='ocrx_word' id='word_1_343' title='bbox 1363 4746 1494 4815; x_wconf 89' lang='lat' dir='ltr'><strong>polis</strong></span> <span class='ocrx_word' id='word_1_344' title='bbox 1518 4753 1793 4814; x_wconf 89' lang='lat' dir='ltr'><strong>prosecuta</strong></span> <span class='ocrx_word' id='word_1_345' title='bbox 1822 4745 2042 4798; x_wconf 93' lang='lat' dir='ltr'><strong>nitorem</strong></span> <span class='ocrx_word' id='word_1_346' title='bbox 2066 4783 2081 4811; x_wconf 94' lang='lat'><strong>,</strong></span> 
     </span>
    </p>
   </div>
   <div class='ocr_carea' id='block_1_53' title="bbox 608 4836 1804 4908">
    <p class='ocr_par' dir='ltr' id='par_1_53' title="bbox 608 4836 1804 4908">
     <span class='ocr_line' id='line_1_53' title="bbox 608 4836 1804 4908; baseline -0.005 -13"><span class='ocrx_word' id='word_1_347' title='bbox 608 4842 901 4896; x_wconf 88' lang='lat' dir='ltr'><strong>Promeruit</strong></span> <span class='ocrx_word' id='word_1_348' title='bbox 927 4850 977 4894; x_wconf 91' lang='lat' dir='ltr'><strong>te</strong></span> <span class='ocrx_word' id='word_1_349' title='bbox 1001 4855 1154 4894; x_wconf 89' lang='lat' dir='ltr'><strong>nosse</strong></span> <span class='ocrx_word' id='word_1_350' title='bbox 1181 4839 1322 4908; x_wconf 90' lang='lat' dir='ltr'><strong>prior</strong></span> <span class='ocrx_word' id='word_1_351' title='bbox 1347 4845 1565 4892; x_wconf 91' lang='lat' dir='ltr'><strong>ventura</strong></span> <span class='ocrx_word' id='word_1_352' title='bbox 1592 4836 1804 4899; x_wconf 87' lang='lat' dir='ltr'><strong>dicatls,</strong></span> 
     </span>
    </p>
   </div>
   <div class='ocr_carea' id='block_1_54' title="bbox 608 4925 2079 4997">
    <p class='ocr_par' dir='ltr' id='par_1_54' title="bbox 608 4925 2079 4997">
     <span class='ocr_line' id='line_1_54' title="bbox 608 4925 2079 4997; baseline -0.006 -11"><span class='ocrx_word' id='word_1_353' title='bbox 608 4931 705 4986; x_wconf 87' lang='lat' dir='ltr'><strong>Per</strong></span> <span class='ocrx_word' id='word_1_354' title='bbox 727 4932 952 4997; x_wconf 83' lang='lat' dir='ltr'><strong>speciem</strong></span> <span class='ocrx_word' id='word_1_355' title='bbox 980 4929 1292 4982; x_wconf 86' lang='lat' dir='ltr'><strong>documenta</strong></span> <span class='ocrx_word' id='word_1_356' title='bbox 1334 4928 1509 4981; x_wconf 86' lang='lat' dir='ltr'><strong>ferens</strong></span> <span class='ocrx_word' id='word_1_357' title='bbox 1529 4968 1544 4991; x_wconf 90' lang='lat'><strong>,</strong></span> <span class='ocrx_word' id='word_1_358' title='bbox 1575 4927 1662 4980; x_wconf 92' lang='lat' dir='ltr'><strong>dat</strong></span> <span class='ocrx_word' id='word_1_359' title='bbox 1696 4938 1909 4978; x_wconf 89' lang='lat' dir='ltr'><strong>munera</strong></span> <span class='ocrx_word' id='word_1_360' title='bbox 1929 4965 1942 4987; x_wconf 87' lang='lat'><strong>,</strong></span> <span class='ocrx_word' id='word_1_361' title='bbox 1969 4925 2079 4994; x_wconf 86' lang='lat' dir='ltr'><strong>regi</strong></span> 
     </span>
    </p>
   </div>
   <div class='ocr_carea' id='block_1_55' title="bbox 611 5014 2006 5088">
    <p class='ocr_par' dir='ltr' id='par_1_55' title="bbox 611 5014 2006 5088">
     <span class='ocr_line' id='line_1_55' title="bbox 611 5014 2006 5088; baseline -0.006 -12"><span class='ocrx_word' id='word_1_362' title='bbox 611 5020 875 5084; x_wconf 87' lang='lat' dir='ltr'><strong>Divinitas,</strong></span> <span class='ocrx_word' id='word_1_363' title='bbox 894 5020 982 5073; x_wconf 89' lang='lat' dir='ltr'><strong>dat</strong></span> <span class='ocrx_word' id='word_1_364' title='bbox 1012 5019 1162 5072; x_wconf 88' lang='lat' dir='ltr'><strong>thura</strong></span> <span class='ocrx_word' id='word_1_365' title='bbox 1193 5021 1320 5082; x_wconf 86' lang='lat' dir='ltr'><strong>Deo,</strong></span> <span class='ocrx_word' id='word_1_366' title='bbox 1343 5018 1715 5088; x_wconf 82' lang='lat' dir='ltr'><strong>myrrhamque</strong></span> <span class='ocrx_word' id='word_1_367' title='bbox 1745 5014 2006 5083; x_wconf 88' lang='lat' dir='ltr'><strong>sepulcro,</strong></span> 
     </span>
    </p>
   </div>
   <div class='ocr_carea' id='block_1_56' title="bbox 612 5108 1697 5177">
    <p class='ocr_par' dir='ltr' id='par_1_56' title="bbox 612 5108 1697 5177">
     <span class='ocr_line' id='line_1_56' title="bbox 612 5108 1697 5177; baseline -0.001 -17"><span class='ocrx_word' id='word_1_368' title='bbox 612 5108 718 5161; x_wconf 91' lang='lat' dir='ltr'><strong>Illic</strong></span> <span class='ocrx_word' id='word_1_369' title='bbox 739 5109 1020 5177; x_wconf 88' lang='lat' dir='ltr'><strong>omniparis</strong></span> <span class='ocrx_word' id='word_1_370' title='bbox 1048 5109 1304 5162; x_wconf 90' lang='lat' dir='ltr'><strong>succrevit</strong></span> <span class='ocrx_word' id='word_1_371' title='bbox 1328 5108 1489 5176; x_wconf 89' lang='lat' dir='ltr'><strong>gloria</strong></span> <span class='ocrx_word' id='word_1_372' title='bbox 1521 5108 1664 5161; x_wconf 90' lang='lat' dir='ltr'><strong>verbi</strong></span> <span class='ocrx_word' id='word_1_373' title='bbox 1683 5146 1697 5168; x_wconf 93' lang='lat'><strong>,</strong></span> 
     </span>
    </p>
   </div>
   <div class='ocr_carea' id='block_1_57' title="bbox 615 5194 2040 5265">
    <p class='ocr_par' dir='ltr' id='par_1_57' title="bbox 615 5194 2040 5265">
     <span class='ocr_line' id='line_1_57' title="bbox 615 5194 2040 5265; baseline -0.002 -17"><span class='ocrx_word' id='word_1_374' title='bbox 615 5198 856 5263; x_wconf 58' lang='lat' dir='ltr'><strong>laetaque</strong></span> <span class='ocrx_word' id='word_1_375' title='bbox 883 5201 999 5250; x_wconf 87' lang='lat' dir='ltr'><strong>vina</strong></span> <span class='ocrx_word' id='word_1_376' title='bbox 1031 5199 1224 5265; x_wconf 91' lang='lat' dir='ltr'><strong>thoris,</strong></span> <span class='ocrx_word' id='word_1_377' title='bbox 1257 5208 1308 5252; x_wconf 93' lang='lat' dir='ltr'><strong>et</strong></span> <span class='ocrx_word' id='word_1_378' title='bbox 1339 5197 1535 5251; x_wconf 89' lang='lat' dir='ltr'><strong>fercula</strong></span> <span class='ocrx_word' id='word_1_379' title='bbox 1565 5197 1768 5251; x_wconf 89' lang='lat' dir='ltr'><strong>reddita</strong></span> <span class='ocrx_word' id='word_1_380' title='bbox 1797 5194 1991 5247; x_wconf 90' lang='lat' dir='ltr'><strong>mensis</strong></span> <span class='ocrx_word' id='word_1_381' title='bbox 2029 5209 2040 5244; x_wconf 93' lang='lat'>:</span> 
     </span>
    </p>
   </div>
   <div class='ocr_carea' id='block_1_58' title="bbox 617 5284 1941 5351">
    <p class='ocr_par' dir='ltr' id='par_1_58' title="bbox 617 5284 1941 5351">
     <span class='ocr_line' id='line_1_58' title="bbox 617 5284 1941 5351; baseline -0.001 -15"><span class='ocrx_word' id='word_1_382' title='bbox 617 5284 891 5351; x_wconf 86' lang='lat' dir='ltr'><strong>Obstupuit</strong></span> <span class='ocrx_word' id='word_1_383' title='bbox 920 5289 1135 5351; x_wconf 87' lang='lat' dir='ltr'><strong>populus</strong></span> <span class='ocrx_word' id='word_1_384' title='bbox 1157 5287 1433 5341; x_wconf 87' lang='lat' dir='ltr'><strong>cumulatis</strong></span> <span class='ocrx_word' id='word_1_385' title='bbox 1462 5286 1697 5340; x_wconf 89' lang='lat' dir='ltr'><strong>lancibus</strong></span> <span class='ocrx_word' id='word_1_386' title='bbox 1723 5284 1941 5350; x_wconf 84' lang='lat' dir='ltr'><strong>hospes,</strong></span> 
     </span>
    </p>
   </div>
   <div class='ocr_carea' id='block_1_59' title="bbox 620 5369 1884 5443">
    <p class='ocr_par' dir='ltr' id='par_1_59' title="bbox 620 5369 1884 5443">
     <span class='ocr_line' id='line_1_59' title="bbox 620 5369 1884 5443; baseline 0.003 -21"><span class='ocrx_word' id='word_1_387' title='bbox 620 5369 856 5424; x_wconf 86' lang='lat' dir='ltr'><strong>Pronuba</strong></span> <span class='ocrx_word' id='word_1_388' title='bbox 881 5375 1140 5440; x_wconf 88' lang='lat' dir='ltr'><strong>congestis</strong></span> <span class='ocrx_word' id='word_1_389' title='bbox 1163 5375 1382 5443; x_wconf 86' lang='lat' dir='ltr'><strong>dapibus</strong></span> <span class='ocrx_word' id='word_1_390' title='bbox 1404 5377 1636 5428; x_wconf 87' lang='lat' dir='ltr'><strong>convivia</strong></span> <span class='ocrx_word' id='word_1_391' title='bbox 1670 5376 1884 5428; x_wconf 87' lang='lat' dir='ltr'><strong>ducens.</strong></span> 
     </span>
    </p>
   </div>
   <div class='ocr_carea' id='block_1_60' title="bbox 627 5457 1769 5520">
    <p class='ocr_par' dir='ltr' id='par_1_60' title="bbox 627 5457 1769 5520">
     <span class='ocr_line' id='line_1_60' title="bbox 627 5457 1769 5520; baseline 0.009 -12"><span class='ocrx_word' id='word_1_392' title='bbox 627 5457 704 5509; x_wconf 86' lang='lat' dir='ltr'><strong>&#39;l‘u</strong></span> <span class='ocrx_word' id='word_1_393' title='bbox 730 5458 867 5511; x_wconf 91' lang='lat' dir='ltr'><strong>tenui</strong></span> <span class='ocrx_word' id='word_1_394' title='bbox 897 5468 1031 5513; x_wconf 80' lang='lat' dir='ltr'><strong>tactu</strong></span> <span class='ocrx_word' id='word_1_395' title='bbox 1061 5464 1344 5520; x_wconf 74' lang='lat' dir='ltr'><strong>tenebrosa:</strong></span> <span class='ocrx_word' id='word_1_396' title='bbox 1375 5465 1558 5520; x_wconf 85' lang='lat' dir='ltr'><strong>frontis</strong></span> <span class='ocrx_word' id='word_1_397' title='bbox 1586 5465 1769 5518; x_wconf 89' lang='lat' dir='ltr'><strong>inanes</strong></span> 
     </span>
    </p>
   </div>
   <div class='ocr_carea' id='block_1_61' title="bbox 1711 72 3714 134">
    <p class='ocr_par' dir='ltr' id='par_1_61' title="bbox 1711 72 3714 134">
     <span class='ocr_line' id='line_1_61' title="bbox 1711 72 3714 134; baseline -0.006 -8"><span class='ocrx_word' id='word_1_398' title='bbox 1711 72 1972 128; x_wconf 82' lang='lat' dir='ltr'><strong>RUSTICI</strong></span> <span class='ocrx_word' id='word_1_399' title='bbox 2014 73 2302 132; x_wconf 82' lang='lat' dir='ltr'><strong>llELPlDll</strong></span> <span class='ocrx_word' id='word_1_400' title='bbox 2338 75 2658 132; x_wconf 77' lang='lat' dir='ltr'><strong>CARMINA.</strong></span> <span class='ocrx_word' id='word_1_401' title='bbox 3641 84 3714 134; x_wconf 62' lang='lat' dir='ltr'><strong>5m</strong></span> 
     </span>
    </p>
   </div>
   <div class='ocr_carea' id='block_1_62' title="bbox 573 160 2116 285">
    <p class='ocr_par' dir='ltr' id='par_1_62' title="bbox 573 160 2116 254">
     <span class='ocr_line' id='line_1_62' title="bbox 573 160 2116 254; baseline -0.004 -11"><span class='ocrx_word' id='word_1_402' title='bbox 573 186 722 254; x_wconf 87' lang='lat' dir='ltr'><strong>Quod</strong></span> <span class='ocrx_word' id='word_1_403' title='bbox 752 184 883 240; x_wconf 89' lang='lat' dir='ltr'><strong>mihi</strong></span> <span class='ocrx_word' id='word_1_404' title='bbox 901 184 984 239; x_wconf 82' lang='lat' dir='ltr'><strong>vel</strong></span> <span class='ocrx_word' id='word_1_405' title='bbox 1003 183 1246 252; x_wconf 79' lang='lat' dir='ltr'><strong>cuiquam‘</strong></span> <span class='ocrx_word' id='word_1_406' title='bbox 1266 190 1486 249; x_wconf 89' lang='lat' dir='ltr'><strong>noceat,</strong></span> <span class='ocrx_word' id='word_1_407' title='bbox 1509 182 1648 252; x_wconf 89' lang='lat' dir='ltr'><strong>quod</strong></span> <span class='ocrx_word' id='word_1_408' title='bbox 1671 160 1900 239; x_wconf 84' lang='lat' dir='ltr'><strong>moribus</strong></span> <span class='ocrx_word' id='word_1_409' title='bbox 1926 185 2116 248; x_wconf 88' lang='lat' dir='ltr'><strong>obstet,</strong></span> 
     </span>
    </p>
   </div>
   <div class='ocr_carea' id='block_1_63' title="bbox 2149 185 3387 256">
    <p class='ocr_par' dir='ltr' id='par_1_63' title="bbox 2149 185 3387 256">
     <span class='ocr_line' id='line_1_63' title="bbox 2149 185 3387 256; baseline -0.002 -16"><span class='ocrx_word' id='word_1_410' title='bbox 2149 192 2196 249; x_wconf 80' lang='grc' dir='ltr'>Α</span> <span class='ocrx_word' id='word_1_411' title='bbox 2223 189 2427 243; x_wconf 82' lang='lat' dir='ltr'><strong>Jussisti</strong></span> <span class='ocrx_word' id='word_1_412' title='bbox 2456 189 2633 242; x_wconf 91' lang='lat' dir='ltr'><strong>lucere</strong></span> <span class='ocrx_word' id='word_1_413' title='bbox 2672 187 2817 240; x_wconf 86' lang='lat' dir='ltr'><strong>sinus</strong></span> <span class='ocrx_word' id='word_1_414' title='bbox 2843 227 2852 250; x_wconf 89' lang='lat'><strong>,</strong></span> <span class='ocrx_word' id='word_1_415' title='bbox 2880 185 3148 256; x_wconf 88' lang='lat' dir='ltr'><strong>ruptisque</strong></span> <span class='ocrx_word' id='word_1_416' title='bbox 3174 186 3387 241; x_wconf 83' lang='lat' dir='ltr'><strong>latebris</strong></span> 
     </span>
    </p>
   </div>
   <div class='ocr_carea' id='block_1_64' title="bbox 2217 275 3418 345">
    <p class='ocr_par' dir='ltr' id='par_1_64' title="bbox 2217 275 3418 345">
     <span class='ocr_line' id='line_1_64' title="bbox 2217 275 3418 345; baseline -0.002 -16"><span class='ocrx_word' id='word_1_417' title='bbox 2217 277 2515 345; x_wconf 83' lang='lat' dir='ltr'><strong>Conceptos</strong></span> <span class='ocrx_word' id='word_1_418' title='bbox 2550 275 2779 345; x_wconf 83' lang='lat' dir='ltr'><strong>gaudere</strong></span> <span class='ocrx_word' id='word_1_419' title='bbox 2805 275 2916 329; x_wconf 89' lang='lat' dir='ltr'><strong>dies</strong></span> <span class='ocrx_word' id='word_1_420' title='bbox 2941 316 2954 340; x_wconf 92' lang='lat'><strong>,</strong></span> <span class='ocrx_word' id='word_1_421' title='bbox 2987 291 3049 329; x_wconf 90' lang='lat' dir='ltr'><strong>ac</strong></span> <span class='ocrx_word' id='word_1_422' title='bbox 3077 286 3228 329; x_wconf 90' lang='lat' dir='ltr'><strong>nocte</strong></span> <span class='ocrx_word' id='word_1_423' title='bbox 3251 275 3418 342; x_wconf 84' lang='lat' dir='ltr'><strong>fugata</strong></span> 
     </span>
    </p>
   </div>
   <div class='ocr_carea' id='block_1_65' title="bbox 2217 363 3384 427">
    <p class='ocr_par' dir='ltr' id='par_1_65' title="bbox 2217 363 3384 427">
     <span class='ocr_line' id='line_1_65' title="bbox 2217 363 3384 427; baseline -0.002 -10"><span class='ocrx_word' id='word_1_424' title='bbox 2217 364 2523 419; x_wconf 84' lang='lat' dir='ltr'><strong>Monstrilici</strong></span> <span class='ocrx_word' id='word_1_425' title='bbox 2551 365 2724 417; x_wconf 85' lang='lat' dir='ltr'><strong>vultus</strong></span> <span class='ocrx_word' id='word_1_426' title='bbox 2746 403 2762 427; x_wconf 96' lang='lat'><strong>,</strong></span> <span class='ocrx_word' id='word_1_427' title='bbox 2797 363 2964 417; x_wconf 90' lang='lat' dir='ltr'><strong>fecisti</strong></span> <span class='ocrx_word' id='word_1_428' title='bbox 2995 365 3191 417; x_wconf 86' lang='lat' dir='ltr'><strong>lumina</strong></span> <span class='ocrx_word' id='word_1_429' title='bbox 3223 379 3384 418; x_wconf 68' lang='lat' dir='ltr'><strong>cmco.</strong></span> 
     </span>
    </p>
   </div>
   <div class='ocr_carea' id='block_1_66' title="bbox 2288 454 3612 522">
    <p class='ocr_par' dir='ltr' id='par_1_66' title="bbox 2288 454 3612 522">
     <span class='ocr_line' id='line_1_66' title="bbox 2288 454 3612 522; baseline -0.001 -14"><span class='ocrx_word' id='word_1_430' title='bbox 2288 456 2385 509; x_wconf 89' lang='lat' dir='ltr'><strong>Per</strong></span> <span class='ocrx_word' id='word_1_431' title='bbox 2408 463 2477 521; x_wconf 91' lang='lat' dir='ltr'><strong>te,</strong></span> <span class='ocrx_word' id='word_1_432' title='bbox 2506 468 2707 507; x_wconf 88' lang='lat' dir='ltr'><strong>summe</strong></span> <span class='ocrx_word' id='word_1_433' title='bbox 2737 454 2911 518; x_wconf 89' lang='lat' dir='ltr'><strong>Pater,</strong></span> <span class='ocrx_word' id='word_1_434' title='bbox 2941 454 3107 507; x_wconf 85' lang='lat' dir='ltr'><strong>vulsis</strong></span> <span class='ocrx_word' id='word_1_435' title='bbox 3136 454 3466 522; x_wconf 79' lang='lat' dir='ltr'><strong>compagibus</strong></span> <span class='ocrx_word' id='word_1_436' title='bbox 3487 468 3612 519; x_wconf 80' lang='lat' dir='ltr'><strong>:eger</strong></span> 
     </span>
    </p>
   </div>
   <div class='ocr_carea' id='block_1_67' title="bbox 2219 541 3566 608">
    <p class='ocr_par' dir='ltr' id='par_1_67' title="bbox 2219 541 3566 608">
     <span class='ocr_line' id='line_1_67' title="bbox 2219 541 3566 608; baseline 0 -14"><span class='ocrx_word' id='word_1_437' title='bbox 2219 543 2314 594; x_wconf 91' lang='lat' dir='ltr'><strong>Vix</strong></span> <span class='ocrx_word' id='word_1_438' title='bbox 2349 544 2523 595; x_wconf 89' lang='lat' dir='ltr'><strong>anima</strong></span> <span class='ocrx_word' id='word_1_439' title='bbox 2551 542 2814 595; x_wconf 87' lang='lat' dir='ltr'><strong>residente</strong></span> <span class='ocrx_word' id='word_1_440' title='bbox 2841 541 3004 603; x_wconf 85' lang='lat' dir='ltr'><strong>redit,</strong></span> <span class='ocrx_word' id='word_1_441' title='bbox 3035 543 3158 608; x_wconf 92' lang='lat' dir='ltr'><strong>quin</strong></span> <span class='ocrx_word' id='word_1_442' title='bbox 3189 551 3394 594; x_wconf 89' lang='lat' dir='ltr'><strong>mortua</strong></span> <span class='ocrx_word' id='word_1_443' title='bbox 3424 541 3566 594; x_wconf 83' lang='lat' dir='ltr'><strong>funus</strong></span> 
     </span>
    </p>
   </div>
   <div class='ocr_carea' id='block_1_68' title="bbox 2216 631 3492 699">
    <p class='ocr_par' dir='ltr' id='par_1_68' title="bbox 2216 631 3492 699">
     <span class='ocr_line' id='line_1_68' title="bbox 2216 631 3492 699; baseline -0.001 -14"><span class='ocrx_word' id='word_1_444' title='bbox 2216 633 2346 685; x_wconf 85' lang='lat' dir='ltr'><strong>Ossa</strong></span> <span class='ocrx_word' id='word_1_445' title='bbox 2380 633 2594 684; x_wconf 90' lang='lat' dir='ltr'><strong>trahens</strong></span> <span class='ocrx_word' id='word_1_446' title='bbox 2617 631 2762 684; x_wconf 89' lang='lat' dir='ltr'><strong>verbi</strong></span> <span class='ocrx_word' id='word_1_447' title='bbox 2793 644 2976 684; x_wconf 86' lang='lat' dir='ltr'><strong>sanum</strong></span> <span class='ocrx_word' id='word_1_448' title='bbox 3009 631 3200 685; x_wconf 89' lang='lat' dir='ltr'><strong>virtute</strong></span> <span class='ocrx_word' id='word_1_449' title='bbox 3221 674 3234 697; x_wconf 90' lang='lat'><strong>,</strong></span> <span class='ocrx_word' id='word_1_450' title='bbox 3271 633 3492 699; x_wconf 83' lang='lat' dir='ltr'><strong>receptis</strong></span> 
     </span>
    </p>
   </div>
   <div class='ocr_carea' id='block_1_69' title="bbox 2220 718 3504 787">
    <p class='ocr_par' dir='ltr' id='par_1_69' title="bbox 2220 718 3504 787">
     <span class='ocr_line' id='line_1_69' title="bbox 2220 718 3504 787; baseline 0.001 -15"><span class='ocrx_word' id='word_1_451' title='bbox 2220 721 2430 774; x_wconf 84' lang='lat' dir='ltr'><strong>Viribus</strong></span> <span class='ocrx_word' id='word_1_452' title='bbox 2451 720 2634 774; x_wconf 78' lang='lat' dir='ltr'><strong>exiluit</strong></span> <span class='ocrx_word' id='word_1_453' title='bbox 2662 737 2674 772; x_wconf 94' lang='lat'>:</span> <span class='ocrx_word' id='word_1_454' title='bbox 2706 735 2822 772; x_wconf 89' lang='lat' dir='ltr'><strong>nam</strong></span> <span class='ocrx_word' id='word_1_455' title='bbox 2843 719 2949 787; x_wconf 85' lang='lat' dir='ltr'><strong>jam</strong></span> <span class='ocrx_word' id='word_1_456' title='bbox 2976 718 3095 787; x_wconf 89' lang='lat' dir='ltr'><strong>quia</strong></span> <span class='ocrx_word' id='word_1_457' title='bbox 3123 720 3265 786; x_wconf 90' lang='lat' dir='ltr'><strong>lapsa</strong></span> <span class='ocrx_word' id='word_1_458' title='bbox 3297 733 3504 773; x_wconf 88' lang='lat' dir='ltr'><strong>manere</strong></span> 
     </span>
    </p>
   </div>
   <div class='ocr_carea' id='block_1_70' title="bbox 2216 806 3424 876">
    <p class='ocr_par' dir='ltr' id='par_1_70' title="bbox 2216 806 3424 876">
     <span class='ocr_line' id='line_1_70' title="bbox 2216 806 3424 876; baseline -0.001 -15"><span class='ocrx_word' id='word_1_459' title='bbox 2216 808 2327 861; x_wconf 86' lang='lat' dir='ltr'><strong>Non</strong></span> <span class='ocrx_word' id='word_1_460' title='bbox 2359 816 2595 876; x_wconf 88' lang='lat' dir='ltr'><strong>poterat,</strong></span> <span class='ocrx_word' id='word_1_461' title='bbox 2620 809 2752 861; x_wconf 92' lang='lat' dir='ltr'><strong>duro</strong></span> <span class='ocrx_word' id='word_1_462' title='bbox 2773 806 2997 874; x_wconf 87' lang='lat' dir='ltr'><strong>subjecit</strong></span> <span class='ocrx_word' id='word_1_463' title='bbox 3021 806 3154 859; x_wconf 80' lang='lat' dir='ltr'><strong>colla</strong></span> <span class='ocrx_word' id='word_1_464' title='bbox 3186 809 3424 874; x_wconf 89' lang='lat' dir='ltr'><strong>grabato.</strong></span> 
     </span>
    </p>
   </div>
   <div class='ocr_carea' id='block_1_71' title="bbox 2218 896 3608 966">
    <p class='ocr_par' dir='ltr' id='par_1_71' title="bbox 2218 896 3608 966">
     <span class='ocr_line' id='line_1_71' title="bbox 2218 896 3608 966; baseline 0.002 -17"><span class='ocrx_word' id='word_1_465' title='bbox 2218 897 2293 949; x_wconf 90' lang='lat' dir='ltr'><strong>Tu</strong></span> <span class='ocrx_word' id='word_1_466' title='bbox 2323 897 2535 950; x_wconf 86' lang='lat' dir='ltr'><strong>morbos</strong></span> <span class='ocrx_word' id='word_1_467' title='bbox 2565 897 2815 950; x_wconf 88' lang='lat' dir='ltr'><strong>cohibere</strong></span> <span class='ocrx_word' id='word_1_468' title='bbox 2847 905 3029 963; x_wconf 90' lang='lat' dir='ltr'><strong>potens</strong></span> <span class='ocrx_word' id='word_1_469' title='bbox 3048 936 3061 960; x_wconf 96' lang='lat'><strong>,</strong></span> <span class='ocrx_word' id='word_1_470' title='bbox 3097 896 3367 964; x_wconf 89' lang='lat' dir='ltr'><strong>pulsisque</strong></span> <span class='ocrx_word' id='word_1_471' title='bbox 3401 901 3608 966; x_wconf 72' lang='lat' dir='ltr'><strong>sepulmi</strong></span> 
     </span>
    </p>
   </div>
   <div class='ocr_carea' id='block_1_72' title="bbox 2218 986 3574 1058">
    <p class='ocr_par' dir='ltr' id='par_1_72' title="bbox 2218 986 3574 1058">
     <span class='ocr_line' id='line_1_72' title="bbox 2218 986 3574 1058; baseline 0.003 -20"><span class='ocrx_word' id='word_1_472' title='bbox 2218 987 2494 1052; x_wconf 88' lang='lat' dir='ltr'><strong>Luctibus,</strong></span> <span class='ocrx_word' id='word_1_473' title='bbox 2524 995 2679 1054; x_wconf 88' lang='lat' dir='ltr'><strong>atque</strong></span> <span class='ocrx_word' id='word_1_474' title='bbox 2709 986 2896 1039; x_wconf 90' lang='lat' dir='ltr'><strong>animis</strong></span> <span class='ocrx_word' id='word_1_475' title='bbox 2921 987 3041 1038; x_wconf 75' lang='lat' dir='ltr'><strong>vita:</strong></span> <span class='ocrx_word' id='word_1_476' title='bbox 3071 1000 3322 1039; x_wconf 86' lang='lat' dir='ltr'><strong>revocare</strong></span> <span class='ocrx_word' id='word_1_477' title='bbox 3347 989 3574 1058; x_wconf 83' lang='lat' dir='ltr'><strong>cadaver,</strong></span> 
     </span>
    </p>
   </div>
   <div class='ocr_carea' id='block_1_73' title="bbox 2217 1072 3475 1142">
    <p class='ocr_par' dir='ltr' id='par_1_73' title="bbox 2217 1072 3475 1142">
     <span class='ocr_line' id='line_1_73' title="bbox 2217 1072 3475 1142; baseline 0 -16"><span class='ocrx_word' id='word_1_478' title='bbox 2217 1073 2586 1141; x_wconf 84' lang='lat' dir='ltr'><strong>Conlractique</strong></span> <span class='ocrx_word' id='word_1_479' title='bbox 2613 1072 2773 1127; x_wconf 92' lang='lat' dir='ltr'><strong>trucis</strong></span> <span class='ocrx_word' id='word_1_480' title='bbox 2799 1073 3004 1126; x_wconf 89' lang='lat' dir='ltr'><strong>calcare</strong></span> <span class='ocrx_word' id='word_1_481' title='bbox 3045 1072 3292 1141; x_wconf 87' lang='lat' dir='ltr'><strong>repagula</strong></span> <span class='ocrx_word' id='word_1_482' title='bbox 3327 1076 3475 1142; x_wconf 87' lang='lat' dir='ltr'><strong>lethi,</strong></span> 
     </span>
    </p>
   </div>
   <div class='ocr_carea' id='block_1_74' title="bbox 2219 1161 3488 1230">
    <p class='ocr_par' dir='ltr' id='par_1_74' title="bbox 2219 1161 3488 1230">
     <span class='ocr_line' id='line_1_74' title="bbox 2219 1161 3488 1230; baseline 0.002 -15"><span class='ocrx_word' id='word_1_483' title='bbox 2219 1161 2381 1216; x_wconf 89' lang='lat' dir='ltr'><strong>Unius</strong></span> <span class='ocrx_word' id='word_1_484' title='bbox 2410 1170 2468 1216; x_wconf 89' lang='lat' dir='ltr'><strong>ut</strong></span> <span class='ocrx_word' id='word_1_485' title='bbox 2493 1163 2634 1216; x_wconf 88' lang='lat' dir='ltr'><strong>vultu</strong></span> <span class='ocrx_word' id='word_1_486' title='bbox 2665 1163 2946 1227; x_wconf 89' lang='lat' dir='ltr'><strong>redeunte,</strong></span> <span class='ocrx_word' id='word_1_487' title='bbox 2990 1173 3292 1230; x_wconf 89' lang='lat' dir='ltr'><strong>capesseret</strong></span> <span class='ocrx_word' id='word_1_488' title='bbox 3320 1165 3488 1229; x_wconf 88' lang='lat' dir='ltr'><strong>orbis,</strong></span> 
     </span>
    </p>
   </div>
   <div class='ocr_carea' id='block_1_75' title="bbox 2217 1251 3548 1322">
    <p class='ocr_par' dir='ltr' id='par_1_75' title="bbox 2217 1251 3548 1322">
     <span class='ocr_line' id='line_1_75' title="bbox 2217 1251 3548 1322; baseline 0.003 -17"><span class='ocrx_word' id='word_1_489' title='bbox 2217 1251 2352 1319; x_wconf 86' lang='lat' dir='ltr'><strong>Quid</strong></span> <span class='ocrx_word' id='word_1_490' title='bbox 2380 1253 2582 1306; x_wconf 88' lang='lat' dir='ltr'><strong>cunctis</strong></span> <span class='ocrx_word' id='word_1_491' title='bbox 2607 1252 2845 1306; x_wconf 88' lang='lat' dir='ltr'><strong>conferre</strong></span> <span class='ocrx_word' id='word_1_492' title='bbox 2869 1253 2976 1305; x_wconf 90' lang='lat' dir='ltr'><strong>suis</strong></span> <span class='ocrx_word' id='word_1_493' title='bbox 3007 1262 3092 1308; x_wconf 92' lang='lat' dir='ltr'><strong>tua</strong></span> <span class='ocrx_word' id='word_1_494' title='bbox 3128 1252 3314 1306; x_wconf 82' lang='lat' dir='ltr'><strong>dextra</strong></span> <span class='ocrx_word' id='word_1_495' title='bbox 3348 1257 3548 1322; x_wconf 89' lang='lat' dir='ltr'><strong>pararit.</strong></span> 
     </span>
    </p>
   </div>
   <div class='ocr_carea' id='block_1_76' title="bbox 2217 1340 3533 1410">
    <p class='ocr_par' dir='ltr' id='par_1_76' title="bbox 2217 1340 3533 1410">
     <span class='ocr_line' id='line_1_76' title="bbox 2217 1340 3533 1410; baseline 0.004 -18"><span class='ocrx_word' id='word_1_496' title='bbox 2217 1341 2326 1393; x_wconf 82' lang='lat' dir='ltr'><strong>Nec</strong></span> <span class='ocrx_word' id='word_1_497' title='bbox 2352 1341 2502 1394; x_wconf 87' lang='lat' dir='ltr'><strong>nobis</strong></span> <span class='ocrx_word' id='word_1_498' title='bbox 2528 1340 2777 1395; x_wconf 89' lang='lat' dir='ltr'><strong>fundasse</strong></span> <span class='ocrx_word' id='word_1_499' title='bbox 2803 1342 2972 1395; x_wconf 89' lang='lat' dir='ltr'><strong>solum</strong></span> <span class='ocrx_word' id='word_1_500' title='bbox 3000 1343 3274 1410; x_wconf 87' lang='lat' dir='ltr'><strong>gravidare</strong></span> <span class='ocrx_word' id='word_1_501' title='bbox 3303 1343 3533 1408; x_wconf 81' lang='lat' dir='ltr'><strong>novales,</strong></span> 
     </span>
    </p>
   </div>
   <div class='ocr_carea' id='block_1_77' title="bbox 2132 1429 3422 1499">
    <p class='ocr_par' dir='ltr' id='par_1_77' title="bbox 2132 1429 3422 1499">
     <span class='ocr_line' id='line_1_77' title="bbox 2132 1429 3422 1499; baseline 0.002 -17"><span class='ocrx_word' id='word_1_502' title='bbox 2132 1461 2133 1465; x_wconf 61' lang='grc' dir='ltr'><strong>η</strong></span> <span class='ocrx_word' id='word_1_503' title='bbox 2223 1429 2477 1483; x_wconf 76' lang='lat' dir='ltr'><strong>Eliudisse</strong></span> <span class='ocrx_word' id='word_1_504' title='bbox 2503 1443 2682 1485; x_wconf 85' lang='lat' dir='ltr'><strong>comas</strong></span> <span class='ocrx_word' id='word_1_505' title='bbox 2707 1430 2880 1497; x_wconf 89' lang='lat' dir='ltr'><strong>silvis,</strong></span> <span class='ocrx_word' id='word_1_506' title='bbox 2909 1439 2962 1484; x_wconf 92' lang='lat' dir='ltr'><strong>ct</strong></span> <span class='ocrx_word' id='word_1_507' title='bbox 2983 1432 3216 1499; x_wconf 89' lang='lat' dir='ltr'><strong>gramina</strong></span> <span class='ocrx_word' id='word_1_508' title='bbox 3243 1434 3422 1499; x_wconf 86' lang='lat' dir='ltr'><strong>pratis.</strong></span> 
     </span>
    </p>
   </div>
   <div class='ocr_carea' id='block_1_78' title="bbox 2148 1519 3464 1589">
    <p class='ocr_par' dir='ltr' id='par_1_78' title="bbox 2148 1519 3464 1589">
     <span class='ocr_line' id='line_1_78' title="bbox 2148 1519 3464 1589; baseline 0.002 -16"><span class='ocrx_word' id='word_1_509' title='bbox 2148 1533 2192 1589; x_wconf 80' lang='grc' dir='ltr'><strong>Β</strong></span> <span class='ocrx_word' id='word_1_510' title='bbox 2221 1519 2523 1586; x_wconf 87' lang='lat' dir='ltr'><strong>Subjecisse</strong></span> <span class='ocrx_word' id='word_1_511' title='bbox 2552 1519 2692 1574; x_wconf 83' lang='lat' dir='ltr'><strong>feras</strong></span> <span class='ocrx_word' id='word_1_512' title='bbox 2723 1521 2892 1574; x_wconf 89' lang='lat' dir='ltr'><strong>varios</strong></span> <span class='ocrx_word' id='word_1_513' title='bbox 2922 1535 3176 1575; x_wconf 90' lang='lat' dir='ltr'><strong>renovare</strong></span> <span class='ocrx_word' id='word_1_514' title='bbox 3211 1521 3464 1589; x_wconf 87' lang='lat' dir='ltr'><strong>liquores,</strong></span> 
     </span>
    </p>
   </div>
   <div class='ocr_carea' id='block_1_79' title="bbox 2221 1607 3458 1677">
    <p class='ocr_par' dir='ltr' id='par_1_79' title="bbox 2221 1607 3458 1677">
     <span class='ocr_line' id='line_1_79' title="bbox 2221 1607 3458 1677; baseline 0.002 -17"><span class='ocrx_word' id='word_1_515' title='bbox 2221 1607 2450 1661; x_wconf 83' lang='lat' dir='ltr'><strong>Alitibus</strong></span> <span class='ocrx_word' id='word_1_516' title='bbox 2479 1623 2716 1662; x_wconf 85' lang='lat' dir='ltr'><strong>reserare</strong></span> <span class='ocrx_word' id='word_1_517' title='bbox 2747 1621 2928 1672; x_wconf 86' lang='lat' dir='ltr'><strong>auras,</strong></span> <span class='ocrx_word' id='word_1_518' title='bbox 2958 1618 3012 1662; x_wconf 90' lang='lat' dir='ltr'><strong>et</strong></span> <span class='ocrx_word' id='word_1_519' title='bbox 3039 1609 3270 1677; x_wconf 85' lang='lat' dir='ltr'><strong>piscibus</strong></span> <span class='ocrx_word' id='word_1_520' title='bbox 3298 1611 3458 1664; x_wconf 87' lang='lat' dir='ltr'><strong>undas</strong></span> 
     </span>
    </p>
   </div>
   <div class='ocr_carea' id='block_1_80' title="bbox 2219 1698 3489 1768">
    <p class='ocr_par' dir='ltr' id='par_1_80' title="bbox 2219 1698 3489 1768">
     <span class='ocr_line' id='line_1_80' title="bbox 2219 1698 3489 1768; baseline 0 -15"><span class='ocrx_word' id='word_1_521' title='bbox 2219 1698 2510 1753; x_wconf 88' lang='lat' dir='ltr'><strong>Contentus</strong></span> <span class='ocrx_word' id='word_1_522' title='bbox 2537 1707 2878 1766; x_wconf 88' lang='lat' dir='ltr'><strong>nostrumque</strong></span> <span class='ocrx_word' id='word_1_523' title='bbox 2901 1712 3066 1766; x_wconf 89' lang='lat' dir='ltr'><strong>genus</strong></span> <span class='ocrx_word' id='word_1_524' title='bbox 3090 1699 3299 1753; x_wconf 88' lang='lat' dir='ltr'><strong>ratione</strong></span> <span class='ocrx_word' id='word_1_525' title='bbox 3324 1702 3489 1768; x_wconf 85' lang='lat' dir='ltr'><strong>sagaci</strong></span> 
     </span>
    </p>
   </div>
   <div class='ocr_carea' id='block_1_81' title="bbox 2220 1788 3554 1857">
    <p class='ocr_par' dir='ltr' id='par_1_81' title="bbox 2220 1788 3554 1857">
     <span class='ocr_line' id='line_1_81' title="bbox 2220 1788 3554 1857; baseline 0.001 -15"><span class='ocrx_word' id='word_1_526' title='bbox 2220 1789 2288 1843; x_wconf 85' lang='lat' dir='ltr'><strong>Et</strong></span> <span class='ocrx_word' id='word_1_527' title='bbox 2312 1788 2434 1842; x_wconf 85' lang='lat' dir='ltr'><strong>forti</strong></span> <span class='ocrx_word' id='word_1_528' title='bbox 2462 1788 2695 1843; x_wconf 89' lang='lat' dir='ltr'><strong>munisse</strong></span> <span class='ocrx_word' id='word_1_529' title='bbox 2720 1803 2878 1842; x_wconf 90' lang='lat' dir='ltr'><strong>manu</strong></span> <span class='ocrx_word' id='word_1_530' title='bbox 2898 1829 2911 1852; x_wconf 94' lang='lat'><strong>,</strong></span> <span class='ocrx_word' id='word_1_531' title='bbox 2940 1803 3139 1857; x_wconf 87' lang='lat' dir='ltr'><strong>perque</strong></span> <span class='ocrx_word' id='word_1_532' title='bbox 3167 1801 3308 1842; x_wconf 89' lang='lat' dir='ltr'><strong>astra</strong></span> <span class='ocrx_word' id='word_1_533' title='bbox 3339 1790 3554 1844; x_wconf 81' lang='lat' dir='ltr'><strong>levatum</strong></span> 
     </span>
    </p>
   </div>
   <div class='ocr_carea' id='block_1_82' title="bbox 2221 1877 3397 1952">
    <p class='ocr_par' dir='ltr' id='par_1_82' title="bbox 2221 1877 3397 1952">
     <span class='ocr_line' id='line_1_82' title="bbox 2221 1877 3397 1952; baseline 0.001 -20"><span class='ocrx_word' id='word_1_534' title='bbox 2221 1877 2462 1933; x_wconf 88' lang='lat' dir='ltr'><strong>Erexisse</strong></span> <span class='ocrx_word' id='word_1_535' title='bbox 2482 1886 2639 1952; x_wconf 80' lang='lat' dir='ltr'><strong>caput</strong></span> <span class='ocrx_word' id='word_1_536' title='bbox 2659 1919 2672 1943; x_wconf 91' lang='lat'><strong>,</strong></span> <span class='ocrx_word' id='word_1_537' title='bbox 2703 1887 2876 1932; x_wconf 90' lang='lat' dir='ltr'><strong>motus</strong></span> <span class='ocrx_word' id='word_1_538' title='bbox 2903 1879 3239 1933; x_wconf 91' lang='lat' dir='ltr'><strong>manantibus</strong></span> <span class='ocrx_word' id='word_1_539' title='bbox 3265 1880 3397 1933; x_wconf 90' lang='lat' dir='ltr'><strong>olim</strong></span> 
     </span>
    </p>
   </div>
   <div class='ocr_carea' id='block_1_83' title="bbox 2223 1968 3450 2039">
    <p class='ocr_par' dir='ltr' id='par_1_83' title="bbox 2223 1968 3450 2039">
     <span class='ocr_line' id='line_1_83' title="bbox 2223 1968 3450 2039; baseline -0.002 -16"><span class='ocrx_word' id='word_1_540' title='bbox 2223 1969 2488 2039; x_wconf 87' lang='lat' dir='ltr'><strong>Subvenis</strong></span> <span class='ocrx_word' id='word_1_541' title='bbox 2508 2010 2522 2036; x_wconf 92' lang='lat'><strong>,</strong></span> <span class='ocrx_word' id='word_1_542' title='bbox 2549 1977 2608 2024; x_wconf 88' lang='lat' dir='ltr'><strong>ct.</strong></span> <span class='ocrx_word' id='word_1_543' title='bbox 2633 1968 2785 2038; x_wconf 88' lang='lat' dir='ltr'><strong>primi</strong></span> <span class='ocrx_word' id='word_1_544' title='bbox 2817 1968 3071 2023; x_wconf 89' lang='lat' dir='ltr'><strong>medicata</strong></span> <span class='ocrx_word' id='word_1_545' title='bbox 3102 1968 3218 2028; x_wconf 89' lang='lat' dir='ltr'><strong>labe</strong></span> <span class='ocrx_word' id='word_1_546' title='bbox 3247 1977 3450 2034; x_wconf 88' lang='lat' dir='ltr'><strong>reatus,</strong></span> 
     </span>
    </p>
   </div>
   <div class='ocr_carea' id='block_1_84' title="bbox 2223 2057 3550 2126">
    <p class='ocr_par' dir='ltr' id='par_1_84' title="bbox 2223 2057 3550 2126">
     <span class='ocr_line' id='line_1_84' title="bbox 2223 2057 3550 2126; baseline -0.003 -12"><span class='ocrx_word' id='word_1_547' title='bbox 2223 2057 2522 2114; x_wconf 86' lang='lat' dir='ltr'><strong>Exstinctas</strong></span> <span class='ocrx_word' id='word_1_548' title='bbox 2551 2059 2779 2124; x_wconf 88' lang='lat' dir='ltr'><strong>animas,</strong></span> <span class='ocrx_word' id='word_1_549' title='bbox 2812 2068 2864 2112; x_wconf 92' lang='lat' dir='ltr'><strong>et</strong></span> <span class='ocrx_word' id='word_1_550' title='bbox 2891 2072 3113 2126; x_wconf 91' lang='lat' dir='ltr'><strong>corpora</strong></span> <span class='ocrx_word' id='word_1_551' title='bbox 3145 2058 3323 2111; x_wconf 91' lang='lat' dir='ltr'><strong>functa</strong></span> <span class='ocrx_word' id='word_1_552' title='bbox 3353 2057 3550 2111; x_wconf 85' lang='lat' dir='ltr'><strong>reducis</strong></span> 
     </span>
    </p>
   </div>
   <div class='ocr_carea' id='block_1_85' title="bbox 2223 2146 3558 2218">
    <p class='ocr_par' dir='ltr' id='par_1_85' title="bbox 2223 2146 3558 2218">
     <span class='ocr_line' id='line_1_85' title="bbox 2223 2146 3558 2218; baseline -0.003 -16"><span class='ocrx_word' id='word_1_553' title='bbox 2223 2149 2278 2204; x_wconf 90' lang='lat' dir='ltr'><strong>ln</strong></span> <span class='ocrx_word' id='word_1_554' title='bbox 2302 2149 2515 2214; x_wconf 64' lang='lat' dir='ltr'><strong>malum,</strong></span> <span class='ocrx_word' id='word_1_555' title='bbox 2541 2149 2785 2218; x_wconf 89' lang='lat' dir='ltr'><strong>legesque</strong></span> <span class='ocrx_word' id='word_1_556' title='bbox 2807 2148 2916 2217; x_wconf 90' lang='lat' dir='ltr'><strong>pias</strong></span> <span class='ocrx_word' id='word_1_557' title='bbox 2944 2163 2957 2201; x_wconf 90' lang='lat'><strong>:</strong></span> <span class='ocrx_word' id='word_1_558' title='bbox 2989 2163 3094 2202; x_wconf 87' lang='lat' dir='ltr'><strong>non</strong></span> <span class='ocrx_word' id='word_1_559' title='bbox 3120 2147 3370 2201; x_wconf 88' lang='lat' dir='ltr'><strong>suavibus</strong></span> <span class='ocrx_word' id='word_1_560' title='bbox 3396 2146 3558 2200; x_wconf 84' lang='lat' dir='ltr'><strong>herbis</strong></span> 
     </span>
    </p>
   </div>
   <div class='ocr_carea' id='block_1_86' title="bbox 2229 2229 3529 2304">
    <p class='ocr_par' dir='ltr' id='par_1_86' title="bbox 2229 2229 3529 2304">
     <span class='ocr_line' id='line_1_86' title="bbox 2229 2229 3529 2304; baseline -0.001 -13"><span class='ocrx_word' id='word_1_561' title='bbox 2229 2239 2414 2294; x_wconf 74' lang='lat' dir='ltr'><strong>Ilessis</strong></span> <span class='ocrx_word' id='word_1_562' title='bbox 2437 2246 2492 2293; x_wconf 89' lang='lat' dir='ltr'><strong>et</strong></span> <span class='ocrx_word' id='word_1_563' title='bbox 2512 2239 2745 2293; x_wconf 68' lang='lat' dir='ltr'><strong>emeritae</strong></span> <span class='ocrx_word' id='word_1_564' title='bbox 2763 2279 2777 2304; x_wconf 92' lang='lat'><strong>,</strong></span> <span class='ocrx_word' id='word_1_565' title='bbox 2801 2253 2898 2292; x_wconf 89' lang='lat' dir='ltr'><strong>nec</strong></span> <span class='ocrx_word' id='word_1_566' title='bbox 2919 2229 3091 2291; x_wconf 82' lang='lat' dir='ltr'><strong>mollis</strong></span> <span class='ocrx_word' id='word_1_567' title='bbox 3117 2238 3279 2292; x_wconf 90' lang='lat' dir='ltr'><strong>vestis</strong></span> <span class='ocrx_word' id='word_1_568' title='bbox 3309 2237 3529 2299; x_wconf 89' lang='lat' dir='ltr'><strong>honore,</strong></span> 
     </span>
    </p>
   </div>
   <div class='ocr_carea' id='block_1_87' title="bbox 2230 2326 3479 2396">
    <p class='ocr_par' dir='ltr' id='par_1_87' title="bbox 2230 2326 3479 2396">
     <span class='ocr_line' id='line_1_87' title="bbox 2230 2326 3479 2396; baseline -0.002 -15"><span class='ocrx_word' id='word_1_569' title='bbox 2230 2327 2444 2396; x_wconf 88' lang='lat' dir='ltr'><strong>Fulgida</strong></span> <span class='ocrx_word' id='word_1_570' title='bbox 2470 2328 2671 2381; x_wconf 90' lang='lat' dir='ltr'><strong>Sidonii</strong></span> <span class='ocrx_word' id='word_1_571' title='bbox 2697 2342 2852 2394; x_wconf 92' lang='lat' dir='ltr'><strong>quam</strong></span> <span class='ocrx_word' id='word_1_572' title='bbox 2881 2326 3066 2394; x_wconf 92' lang='lat' dir='ltr'><strong>polluit</strong></span> <span class='ocrx_word' id='word_1_573' title='bbox 3086 2327 3223 2380; x_wconf 89' lang='lat' dir='ltr'><strong>unda</strong></span> <span class='ocrx_word' id='word_1_574' title='bbox 3257 2327 3479 2393; x_wconf 90' lang='lat' dir='ltr'><strong>veneni,</strong></span> 
     </span>
    </p>
   </div>
   <div class='ocr_carea' id='block_1_88' title="bbox 2233 2407 3683 2485">
    <p class='ocr_par' dir='ltr' id='par_1_88' title="bbox 2233 2407 3683 2485">
     <span class='ocr_line' id='line_1_88' title="bbox 2233 2407 3683 2485; baseline -0.001 -15"><span class='ocrx_word' id='word_1_575' title='bbox 2233 2417 2465 2471; x_wconf 85' lang='lat' dir='ltr'><strong>Pellibus</strong></span> <span class='ocrx_word' id='word_1_576' title='bbox 2494 2426 2582 2470; x_wconf 92' lang='lat' dir='ltr'><strong>aut</strong></span> <span class='ocrx_word' id='word_1_577' title='bbox 2610 2407 2821 2485; x_wconf 81' lang='lat' dir='ltr'><strong>Libycis</strong></span> <span class='ocrx_word' id='word_1_578' title='bbox 2855 2416 3157 2483; x_wconf 88' lang='lat' dir='ltr'><strong>redimens,</strong></span> <span class='ocrx_word' id='word_1_579' title='bbox 3191 2428 3282 2470; x_wconf 90' lang='lat' dir='ltr'><strong>aut</strong></span> <span class='ocrx_word' id='word_1_580' title='bbox 3309 2417 3558 2471; x_wconf 87' lang='lat' dir='ltr'><strong>mercibus</strong></span> <span class='ocrx_word' id='word_1_581' title='bbox 3586 2415 3683 2469; x_wconf 78' lang='lat' dir='ltr'><strong>ludis</strong></span> 
     </span>
    </p>
   </div>
   <div class='ocr_carea' id='block_1_89' title="bbox 2226 2506 3634 2575">
    <p class='ocr_par' dir='ltr' id='par_1_89' title="bbox 2226 2506 3634 2575">
     <span class='ocr_line' id='line_1_89' title="bbox 2226 2506 3634 2575; baseline 0.001 -16"><span class='ocrx_word' id='word_1_582' title='bbox 2226 2506 2538 2574; x_wconf 88' lang='lat' dir='ltr'><strong>Progeniem</strong></span> <span class='ocrx_word' id='word_1_583' title='bbox 2565 2506 2887 2575; x_wconf 87' lang='lat' dir='ltr'><strong>stirpemque</strong></span> <span class='ocrx_word' id='word_1_584' title='bbox 2919 2513 3057 2559; x_wconf 88' lang='lat' dir='ltr'><strong>tuam</strong></span> <span class='ocrx_word' id='word_1_585' title='bbox 3077 2546 3090 2568; x_wconf 90' lang='lat'><strong>,</strong></span> <span class='ocrx_word' id='word_1_586' title='bbox 3119 2506 3213 2560; x_wconf 89' lang='lat' dir='ltr'><strong>sed</strong></span> <span class='ocrx_word' id='word_1_587' title='bbox 3242 2507 3492 2575; x_wconf 90' lang='lat' dir='ltr'><strong>sanguine</strong></span> <span class='ocrx_word' id='word_1_588' title='bbox 3521 2520 3634 2560; x_wconf 80' lang='lat' dir='ltr'><strong>sacro</strong></span> 
     </span>
    </p>
   </div>
   <div class='ocr_carea' id='block_1_90' title="bbox 2229 2593 3467 2665">
    <p class='ocr_par' dir='ltr' id='par_1_90' title="bbox 2229 2593 3467 2665">
     <span class='ocr_line' id='line_1_90' title="bbox 2229 2593 3467 2665; baseline 0 -16"><span class='ocrx_word' id='word_1_589' title='bbox 2229 2595 2292 2650; x_wconf 84' lang='lat' dir='ltr'><strong>Et</strong></span> <span class='ocrx_word' id='word_1_590' title='bbox 2315 2597 2482 2665; x_wconf 92' lang='lat' dir='ltr'><strong>pretio</strong></span> <span class='ocrx_word' id='word_1_591' title='bbox 2510 2609 2701 2665; x_wconf 89' lang='lat' dir='ltr'><strong>magno</strong></span> <span class='ocrx_word' id='word_1_592' title='bbox 2729 2593 2924 2659; x_wconf 85' lang='lat' dir='ltr'><strong>donas,</strong></span> <span class='ocrx_word' id='word_1_593' title='bbox 2954 2596 3042 2664; x_wconf 89' lang='lat' dir='ltr'><strong>qui</strong></span> <span class='ocrx_word' id='word_1_594' title='bbox 3064 2595 3265 2650; x_wconf 88' lang='lat' dir='ltr'><strong>lubrica</strong></span> <span class='ocrx_word' id='word_1_595' title='bbox 3293 2610 3467 2649; x_wconf 89' lang='lat' dir='ltr'><strong>mores</strong></span> 
     </span>
    </p>
   </div>
   <div class='ocr_carea' id='block_1_91' title="bbox 2233 2687 3599 2756">
    <p class='ocr_par' dir='ltr' id='par_1_91' title="bbox 2233 2687 3599 2756">
     <span class='ocr_line' id='line_1_91' title="bbox 2233 2687 3599 2756; baseline 0 -16"><span class='ocrx_word' id='word_1_596' title='bbox 2233 2687 2376 2742; x_wconf 90' lang='lat' dir='ltr'><strong>Inter</strong></span> <span class='ocrx_word' id='word_1_597' title='bbox 2399 2689 2634 2741; x_wconf 90' lang='lat' dir='ltr'><strong>membra</strong></span> <span class='ocrx_word' id='word_1_598' title='bbox 2656 2687 2879 2751; x_wconf 83' lang='lat' dir='ltr'><strong>docens,</strong></span> <span class='ocrx_word' id='word_1_599' title='bbox 2903 2695 2961 2740; x_wconf 92' lang='lat' dir='ltr'><strong>ut</strong></span> <span class='ocrx_word' id='word_1_600' title='bbox 2983 2687 3142 2740; x_wconf 90' lang='lat' dir='ltr'><strong>vitam</strong></span> <span class='ocrx_word' id='word_1_601' title='bbox 3163 2687 3388 2741; x_wconf 88' lang='lat' dir='ltr'><strong>reddere</strong></span> <span class='ocrx_word' id='word_1_602' title='bbox 3417 2699 3599 2756; x_wconf 87' lang='lat' dir='ltr'><strong>posses,</strong></span> 
     </span>
    </p>
   </div>
   <div class='ocr_carea' id='block_1_92' title="bbox 2228 2774 3436 2844">
    <p class='ocr_par' dir='ltr' id='par_1_92' title="bbox 2228 2774 3436 2844">
     <span class='ocr_line' id='line_1_92' title="bbox 2228 2774 3436 2844; baseline -0.001 -14"><span class='ocrx_word' id='word_1_603' title='bbox 2228 2776 2411 2830; x_wconf 83' lang='lat' dir='ltr'><strong>Vicisti</strong></span> <span class='ocrx_word' id='word_1_604' title='bbox 2434 2777 2618 2844; x_wconf 91' lang='lat' dir='ltr'><strong>culpas</strong></span> <span class='ocrx_word' id='word_1_605' title='bbox 2645 2775 2843 2830; x_wconf 66' lang='lat' dir='ltr'><strong>merita:</strong></span> <span class='ocrx_word' id='word_1_606' title='bbox 2872 2790 2966 2844; x_wconf 88' lang='lat' dir='ltr'><strong>pro</strong></span> <span class='ocrx_word' id='word_1_607' title='bbox 2988 2774 3206 2834; x_wconf 91' lang='lat' dir='ltr'><strong>crimine</strong></span> <span class='ocrx_word' id='word_1_608' title='bbox 3233 2777 3436 2840; x_wconf 90' lang='lat' dir='ltr'><strong>carnis,</strong></span> 
     </span>
    </p>
   </div>
   <div class='ocr_carea' id='block_1_93' title="bbox 2153 2866 3565 2937">
    <p class='ocr_par' dir='ltr' id='par_1_93' title="bbox 2153 2866 3565 2937">
     <span class='ocr_line' id='line_1_93' title="bbox 2153 2866 3565 2937; baseline -0.003 -18"><span class='ocrx_word' id='word_1_609' title='bbox 2153 2874 2199 2937; x_wconf 66' lang='grc' dir='ltr'>(ζ</span> <span class='ocrx_word' id='word_1_610' title='bbox 2228 2866 2457 2919; x_wconf 85' lang='lat' dir='ltr'><strong>Laudem</strong></span> <span class='ocrx_word' id='word_1_611' title='bbox 2484 2866 2657 2919; x_wconf 86' lang='lat' dir='ltr'><strong>carnis</strong></span> <span class='ocrx_word' id='word_1_612' title='bbox 2684 2877 2872 2933; x_wconf 87' lang='lat' dir='ltr'><strong>agens,</strong></span> <span class='ocrx_word' id='word_1_613' title='bbox 2907 2881 2999 2933; x_wconf 92' lang='lat' dir='ltr'><strong>per</strong></span> <span class='ocrx_word' id='word_1_614' title='bbox 3029 2873 3104 2921; x_wconf 89' lang='lat' dir='ltr'><strong>tot</strong></span> <span class='ocrx_word' id='word_1_615' title='bbox 3129 2868 3372 2934; x_wconf 83' lang='lat' dir='ltr'><strong>contagia</strong></span> <span class='ocrx_word' id='word_1_616' title='bbox 3405 2879 3565 2930; x_wconf 87' lang='lat' dir='ltr'><strong>purus.</strong></span> 
     </span>
    </p>
   </div>
   <div class='ocr_carea' id='block_1_94' title="bbox 2229 2952 3700 3024">
    <p class='ocr_par' dir='ltr' id='par_1_94' title="bbox 2229 2952 3700 3024">
     <span class='ocr_line' id='line_1_94' title="bbox 2229 2952 3700 3024; baseline -0.001 -18"><span class='ocrx_word' id='word_1_617' title='bbox 2229 2954 2449 3024; x_wconf 68' lang='lat' dir='ltr'><strong>Praeque</strong></span> <span class='ocrx_word' id='word_1_618' title='bbox 2476 2954 2690 3009; x_wconf 87' lang='lat' dir='ltr'><strong>homine</strong></span> <span class='ocrx_word' id='word_1_619' title='bbox 2717 2955 3014 3019; x_wconf 89' lang='lat' dir='ltr'><strong>exsultans,</strong></span> <span class='ocrx_word' id='word_1_620' title='bbox 3045 2955 3274 3008; x_wconf 90' lang='lat' dir='ltr'><strong>hominis</strong></span> <span class='ocrx_word' id='word_1_621' title='bbox 3306 2955 3532 3023; x_wconf 86' lang='lat' dir='ltr'><strong>perferre</strong></span> <span class='ocrx_word' id='word_1_622' title='bbox 3555 2952 3700 3006; x_wconf 66' lang='lat' dir='ltr'><strong>dolores</strong></span> 
     </span>
    </p>
   </div>
   <div class='ocr_carea' id='block_1_95' title="bbox 2228 3042 3565 3112">
    <p class='ocr_par' dir='ltr' id='par_1_95' title="bbox 2228 3042 3565 3112">
     <span class='ocr_line' id='line_1_95' title="bbox 2228 3042 3565 3112; baseline 0 -16"><span class='ocrx_word' id='word_1_623' title='bbox 2228 3042 2293 3096; x_wconf 80' lang='lat' dir='ltr'><strong>Et</strong></span> <span class='ocrx_word' id='word_1_624' title='bbox 2315 3051 2537 3097; x_wconf 87' lang='lat' dir='ltr'><strong>mortem</strong></span> <span class='ocrx_word' id='word_1_625' title='bbox 2567 3056 2660 3109; x_wconf 90' lang='lat' dir='ltr'><strong>pro</strong></span> <span class='ocrx_word' id='word_1_626' title='bbox 2683 3052 2854 3097; x_wconf 89' lang='lat' dir='ltr'><strong>morte</strong></span> <span class='ocrx_word' id='word_1_627' title='bbox 2883 3044 3024 3110; x_wconf 83' lang='lat' dir='ltr'><strong>pati,</strong></span> <span class='ocrx_word' id='word_1_628' title='bbox 3057 3044 3354 3112; x_wconf 87' lang='lat' dir='ltr'><strong>persolvere</strong></span> <span class='ocrx_word' id='word_1_629' title='bbox 3381 3045 3565 3112; x_wconf 84' lang='lat' dir='ltr'><strong>signum</strong></span> 
     </span>
    </p>
   </div>
   <div class='ocr_carea' id='block_1_96' title="bbox 2227 3132 3466 3205">
    <p class='ocr_par' dir='ltr' id='par_1_96' title="bbox 2227 3132 3466 3205">
     <span class='ocr_line' id='line_1_96' title="bbox 2227 3132 3466 3205; baseline 0.002 -19"><span class='ocrx_word' id='word_1_630' title='bbox 2227 3132 2483 3187; x_wconf 85' lang='lat' dir='ltr'><strong>Culminis</strong></span> <span class='ocrx_word' id='word_1_631' title='bbox 2507 3133 2726 3189; x_wconf 76' lang='lat' dir='ltr'><strong>:etlierel</strong></span> <span class='ocrx_word' id='word_1_632' title='bbox 2750 3173 2766 3199; x_wconf 93' lang='lat'><strong>,</strong></span> <span class='ocrx_word' id='word_1_633' title='bbox 2796 3149 2888 3204; x_wconf 93' lang='lat' dir='ltr'><strong>pro</strong></span> <span class='ocrx_word' id='word_1_634' title='bbox 2919 3136 3091 3190; x_wconf 86' lang='lat' dir='ltr'><strong>nostri</strong></span> <span class='ocrx_word' id='word_1_635' title='bbox 3113 3134 3298 3190; x_wconf 91' lang='lat' dir='ltr'><strong>funere</strong></span> <span class='ocrx_word' id='word_1_636' title='bbox 3323 3136 3466 3205; x_wconf 88' lang='lat' dir='ltr'><strong>ligni.</strong></span> 
     </span>
    </p>
   </div>
   <div class='ocr_carea' id='block_1_97' title="bbox 2231 3225 3497 3297">
    <p class='ocr_par' dir='ltr' id='par_1_97' title="bbox 2231 3225 3497 3297">
     <span class='ocr_line' id='line_1_97' title="bbox 2231 3225 3497 3297; baseline 0.001 -19"><span class='ocrx_word' id='word_1_637' title='bbox 2231 3225 2307 3278; x_wconf 88' lang='lat' dir='ltr'><strong>Ex</strong></span> <span class='ocrx_word' id='word_1_638' title='bbox 2337 3241 2442 3295; x_wconf 90' lang='lat' dir='ltr'><strong>quo</strong></span> <span class='ocrx_word' id='word_1_639' title='bbox 2472 3242 2624 3294; x_wconf 65' lang='lat' dir='ltr'><strong>paena</strong></span> <span class='ocrx_word' id='word_1_640' title='bbox 2653 3227 2797 3296; x_wconf 93' lang='lat' dir='ltr'><strong>prior</strong></span> <span class='ocrx_word' id='word_1_641' title='bbox 2826 3235 3024 3281; x_wconf 69' lang='lat' dir='ltr'><strong>natura:</strong></span> <span class='ocrx_word' id='word_1_642' title='bbox 3048 3227 3165 3297; x_wconf 83' lang='lat' dir='ltr'><strong>jura</strong></span> <span class='ocrx_word' id='word_1_643' title='bbox 3194 3227 3497 3294; x_wconf 87' lang='lat' dir='ltr'><strong>momordit,</strong></span> 
     </span>
    </p>
   </div>
   <div class='ocr_carea' id='block_1_98' title="bbox 2239 3314 3584 3384">
    <p class='ocr_par' dir='ltr' id='par_1_98' title="bbox 2239 3314 3584 3384">
     <span class='ocr_line' id='line_1_98' title="bbox 2239 3314 3584 3384; baseline 0.001 -18"><span class='ocrx_word' id='word_1_644' title='bbox 2239 3314 2550 3383; x_wconf 81' lang='lat' dir='ltr'><strong>Rumpentis</strong></span> <span class='ocrx_word' id='word_1_645' title='bbox 2578 3316 2841 3380; x_wconf 89' lang='lat' dir='ltr'><strong>monitus,</strong></span> <span class='ocrx_word' id='word_1_646' title='bbox 2871 3325 2920 3369; x_wconf 90' lang='lat' dir='ltr'><strong>et</strong></span> <span class='ocrx_word' id='word_1_647' title='bbox 2948 3317 3097 3384; x_wconf 90' lang='lat' dir='ltr'><strong>jussa</strong></span> <span class='ocrx_word' id='word_1_648' title='bbox 3125 3315 3354 3371; x_wconf 87' lang='lat' dir='ltr'><strong>verenda</strong></span> <span class='ocrx_word' id='word_1_649' title='bbox 3385 3315 3584 3384; x_wconf 88' lang='lat' dir='ltr'><strong>parentis</strong></span> 
     </span>
    </p>
   </div>
   <div class='ocr_carea' id='block_1_99' title="bbox 2234 3405 3502 3475">
    <p class='ocr_par' dir='ltr' id='par_1_99' title="bbox 2234 3405 3502 3475">
     <span class='ocr_line' id='line_1_99' title="bbox 2234 3405 3502 3475; baseline 0 -16"><span class='ocrx_word' id='word_1_650' title='bbox 2234 3406 2565 3474; x_wconf 82' lang='lat' dir='ltr'><strong>Artificisque</strong></span> <span class='ocrx_word' id='word_1_651' title='bbox 2593 3407 2708 3472; x_wconf 86' lang='lat' dir='ltr'><strong>sui,</strong></span> <span class='ocrx_word' id='word_1_652' title='bbox 2737 3406 2820 3460; x_wconf 94' lang='lat' dir='ltr'><strong>cui</strong></span> <span class='ocrx_word' id='word_1_653' title='bbox 2838 3405 3030 3474; x_wconf 79' lang='lat' dir='ltr'><strong>iugiter</strong></span> <span class='ocrx_word' id='word_1_654' title='bbox 3051 3421 3168 3461; x_wconf 87' lang='lat' dir='ltr'><strong>esse</strong></span> <span class='ocrx_word' id='word_1_655' title='bbox 3189 3407 3502 3475; x_wconf 87' lang='lat' dir='ltr'><strong>precandum</strong></span> 
     </span>
    </p>
   </div>
   <div class='ocr_carea' id='block_1_100' title="bbox 2235 3495 3502 3563">
    <p class='ocr_par' dir='ltr' id='par_1_100' title="bbox 2235 3495 3502 3563">
     <span class='ocr_line' id='line_1_100' title="bbox 2235 3495 3502 3563; baseline -0.002 -12"><span class='ocrx_word' id='word_1_656' title='bbox 2235 3497 2476 3551; x_wconf 85' lang='lat' dir='ltr'><strong>Extensis</strong></span> <span class='ocrx_word' id='word_1_657' title='bbox 2503 3496 2738 3549; x_wconf 84' lang='lat' dir='ltr'><strong>manibus</strong></span> <span class='ocrx_word' id='word_1_658' title='bbox 2758 3539 2773 3563; x_wconf 89' lang='lat'><strong>,</strong></span> <span class='ocrx_word' id='word_1_659' title='bbox 2804 3495 3027 3550; x_wconf 91' lang='lat' dir='ltr'><strong>merenti</strong></span> <span class='ocrx_word' id='word_1_660' title='bbox 3056 3497 3107 3549; x_wconf 93' lang='lat' dir='ltr'><strong>in</strong></span> <span class='ocrx_word' id='word_1_661' title='bbox 3139 3496 3321 3550; x_wconf 85' lang='lat' dir='ltr'><strong>funere</strong></span> <span class='ocrx_word' id='word_1_662' title='bbox 3347 3506 3502 3549; x_wconf 65' lang='lat' dir='ltr'><strong>tensa:</strong></span> 
     </span>
    </p>
   </div>
   <div class='ocr_carea' id='block_1_101' title="bbox 2237 3585 3480 3654">
    <p class='ocr_par' dir='ltr' id='par_1_101' title="bbox 2237 3585 3480 3654">
     <span class='ocr_line' id='line_1_101' title="bbox 2237 3585 3480 3654; baseline -0.001 -15"><span class='ocrx_word' id='word_1_663' title='bbox 2237 3586 2590 3644; x_wconf 76' lang='lat' dir='ltr'><strong>Monstravere</strong></span> <span class='ocrx_word' id='word_1_664' title='bbox 2615 3599 2799 3643; x_wconf 91' lang='lat' dir='ltr'><strong>manus</strong></span> <span class='ocrx_word' id='word_1_665' title='bbox 2819 3624 2834 3649; x_wconf 89' lang='lat'><strong>,</strong></span> <span class='ocrx_word' id='word_1_666' title='bbox 2867 3593 2923 3638; x_wconf 92' lang='lat' dir='ltr'><strong>ut</strong></span> <span class='ocrx_word' id='word_1_667' title='bbox 2947 3585 3100 3638; x_wconf 84' lang='lat' dir='ltr'><strong>vivax</strong></span> <span class='ocrx_word' id='word_1_668' title='bbox 3132 3585 3298 3654; x_wconf 90' lang='lat' dir='ltr'><strong>gloria</strong></span> <span class='ocrx_word' id='word_1_669' title='bbox 3330 3585 3480 3638; x_wconf 89' lang='lat' dir='ltr'><strong>terris</strong></span> 
     </span>
    </p>
   </div>
   <div class='ocr_carea' id='block_1_102' title="bbox 2238 3675 3586 3744">
    <p class='ocr_par' dir='ltr' id='par_1_102' title="bbox 2238 3675 3586 3744">
     <span class='ocr_line' id='line_1_102' title="bbox 2238 3675 3586 3744; baseline -0.001 -16"><span class='ocrx_word' id='word_1_670' title='bbox 2238 3677 2540 3739; x_wconf 81' lang='lat' dir='ltr'><strong>Assercret,</strong></span> <span class='ocrx_word' id='word_1_671' title='bbox 2575 3684 2832 3729; x_wconf 90' lang='lat' dir='ltr'><strong>tormenta</strong></span> <span class='ocrx_word' id='word_1_672' title='bbox 2860 3675 3029 3730; x_wconf 88' lang='lat' dir='ltr'><strong>crucis</strong></span> <span class='ocrx_word' id='word_1_673' title='bbox 3057 3691 3154 3730; x_wconf 90' lang='lat' dir='ltr'><strong>nec</strong></span> <span class='ocrx_word' id='word_1_674' title='bbox 3178 3677 3399 3744; x_wconf 90' lang='lat' dir='ltr'><strong>quisque</strong></span> <span class='ocrx_word' id='word_1_675' title='bbox 3420 3682 3586 3729; x_wconf 76' lang='lat' dir='ltr'><strong>recusat</strong></span> 
     </span>
    </p>
   </div>
   <div class='ocr_carea' id='block_1_103' title="bbox 2238 3763 3607 3830">
    <p class='ocr_par' dir='ltr' id='par_1_103' title="bbox 2238 3763 3607 3830">
     <span class='ocr_line' id='line_1_103' title="bbox 2238 3763 3607 3830; baseline -0.003 -12"><span class='ocrx_word' id='word_1_676' title='bbox 2238 3765 2338 3819; x_wconf 89' lang='lat' dir='ltr'><strong>Pro</strong></span> <span class='ocrx_word' id='word_1_677' title='bbox 2366 3765 2587 3819; x_wconf 87' lang='lat' dir='ltr'><strong>Domino</strong></span> <span class='ocrx_word' id='word_1_678' title='bbox 2611 3766 2835 3821; x_wconf 89' lang='lat' dir='ltr'><strong>tolerare</strong></span> <span class='ocrx_word' id='word_1_679' title='bbox 2864 3766 3060 3830; x_wconf 87' lang='lat' dir='ltr'><strong>libens,</strong></span> <span class='ocrx_word' id='word_1_680' title='bbox 3091 3765 3458 3824; x_wconf 89' lang='lat' dir='ltr'><strong>cunctantibus</strong></span> <span class='ocrx_word' id='word_1_681' title='bbox 3482 3763 3607 3822; x_wconf 87' lang='lat' dir='ltr'><strong>ulnis.</strong></span> 
     </span>
    </p>
   </div>
   <div class='ocr_carea' id='block_1_104' title="bbox 2238 3854 3632 3924">
    <p class='ocr_par' dir='ltr' id='par_1_104' title="bbox 2238 3854 3632 3924">
     <span class='ocr_line' id='line_1_104' title="bbox 2238 3854 3632 3924; baseline -0.004 -16"><span class='ocrx_word' id='word_1_682' title='bbox 2238 3855 2383 3920; x_wconf 88' lang='lat' dir='ltr'><strong>Quod</strong></span> <span class='ocrx_word' id='word_1_683' title='bbox 2413 3856 2660 3909; x_wconf 90' lang='lat' dir='ltr'><strong>Dominus</strong></span> <span class='ocrx_word' id='word_1_684' title='bbox 2686 3870 2779 3924; x_wconf 93' lang='lat' dir='ltr'><strong>pro</strong></span> <span class='ocrx_word' id='word_1_685' title='bbox 2804 3855 2958 3924; x_wconf 92' lang='lat' dir='ltr'><strong>plebe</strong></span> <span class='ocrx_word' id='word_1_686' title='bbox 2987 3856 3104 3908; x_wconf 90' lang='lat' dir='ltr'><strong>tulit</strong></span> <span class='ocrx_word' id='word_1_687' title='bbox 3131 3871 3148 3909; x_wconf 73' lang='grc' dir='ltr'>ε</span> <span class='ocrx_word' id='word_1_688' title='bbox 3174 3871 3276 3910; x_wconf 82' lang='lat' dir='ltr'><strong>nec</strong></span> <span class='ocrx_word' id='word_1_689' title='bbox 3300 3854 3474 3909; x_wconf 83' lang='lat' dir='ltr'><strong>dicere</strong></span> <span class='ocrx_word' id='word_1_690' title='bbox 3495 3854 3556 3907; x_wconf 81' lang='lat' dir='ltr'><strong>fas</strong></span> <span class='ocrx_word' id='word_1_691' title='bbox 3574 3860 3632 3903; x_wconf 84' lang='lat' dir='ltr'><strong>est</strong></span> 
     </span>
    </p>
   </div>
   <div class='ocr_carea' id='block_1_105' title="bbox 2238 3947 3517 4018">
    <p class='ocr_par' dir='ltr' id='par_1_105' title="bbox 2238 3947 3517 4018">
     <span class='ocr_line' id='line_1_105' title="bbox 2238 3947 3517 4018; baseline 0.001 -20"><span class='ocrx_word' id='word_1_692' title='bbox 2238 3947 2488 4001; x_wconf 79' lang='lat' dir='ltr'><strong>Sensibus</strong></span> <span class='ocrx_word' id='word_1_693' title='bbox 2517 3948 2716 4018; x_wconf 81' lang='lat' dir='ltr'><strong>exiguis</strong></span> <span class='ocrx_word' id='word_1_694' title='bbox 2734 3986 2749 4012; x_wconf 96' lang='lat'><strong>,</strong></span> <span class='ocrx_word' id='word_1_695' title='bbox 2781 3957 2976 4016; x_wconf 89' lang='lat' dir='ltr'><strong>quanto</strong></span> <span class='ocrx_word' id='word_1_696' title='bbox 3003 3947 3299 4001; x_wconf 91' lang='lat' dir='ltr'><strong>celebratur</strong></span> <span class='ocrx_word' id='word_1_697' title='bbox 3338 3947 3517 4000; x_wconf 89' lang='lat' dir='ltr'><strong>honore</strong></span> 
     </span>
    </p>
   </div>
   <div class='ocr_carea' id='block_1_106' title="bbox 2237 4037 3516 4106">
    <p class='ocr_par' dir='ltr' id='par_1_106' title="bbox 2237 4037 3516 4106">
     <span class='ocr_line' id='line_1_106' title="bbox 2237 4037 3516 4106; baseline -0.002 -14"><span class='ocrx_word' id='word_1_698' title='bbox 2237 4037 2413 4092; x_wconf 86' lang='lat' dir='ltr'><strong>Gratia</strong></span> <span class='ocrx_word' id='word_1_699' title='bbox 2433 4080 2448 4101; x_wconf 89' lang='lat'><strong>,</strong></span> <span class='ocrx_word' id='word_1_700' title='bbox 2469 4054 2585 4106; x_wconf 69' lang='lat' dir='ltr'><strong>qua:</strong></span> <span class='ocrx_word' id='word_1_701' title='bbox 2608 4039 2744 4092; x_wconf 90' lang='lat' dir='ltr'><strong>sacri</strong></span> <span class='ocrx_word' id='word_1_702' title='bbox 2770 4053 3011 4093; x_wconf 87' lang='lat' dir='ltr'><strong>reserans</strong></span> <span class='ocrx_word' id='word_1_703' title='bbox 3037 4038 3322 4106; x_wconf 85' lang='lat' dir='ltr'><strong>penetralia</strong></span> <span class='ocrx_word' id='word_1_704' title='bbox 3348 4037 3516 4100; x_wconf 83' lang='lat' dir='ltr'><strong>fontis,</strong></span> 
     </span>
    </p>
   </div>
   <div class='ocr_carea' id='block_1_107' title="bbox 2238 4121 3592 4194">
    <p class='ocr_par' dir='ltr' id='par_1_107' title="bbox 2238 4121 3592 4194">
     <span class='ocr_line' id='line_1_107' title="bbox 2238 4121 3592 4194; baseline -0.004 -17"><span class='ocrx_word' id='word_1_705' title='bbox 2238 4124 2492 4179; x_wconf 88' lang='lat' dir='ltr'><strong>Provocat</strong></span> <span class='ocrx_word' id='word_1_706' title='bbox 2513 4125 2576 4178; x_wconf 90' lang='lat' dir='ltr'><strong>ad</strong></span> <span class='ocrx_word' id='word_1_707' title='bbox 2603 4126 2805 4179; x_wconf 90' lang='lat' dir='ltr'><strong>veniam</strong></span> <span class='ocrx_word' id='word_1_708' title='bbox 2834 4135 3048 4179; x_wconf 87' lang='lat' dir='ltr'><strong>cunctos</strong></span> <span class='ocrx_word' id='word_1_709' title='bbox 3076 4142 3090 4178; x_wconf 91' lang='lat'><strong>:</strong></span> <span class='ocrx_word' id='word_1_710' title='bbox 3124 4126 3412 4194; x_wconf 88' lang='lat' dir='ltr'><strong>meliusque</strong></span> <span class='ocrx_word' id='word_1_711' title='bbox 3441 4121 3592 4179; x_wconf 82' lang='lat' dir='ltr'><strong>renasci</strong></span> 
     </span>
    </p>
   </div>
   <div class='ocr_carea' id='block_1_108' title="bbox 2166 4208 3579 4282">
    <p class='ocr_par' dir='ltr' id='par_1_108' title="bbox 2166 4208 3579 4282">
     <span class='ocr_line' id='line_1_108' title="bbox 2166 4208 3579 4282; baseline -0.005 -14"><span class='ocrx_word' id='word_1_712' title='bbox 2166 4208 2212 4268; x_wconf 96' lang='lat' dir='ltr'><strong>D</strong></span> <span class='ocrx_word' id='word_1_713' title='bbox 2239 4212 2400 4268; x_wconf 87' lang='lat' dir='ltr'><strong>Posse</strong></span> <span class='ocrx_word' id='word_1_714' title='bbox 2427 4213 2597 4277; x_wconf 88' lang='lat' dir='ltr'><strong>dedit,</strong></span> <span class='ocrx_word' id='word_1_715' title='bbox 2628 4227 2946 4281; x_wconf 86' lang='lat' dir='ltr'><strong>superasque</strong></span> <span class='ocrx_word' id='word_1_716' title='bbox 2969 4212 3110 4270; x_wconf 85' lang='lat' dir='ltr'><strong>fores</strong></span> <span class='ocrx_word' id='word_1_717' title='bbox 3131 4227 3182 4268; x_wconf 88' lang='lat' dir='ltr'><strong>et</strong></span> <span class='ocrx_word' id='word_1_718' title='bbox 3212 4215 3389 4266; x_wconf 84' lang='lat' dir='ltr'><strong>limina</strong></span> <span class='ocrx_word' id='word_1_719' title='bbox 3413 4210 3579 4282; x_wconf 80' lang='lat' dir='ltr'><strong>pandit,</strong></span> 
     </span>
    </p>
   </div>
   <div class='ocr_carea' id='block_1_109' title="bbox 2242 4303 3504 4374">
    <p class='ocr_par' dir='ltr' id='par_1_109' title="bbox 2242 4303 3504 4374">
     <span class='ocr_line' id='line_1_109' title="bbox 2242 4303 3504 4374; baseline -0.002 -17"><span class='ocrx_word' id='word_1_720' title='bbox 2242 4303 2321 4358; x_wconf 85' lang='lat' dir='ltr'><strong>Ad</strong></span> <span class='ocrx_word' id='word_1_721' title='bbox 2351 4305 2526 4358; x_wconf 88' lang='lat' dir='ltr'><strong>mundi</strong></span> <span class='ocrx_word' id='word_1_722' title='bbox 2556 4305 2771 4374; x_wconf 81' lang='lat' dir='ltr'><strong>petieris</strong></span> <span class='ocrx_word' id='word_1_723' title='bbox 2796 4305 2913 4370; x_wconf 87' lang='lat' dir='ltr'><strong>iter,</strong></span> <span class='ocrx_word' id='word_1_724' title='bbox 2943 4319 3265 4374; x_wconf 80' lang='lat' dir='ltr'><strong>regnumque</strong></span> <span class='ocrx_word' id='word_1_725' title='bbox 3294 4316 3504 4373; x_wconf 86' lang='lat' dir='ltr'><strong>perenne</strong></span> 
     </span>
    </p>
   </div>
   <div class='ocr_carea' id='block_1_110' title="bbox 2243 4393 3461 4464">
    <p class='ocr_par' dir='ltr' id='par_1_110' title="bbox 2243 4393 3461 4464">
     <span class='ocr_line' id='line_1_110' title="bbox 2243 4393 3461 4464; baseline -0.002 -16"><span class='ocrx_word' id='word_1_726' title='bbox 2243 4393 2482 4449; x_wconf 75' lang='lat' dir='ltr'><strong>Ctelestis</strong></span> <span class='ocrx_word' id='word_1_727' title='bbox 2505 4395 2685 4464; x_wconf 75' lang='lat' dir='ltr'><strong>patria:</strong></span> <span class='ocrx_word' id='word_1_728' title='bbox 2711 4413 2721 4446; x_wconf 94' lang='lat'>:</span> <span class='ocrx_word' id='word_1_729' title='bbox 2743 4394 2849 4463; x_wconf 88' lang='lat' dir='ltr'><strong>jam</strong></span> <span class='ocrx_word' id='word_1_730' title='bbox 2875 4410 2977 4451; x_wconf 91' lang='lat' dir='ltr'><strong>non</strong></span> <span class='ocrx_word' id='word_1_731' title='bbox 3005 4394 3089 4450; x_wconf 90' lang='lat' dir='ltr'><strong>hic</strong></span> <span class='ocrx_word' id='word_1_732' title='bbox 3111 4395 3260 4448; x_wconf 87' lang='lat' dir='ltr'><strong>arida</strong></span> <span class='ocrx_word' id='word_1_733' title='bbox 3281 4395 3461 4457; x_wconf 85' lang='lat' dir='ltr'><strong>febris,</strong></span> 
     </span>
    </p>
   </div>
   <div class='ocr_carea' id='block_1_111' title="bbox 2245 4469 3672 4551">
    <p class='ocr_par' dir='ltr' id='par_1_111' title="bbox 2245 4469 3672 4551">
     <span class='ocr_line' id='line_1_111' title="bbox 2245 4469 3672 4551; baseline -0.013 -14"><span class='ocrx_word' id='word_1_734' title='bbox 2245 4483 2356 4537; x_wconf 83' lang='lat' dir='ltr'><strong>Non</strong></span> <span class='ocrx_word' id='word_1_735' title='bbox 2384 4484 2528 4551; x_wconf 90' lang='lat' dir='ltr'><strong>sitis,</strong></span> <span class='ocrx_word' id='word_1_736' title='bbox 2556 4492 2644 4539; x_wconf 90' lang='lat' dir='ltr'><strong>aut</strong></span> <span class='ocrx_word' id='word_1_737' title='bbox 2670 4483 2895 4538; x_wconf 85' lang='lat' dir='ltr'><strong>violenta</strong></span> <span class='ocrx_word' id='word_1_738' title='bbox 2926 4483 3124 4550; x_wconf 84' lang='lat' dir='ltr'><strong>fames,</strong></span> <span class='ocrx_word' id='word_1_739' title='bbox 3157 4499 3260 4538; x_wconf 90' lang='lat' dir='ltr'><strong>non</strong></span> <span class='ocrx_word' id='word_1_740' title='bbox 3297 4484 3485 4537; x_wconf 83' lang='lat' dir='ltr'><strong>ﬂamma</strong></span> <span class='ocrx_word' id='word_1_741' title='bbox 3513 4469 3672 4528; x_wconf 83' lang='lat' dir='ltr'><strong>timoris:</strong></span> 
     </span>
    </p>
   </div>
   <div class='ocr_carea' id='block_1_112' title="bbox 2246 4569 3631 4642">
    <p class='ocr_par' dir='ltr' id='par_1_112' title="bbox 2246 4569 3631 4642">
     <span class='ocr_line' id='line_1_112' title="bbox 2246 4569 3631 4642; baseline -0.005 -16"><span class='ocrx_word' id='word_1_742' title='bbox 2246 4573 2353 4627; x_wconf 85' lang='lat' dir='ltr'><strong>Nec</strong></span> <span class='ocrx_word' id='word_1_743' title='bbox 2380 4573 2572 4628; x_wconf 90' lang='lat' dir='ltr'><strong>bellum</strong></span> <span class='ocrx_word' id='word_1_744' title='bbox 2589 4613 2606 4637; x_wconf 95' lang='lat'><strong>,</strong></span> <span class='ocrx_word' id='word_1_745' title='bbox 2633 4587 2728 4628; x_wconf 89' lang='lat' dir='ltr'><strong>nec</strong></span> <span class='ocrx_word' id='word_1_746' title='bbox 2757 4572 2968 4628; x_wconf 83' lang='lat' dir='ltr'><strong>morbus</strong></span> <span class='ocrx_word' id='word_1_747' title='bbox 2991 4575 3120 4639; x_wconf 88' lang='lat' dir='ltr'><strong>erit,</strong></span> <span class='ocrx_word' id='word_1_748' title='bbox 3153 4589 3251 4628; x_wconf 89' lang='lat' dir='ltr'><strong>nec</strong></span> <span class='ocrx_word' id='word_1_749' title='bbox 3266 4575 3446 4642; x_wconf 81' lang='lat' dir='ltr'><strong>&#39;iniqua</strong></span> <span class='ocrx_word' id='word_1_750' title='bbox 3470 4569 3631 4638; x_wconf 70' lang='lat' dir='ltr'><strong>potestas</strong></span> 
     </span>
    </p>
   </div>
   <div class='ocr_carea' id='block_1_113' title="bbox 2247 4661 3562 4731">
    <p class='ocr_par' dir='ltr' id='par_1_113' title="bbox 2247 4661 3562 4731">
     <span class='ocr_line' id='line_1_113' title="bbox 2247 4661 3562 4731; baseline -0.005 -15"><span class='ocrx_word' id='word_1_751' title='bbox 2247 4661 2437 4718; x_wconf 63' lang='lat' dir='ltr'><strong>Saeviet</strong></span> <span class='ocrx_word' id='word_1_752' title='bbox 2453 4702 2472 4727; x_wconf 85' lang='lat'><strong>,</strong></span> <span class='ocrx_word' id='word_1_753' title='bbox 2498 4672 2587 4716; x_wconf 88' lang='lat' dir='ltr'><strong>aut</strong></span> <span class='ocrx_word' id='word_1_754' title='bbox 2612 4663 2752 4718; x_wconf 82' lang='lat' dir='ltr'><strong>ferro</strong></span> <span class='ocrx_word' id='word_1_755' title='bbox 2777 4663 3048 4731; x_wconf 88' lang='lat' dir='ltr'><strong>quisquam</strong></span> <span class='ocrx_word' id='word_1_756' title='bbox 3075 4664 3342 4718; x_wconf 78' lang='lat' dir='ltr'><strong>exercebit</strong></span> <span class='ocrx_word' id='word_1_757' title='bbox 3369 4662 3562 4722; x_wconf 79' lang='lat' dir='ltr'><strong>adempto</strong></span> 
     </span>
    </p>
   </div>
   <div class='ocr_carea' id='block_1_114' title="bbox 2244 4746 3577 4821">
    <p class='ocr_par' dir='ltr' id='par_1_114' title="bbox 2244 4746 3577 4821">
     <span class='ocr_line' id='line_1_114' title="bbox 2244 4746 3577 4821; baseline -0.01 -13"><span class='ocrx_word' id='word_1_758' title='bbox 2244 4753 2269 4808; x_wconf 83' lang='lat' dir='ltr'><strong>J</strong></span> <span class='ocrx_word' id='word_1_759' title='bbox 2279 4767 2337 4807; x_wconf 92' lang='lat' dir='ltr'><strong>us</strong></span> <span class='ocrx_word' id='word_1_760' title='bbox 2365 4754 2607 4818; x_wconf 86' lang='lat' dir='ltr'><strong>sceleris,</strong></span> <span class='ocrx_word' id='word_1_761' title='bbox 2632 4764 2874 4821; x_wconf 83' lang='lat' dir='ltr'><strong>raptorve</strong></span> <span class='ocrx_word' id='word_1_762' title='bbox 2902 4767 3095 4809; x_wconf 90' lang='lat' dir='ltr'><strong>nocens</strong></span> <span class='ocrx_word' id='word_1_763' title='bbox 3119 4753 3456 4807; x_wconf 87' lang='lat' dir='ltr'><strong>dominabitur</strong></span> <span class='ocrx_word' id='word_1_764' title='bbox 3475 4746 3577 4801; x_wconf 81' lang='lat' dir='ltr'><strong>ullus</strong></span> 
     </span>
    </p>
   </div>
   <div class='ocr_carea' id='block_1_115' title="bbox 2245 4842 3481 4912">
    <p class='ocr_par' dir='ltr' id='par_1_115' title="bbox 2245 4842 3481 4912">
     <span class='ocr_line' id='line_1_115' title="bbox 2245 4842 3481 4912; baseline 0.001 -14"><span class='ocrx_word' id='word_1_765' title='bbox 2245 4846 2434 4898; x_wconf 89' lang='lat' dir='ltr'><strong>Sancta</strong></span> <span class='ocrx_word' id='word_1_766' title='bbox 2460 4843 2614 4911; x_wconf 90' lang='lat' dir='ltr'><strong>sede,</strong></span> <span class='ocrx_word' id='word_1_767' title='bbox 2645 4844 2713 4912; x_wconf 90' lang='lat' dir='ltr'><strong>pii</strong></span> <span class='ocrx_word' id='word_1_768' title='bbox 2744 4842 3020 4910; x_wconf 84' lang='lat' dir='ltr'><strong>portabunt</strong></span> <span class='ocrx_word' id='word_1_769' title='bbox 3045 4845 3257 4912; x_wconf 69' lang='lat' dir='ltr'><strong>prremia</strong></span> <span class='ocrx_word' id='word_1_770' title='bbox 3296 4855 3481 4901; x_wconf 69' lang='lat' dir='ltr'><strong>mores,</strong></span> 
     </span>
    </p>
   </div>
   <div class='ocr_carea' id='block_1_116' title="bbox 2249 4931 3531 5001">
    <p class='ocr_par' dir='ltr' id='par_1_116' title="bbox 2249 4931 3531 5001">
     <span class='ocr_line' id='line_1_116' title="bbox 2249 4931 3531 5001; baseline -0.005 -16"><span class='ocrx_word' id='word_1_771' title='bbox 2249 4931 2462 4987; x_wconf 86' lang='lat' dir='ltr'><strong>Etfidus</strong></span> <span class='ocrx_word' id='word_1_772' title='bbox 2489 4931 2782 5000; x_wconf 89' lang='lat' dir='ltr'><strong>splendebit</strong></span> <span class='ocrx_word' id='word_1_773' title='bbox 2811 4945 2976 4996; x_wconf 90' lang='lat' dir='ltr'><strong>amor,</strong></span> <span class='ocrx_word' id='word_1_774' title='bbox 3006 4931 3287 5001; x_wconf 70' lang='lat' dir='ltr'><strong>viridisque</strong></span> <span class='ocrx_word' id='word_1_775' title='bbox 3312 4933 3531 5000; x_wconf 82' lang='lat' dir='ltr'><strong>juventus.</strong></span> 
     </span>
    </p>
   </div>
   <div class='ocr_carea' id='block_1_117' title="bbox 2248 5022 3501 5090">
    <p class='ocr_par' dir='ltr' id='par_1_117' title="bbox 2248 5022 3501 5090">
     <span class='ocr_line' id='line_1_117' title="bbox 2248 5022 3501 5090; baseline 0 -14"><span class='ocrx_word' id='word_1_776' title='bbox 2248 5022 2364 5076; x_wconf 86' lang='lat' dir='ltr'><strong>Non</strong></span> <span class='ocrx_word' id='word_1_777' title='bbox 2392 5031 2602 5090; x_wconf 89' lang='lat' dir='ltr'><strong>reptans</strong></span> <span class='ocrx_word' id='word_1_778' title='bbox 2631 5023 2813 5076; x_wconf 87' lang='lat' dir='ltr'><strong>tacitos</strong></span> <span class='ocrx_word' id='word_1_779' title='bbox 2839 5022 3050 5075; x_wconf 85' lang='lat' dir='ltr'><strong>infantia</strong></span> <span class='ocrx_word' id='word_1_780' title='bbox 3074 5032 3314 5076; x_wconf 72' lang='lat' dir='ltr'><strong>conteret</strong></span> <span class='ocrx_word' id='word_1_781' title='bbox 3338 5031 3501 5076; x_wconf 80' lang='lat' dir='ltr'><strong>annos.</strong></span> 
     </span>
    </p>
   </div>
   <div class='ocr_carea' id='block_1_118' title="bbox 2251 5110 3461 5166">
    <p class='ocr_par' dir='ltr' id='par_1_118' title="bbox 2251 5110 3461 5166">
     <span class='ocr_line' id='line_1_118' title="bbox 2251 5110 3461 5166; baseline -0.003 -2"><span class='ocrx_word' id='word_1_782' title='bbox 2251 5111 2415 5165; x_wconf 88' lang='lat' dir='ltr'><strong>Curva</strong></span> <span class='ocrx_word' id='word_1_783' title='bbox 2442 5125 2537 5164; x_wconf 91' lang='lat' dir='ltr'><strong>nec</strong></span> <span class='ocrx_word' id='word_1_784' title='bbox 2561 5119 2742 5165; x_wconf 83' lang='lat' dir='ltr'><strong>exusto</strong></span> <span class='ocrx_word' id='word_1_785' title='bbox 2769 5110 3052 5166; x_wconf 89' lang='lat' dir='ltr'><strong>sulcabitnr</strong></span> <span class='ocrx_word' id='word_1_786' title='bbox 3079 5125 3168 5164; x_wconf 92' lang='lat' dir='ltr'><strong>ore</strong></span> <span class='ocrx_word' id='word_1_787' title='bbox 3197 5121 3461 5163; x_wconf 83' lang='lat' dir='ltr'><strong>senectus:</strong></span> 
     </span>
    </p>
   </div>
   <div class='ocr_carea' id='block_1_119' title="bbox 2253 5199 3400 5267">
    <p class='ocr_par' dir='ltr' id='par_1_119' title="bbox 2253 5199 3400 5267">
     <span class='ocr_line' id='line_1_119' title="bbox 2253 5199 3400 5267; baseline -0.005 -11"><span class='ocrx_word' id='word_1_788' title='bbox 2253 5202 2375 5256; x_wconf 90' lang='lat' dir='ltr'><strong>Sola</strong></span> <span class='ocrx_word' id='word_1_789' title='bbox 2404 5201 2550 5267; x_wconf 89' lang='lat' dir='ltr'><strong>quies</strong></span> <span class='ocrx_word' id='word_1_790' title='bbox 2579 5201 2693 5254; x_wconf 66' lang='lat' dir='ltr'><strong>laeta</strong></span> <span class='ocrx_word' id='word_1_791' title='bbox 2725 5200 2953 5253; x_wconf 89' lang='lat' dir='ltr'><strong>instabili</strong></span> <span class='ocrx_word' id='word_1_792' title='bbox 2988 5199 3241 5252; x_wconf 61' lang='lat' dir='ltr'><strong>laetabitur</strong></span> <span class='ocrx_word' id='word_1_793' title='bbox 3271 5215 3400 5252; x_wconf 64' lang='lat' dir='ltr'><strong>aevo.</strong></span> 
     </span>
    </p>
   </div>
   <div class='ocr_carea' id='block_1_120' title="bbox 2254 5289 3491 5360">
    <p class='ocr_par' dir='ltr' id='par_1_120' title="bbox 2254 5289 3491 5360">
     <span class='ocr_line' id='line_1_120' title="bbox 2254 5289 3491 5360; baseline -0.008 -13"><span class='ocrx_word' id='word_1_794' title='bbox 2254 5291 2525 5347; x_wconf 88' lang='lat' dir='ltr'><strong>Credimus</strong></span> <span class='ocrx_word' id='word_1_795' title='bbox 2549 5301 2600 5346; x_wconf 90' lang='lat' dir='ltr'><strong>et</strong></span> <span class='ocrx_word' id='word_1_796' title='bbox 2625 5291 2825 5360; x_wconf 89' lang='lat' dir='ltr'><strong>placida</strong></span> <span class='ocrx_word' id='word_1_797' title='bbox 2853 5290 3056 5343; x_wconf 87' lang='lat' dir='ltr'><strong>Domini</strong></span> <span class='ocrx_word' id='word_1_798' title='bbox 3083 5293 3272 5356; x_wconf 88' lang='lat' dir='ltr'><strong>pietate</strong></span> <span class='ocrx_word' id='word_1_799' title='bbox 3299 5289 3330 5342; x_wconf 70' lang='lat' dir='ltr'><strong>lu</strong></span> <span class='ocrx_word' id='word_1_800' title='bbox 3349 5297 3491 5343; x_wconf 80' lang='lat' dir='ltr'><strong>ucmur</strong></span> 
     </span>
    </p>
   </div>
   <div class='ocr_carea' id='block_1_121' title="bbox 2259 5373 3572 5453">
    <p class='ocr_par' dir='ltr' id='par_1_121' title="bbox 2259 5373 3572 5453">
     <span class='ocr_line' id='line_1_121' title="bbox 2259 5373 3572 5453; baseline -0.005 -15"><span class='ocrx_word' id='word_1_801' title='bbox 2259 5383 2355 5439; x_wconf 89' lang='lat' dir='ltr'><strong>llic</strong></span> <span class='ocrx_word' id='word_1_802' title='bbox 2383 5398 2587 5453; x_wconf 87' lang='lat' dir='ltr'><strong>quoque</strong></span> <span class='ocrx_word' id='word_1_803' title='bbox 2611 5382 2849 5453; x_wconf 79' lang='lat' dir='ltr'><strong>justitiae,</strong></span> <span class='ocrx_word' id='word_1_804' title='bbox 2881 5390 2936 5434; x_wconf 84' lang='lat' dir='ltr'><strong>et</strong></span> <span class='ocrx_word' id='word_1_805' title='bbox 2961 5390 3225 5446; x_wconf 79' lang='lat' dir='ltr'><strong>sperantes</strong></span> <span class='ocrx_word' id='word_1_806' title='bbox 3259 5392 3450 5437; x_wconf 85' lang='lat' dir='ltr'><strong>munera</strong></span> <span class='ocrx_word' id='word_1_807' title='bbox 3471 5373 3572 5426; x_wconf 62' lang='grc' dir='ltr'><strong>*ἓως</strong></span> 
     </span>
    </p>
   </div>
   <div class='ocr_carea' id='block_1_122' title="bbox 2837 5491 3198 5514">
    <p class='ocr_par' dir='ltr' id='par_1_122' title="bbox 2837 5491 3198 5514">
     <span class='ocr_line' id='line_1_122' title="bbox 2837 5491 3198 5514; baseline 0 0"><span class='ocrx_word' id='word_1_808' title='bbox 2837 5491 3198 5514; x_wconf 47' lang='grc' dir='ltr'><strong>...ιμ’-ι*-</strong></span> 
     </span>
    </p>
   </div>
  </div>
