3862 6222
482 151 596 218 ’881
818 156 821 160 ’
1015 172 1028 197 ~'
1518 161 1578 219 Β.
1591 156 2007 218 ’EUG'IPPIUS

2246 165 2265 221 Ξ
2299 159 2710 220 AFRICANUS.
3670 162 3771 218 5ὸέ

491 270 649 338 uteri,
678 268 779 326 viri
807 269 876 328 ab
897 272 1091 343 ingenii
1114 273 1356 328 acumine
1381 278 1703 344 magnopere
1731 273 1927 330 laudati
1956 315 1971 340 ,
2019 290 2082 331 ac
2126 278 2395 349 vigilantia
2443 276 2569 348 (qua
2597 275 3040 346 Augustinianam
3088 272 3432 349 sodalitatem
3475 271 3685 329 eadem
3717 274 3770 324 in

501 362 635 418 urbe
663 362 819 435 regit)
849 365 1098 420 celebrati
1129 365 1459 434 sulragium.
1502 365 1701 427 ﬂorum
1743 367 2064 424 liberalitate
2085 409 2103 436 ,
2136 379 2197 425 ut
2233 379 2509 425 sacrarum
2542 367 2844 431 litteram
2874 367 3150 423 studiosos
3179 379 3240 422 se
3259 364 3371 435 jam
3401 361 3610 417 ditatos
3644 375 3772 430 pro-

497 453 747 509 culdubio
791 454 1108 521 fatebuntur,
1156 454 1233 513 sic
1281 470 1454 513 meam
1507 452 1819 533 tenuitatem
1867 450 2152 529 deplorare
2201 455 2563 532 cogor,'cum_
2603 460 2929 517 sacrosancti
2959 457 3186 515 Romani
3235 454 3451 526 imperii
3483 453 3770 516 tribules.

496 543 799 612 praeclaram
829 544 1119 614 civitatem,
1150 545 1327 618 dignis
1358 556 1416 600 ιιι
1444 548 1691 603 laudibus
1717 539 1962 614 evellam,
1997 551 2127 604 mihi
2156 550 2288 608 defit
2318 547 2612 620 ingenium.
2654 545 2871 604 Etenim
2902 561 3024 607 cum
3069 548 3412 604 Macedonem
3442 544 3609 600 illum
3656 543 3768 598 la-

490 650 674 704 guum,
703 635 772 690 ob
801 635 1018 691 Homeri
1042 636 1292 704 Carmen,
1323 640 1464 710 quod
1495 633 1883 709 pretiosissima
1914 640 1965 693 in
1998 640 2282 696 Persarum
2312 638 2453 709 regis
2478 639 2736 700 scriniolo
2755 626 3187 705 circumferebat,
3217 637 3333 704 plus
3358 635 3572 707 gloriae,
3603 649 3768 704 quam

494 731 584 777 aut
615 722 772 776 Dario
799 734 890 778 aut
923 725 1059 780 Poro
1084 719 1319 793 devicto,
1350 715 1697 792 emolumenti
1731 729 2008 797 accepisse
2035 731 2253 800 quidam
2283 729 2636 794 contendunt,
2663 729 2784 799 quis
2811 742 2982 787 sacrae
3022 727 3283 797 dogmatis
3318 728 3630 782 aestimator
3659 741 3765 778 non

493 811 742 882 iniquus,
795 814 1060 892 minorem
1087 819 1329 888 plausum
1349 820 1496 875 dabit
1522 818 1830 889 reipublicm
1861 828 2043 890 tanta,
2074 837 2105 880 e
2131 823 2284 892 cujus
2313 823 2527 882 scriniis
2550 821 2618 876 ab
2639 821 2849 891 injuriis
2876 827 2956 875 tot
2984 828 3282 886 temporum
3313 821 3525 876 defensi
3554 833 3765 873 eruun-

502 915 590 960 tur
637 907 894 975 thesauri,
947 912 1139 981 quibus
1183 914 1448 970 neminem
1500 917 1902 983 commratione
1950 918 2053 972 ulla
2104 923 2275 987 poetae
2303 916 2463 973 etiam
2512 913 2860 969 vetustissimi
2905 923 3066 982 atque
3093 929 3359 982 nunquam
3388 913 3520 968 satis
3555 911 3759 966 laudati

493 1009 740 1066 poemata
758 1001 940 1069 (modo
966 1004 1306 1062 humaniores
1330 1005 1634 1076 disciplinas
1655 1008 1849 1070 animm
1875 1009 2100 1068 medelis
2129 1026 2233 1067 non
2261 1018 2385 1064 ante
2411 1009 2568 1078 ferat)
2589 1022 2802 1078 mquare
2818 1008 2956 1062 velle
2982 1005 3164 1065 credo.
3189 1005 3261 1061 Ut
3289 1015 3466 1060 autem
3495 1001 3762 1071 ingenuis

496 1088 716 1159 animis,
747 1094 982 1150 candore
1001 1097 1200 1166 ingenii
1223 1099 1379 1153 citius
1407 1100 1739 1159 satisfactum
1768 1111 1874 1172 est,
1904 1117 2063 1172 quam
2094 1101 2181 1161 vel
2211 1114 2412 1173 operte,
2442 1101 2530 1160 vel
2559 1115 2719 1170 opum
2747 1099 3038 1171 impendio,
3071 1098 3151 1154 sic
3196 1097 3600 1153 liberalissime
3628 1095 3758 1149 civi-

489 1180 590 1244 tati
611 1184 836 1250 gratiam
860 1185 1110 1241 retulisse
1141 1202 1227 1246 me
1253 1189 1536 1244 maximam
1562 1190 1778 1246 confido
1801 1234 1818 1258 ,
1853 1192 1900 1246 si
1929 1192 2250 1263 dignissimo
2279 1193 2501 1263 dignum
2532 1193 2635 1249 hoc
2661 1192 2913 1252 volumen
2943 1189 3313 1245 inscriberem.
3353 1187 3508 1253 Quod
3533 1187 3758 1257 quidem

492 1275 706 1343 egregie
734 1289 799 1330 ac
823 1284 1122 1344 opportune
1152 1278 1469 1334 observasse
1495 1295 1581 1335 me
1605 1281 1858 1347 arbitror,
1873 1283 1974 1339 sub
1999 1282 2077 1338 tui
2103 1283 2337 1342 nominis
2363 1283 2625 1354 auspicio,
2656 1281 2907 1352 princeps
2933 1277 3312 1341 illustrissime,
3347 1276 3444 1332 hos
3467 1277 3756 1335 thesauros

491 1365 823 1437 evulgando,
875 1384 1010 1438 quos
1051 1369 1272 1444 jamjam
1319 1371 1413 1426 tibi
1459 1373 1675 1440 dedico,
1722 1372 1981 1436 Consecro
2019 1390 2084 1433 ac
2113 1371 2298 1447 odero.
2341 1375 2474 1431 Nam
2513 1375 2560 1437 si
2585 1388 2816 1444 unquam
2835 1372 2989 1442 alias,
3013 1381 3256 1427 veterum
3283 1364 3525 1436 vestigiis
3555 1365 3647 1422 hic
3673 1380 3756 1418 me

491 1457 642 1512 inniti
666 1498 683 1525 ,
728 1470 784 1519 ut
831 1459 1100 1520 laudabile
1123 1501 1138 1526 ,
1183 1463 1260 1518 sic
1289 1475 1436 1519 certe
1471 1465 1865 1535 apertissimum
1893 1478 1976 1524 est
1999 1483 2016 1523 :
2045 1468 2293 1523 solebant
2335 1467 2477 1530 enim
2509 1465 2545 1521 ii
2569 1463 2764 1535 vigiliis
2783 1463 2918 1528 suis,
2939 1478 3074 1533 quos
3096 1472 3152 1520 et
3170 1462 3338 1518 bonos
3365 1467 3420 1516 et
3443 1459 3755 1515 celebratos

491 1543 723 1614 denique
748 1547 1066 1607 auctoritate
1104 1559 1160 1606 et
1201 1553 1372 1622 gratia
1406 1553 1784 1623 prapollentes
1819 1557 2047 1625 scirent,
2097 1565 2351 1628 patronos
2392 1558 2694 1623 instituere,
2742 1569 2844 1612 nec
2873 1553 2978 1622 ipsi
3003 1553 3276 1609 incondite
3305 1563 3640 1622 quemquam
3667 1558 3752 1600 aut

489 1634 684 1697 alienis
708 1637 1178 1720 studiisoware.
1219 1641 1478 1706 Rationes
1504 1645 1663 1714 igitur
1696 1645 1752 1701 in
1775 1648 2008 1703 medium
2039 1647 2280 1714 afferam,
2311 1649 2567 1720 princeps
2611 1646 3000 1709 illustrissime.
3048 1645 3259 1702 docebo
3295 1646 3499 1714 absque
3539 1640 3753 1712 piaculo

494 1724 769 1788 hominum
789 1726 884 1782 ulli
911 1728 1014 1785 hoc
1033 1730 1283 1790 volumen
1313 1742 1462 1800 cntra
1488 1744 1541 1790 te
1569 1733 1840 1796 ascribere
1865 1751 1951 1796 me
1997 1751 2234 1808 unquam
2265 1736 2593 1807 nequivisse.
2651 1736 2796 1798 Inter
2822 1735 3049 1796 Romani
3086 1735 3294 1804 imperii
3318 1747 3580 1802 proceres
3606 1729 3748 1800 eqvi-

493 1816 620 1888 dem
663 1816 804 1874 haud
844 1819 1088 1884 infimum
1136 1822 1315 1880 locum
1359 1835 1410 1881 te
1453 1826 1699 1883 obtinere
1744 1830 1832 1898 qui
1882 1829 2091 1893 nesciat
2113 1839 2242 1899 puto
2272 1831 2562 1895 neminem.
2623 1820 2738 1886 Sed
2778 1827 3080 1899 principatu
3131 1841 3304 1897 nuper
3329 1827 3652 1894 inattxunio
3678 1837 3747 1888 ιε,

493 1909 684 1978 quibus
711 1911 1022 1970 muneribus
1047 1930 1142 1982 pro
1161 1929 1314 1971 more
1337 1916 1437 1976 tibi
1461 1919 1759 1988 gratularer
1778 1922 2136 1989 commodius,
2160 1935 2321 1991 quam
2345 1921 2535 1982 iisdem
2553 1919 2908 1991 ipsis,quibus
2937 1918 3193 1988 princeps
3217 1917 3461 1986 pientiss.
3497 1914 3741 1984 quisque,

491 2009 546 2056 st
569 2001 814 2074 religioni
845 2022 988 2062 verte
1007 2023 1117 2069 non
1149 2003 1397 2068 inimicus
1435 2010 1770 2085 subditorum
1801 2026 1860 2074 se
1889 2028 2197 2084 praeparare
2217 2014 2526 2084 exemplum
2552 2011 3015 2084 probatissimum.
3043 2009 3277 2079 denique
3321 2023 3456 2079 quos
3504 2007 3647 2076 regit
3682 2003 3742 2059 ad

495 2094 658 2164 pacis,
689 2098 1015 2167 concordiae,
1064 2100 1266 2157 amoris
1281 2109 1343 2159 et
1381 2104 1783 2176 tranquillitatis
1804 2105 2151 2169 dulcedinem
2201 2120 2461 2167 revocare
2493 2103 2716 2178 potest!
2752 2103 2886 2171 Qua
2908 2096 3125 2174 quidem
3154 2099 3348 2157 divinis
3368 2097 3608 2154 oraculis
3633 2105 3736 2152 tan-

402 2260 407 2269 I
496 2193 608 2240 tum
640 2187 896 2249 imbibere
933 2205 996 2246 ac
1021 2191 1268 2252 ediscere
1293 2208 1468 2264 posse,
1501 2196 1603 2252 nisi
1632 2197 1743 2254 Deo
1770 2198 1894 2269 Opt.
1926 2198 2064 2255 Ias.
2094 2200 2337 2272 ingratus
2377 2198 2542 2267 velit,
2575 2199 2751 2271 quivis
2779 2197 3034 2261 fatebitur
3068 2196 3319 2265 ingenue,
3354 2207 3421 2256 ac
3445 2199 3598 2251 tanto
3635 2202 3739 2241 ml‘

495 2277 597 2348 Βίθο
643 2289 844 2352 quanto
890 2283 1097 2354 piorum
1151 2287 1335 2348 studio
1375 2287 1462 2358 pie
1503 2287 1850 2357 interpretata
1881 2305 1946 2346 ac
1975 2291 2396 2349 illustratasunt
2422 2305 2543 2364 qua
2568 2290 2624 2345 in
2672 2288 3092 2354 diriislittais
3120 2286 3452 2350 subobscura
3479 2281 3732 2336 videntur.

493 2366 662 2442 “de:
693 2373 835 2441 (11³οά
882 2374 1190 2444 ίωῐκηιοΐὶ
1234 2377 1418 2451 aliquo
1463 2375 1758 2437 fortissimo
1787 2380 1989 2440 alienas
2017 2379 2347 2451 disciplinas,
2395 2389 2454 2436 ut
2481 2390 2610 2454 puta
2637 2379 2891 2452 pingendi
2916 2387 3111 2443 artem,
3144 2375 3247 2432 nisi
3272 2375 3326 2430 in
3349 2374 3464 2432 etin
3490 2372 3594 2428 rite
3615 2385 3734 2425 nan-

496 2472 655 2528 qnam
684 2462 982 2519 ascriberea
999 2505 1022 2536 ,
1075 2479 1196 2520 cum
1240 2467 1490 2524 militaris
1538 2469 1817 2540 disciplina
1844 2471 2114 2527 reddenda
2153 2481 2334 2527 esset:
2383 2472 2477 2527 sed
2508 2471 2714 2526 abbatis
2745 2471 2818 2539 pii
2843 2470 3018 2525 studia
3065 2467 3246 2524 abbati
3301 2465 3556 2522 dedicare
3585 2465 3731 2534 bono,

497 2548 786 2610 absurdum
808 2552 932 2623 quis
963 2553 1105 2610 dicat
1132 2570 1366 2625 unquam
1386 2572 1408 2609 ε
1436 2555 1606 2622 uitem
1638 2558 1837 2617 nostris
1866 2559 2010 2614 enim
2038 2573 2149 2615 non
2175 2559 2366 2615 alienis
2395 2560 2729 2630 temporibus
2756 2557 3071 2630 Eugyppius
3098 2556 3188 2613 hic
3207 2597 3224 2622 ,
3251 2556 3336 2616 hit
3369 2555 3637 2613 laboribus
3660 2555 3733 2607 in-

497 2639 746 2706 sudavit,
796 2656 865 2699 ex
893 2641 1011 2705 Sita
1051 2657 1212 2714 quam
1255 2645 1492 2704 secundo
1513 2645 1684 2704 Temo
1709 2645 1868 2716 hujus
1893 2649 2092 2718 operis,
2125 2647 2454 2718 praefationis
2474 2650 2598 2706 loco
2625 2651 2987 2715 curavimus,
3015 2646 3204 2704 videre
3232 2645 3360 2702 licet
3380 2645 3483 2717 (ρ).
3528 2643 3729 2701 Vernat-

498 2732 771 2789 enitnvero
792 2747 912 2803 qua
940 2743 1065 2794 tunc
1091 2735 1348 2816 temporis
1391 2733 1687 2804 Ecclesiam
1732 2737 1789 2795 in
1835 2737 2135 2798 maximum
2179 2737 2448 2803 ducebant
2483 2737 2774 2798 discrimen
2817 2735 3114 2809 tngediaa.
3143 2736 3190 2797 si
3218 2735 3504 2807 diligenter
3530 2747 3731 2804 papen‘
3827 2743 3829 2752 ‘

499 2823 717 2891 dantur,
749 2825 853 2881 hoc
892 2827 1091 2900 saeculo
1115 2827 1485 2896 infelicissimo
1523 2826 2133 2899 exhibentur'strenue:
2180 2829 2378 2889 iisdem
2407 2844 2534 2902 ergo
2552 2829 2876 2901 plerumque
2904 2825 3176 2892 remediis,
3205 2827 3400 2904 quibus
3432 2826 3541 2882 DD.
3569 2826 3727 2890 Augu-

386 2918 389 2919 ⁷
498 2915 705 2997 διίηιιωη
733 2931 795 2971 ac
822 2916 1153 2991 Eugyppium
1184 2933 1307 2974 usos
1326 2930 1458 2980 esse
1486 2919 1736 2999 vidimus,
1761 2921 2178 2982 succurrendum
2207 2920 2330 2991 quis
2358 2918 2557 2991 neget?
2597 2908 2668 2975 At
2691 2917 2915 2988 difﬁcile
2965 2926 3050 2977 est
3091 2925 3353 2985 εει-σιω
3384 2915 3532 2987 gravi
3563 2911 3728 2968 morbo

498 3014 742 3063 curatum
769 3009 859 3082 iri,
891 3011 936 3066 si
959 3004 1228 3071 medicum
1257 3011 1344 3078 cui
1367 3011 1509 3068 nulla
1540 3011 1677 3070 inest
1705 3013 2000 3070 auctoritas
2027 3013 2252 3085 habeat,
2285 3028 2446 3083 quam
2474 3013 2688 3085 generis
2711 3026 2775 3076 ac
2795 3009 3053 3079 natalium
3076 3008 3335 3080 splendor
3360 3008 3485 3062 viris
3515 3002 3729 3076 ριοιιιιὶε

499 3101 713 3159 deferre
743 3103 881 3159 solet
908 3105 1219 3162 maximam.
1261 3105 1408 3162 Scite
1432 3106 1594 3178 igitur
1621 3107 1833 3179 vigilias
1855 3105 1957 3174 has
1983 3106 2358 3164 commendavi
2393 3106 2510 3173 tibi,
2543 3104 2793 3174 princeps
2821 3101 3118 3168 lllustriss.,
3151 3100 3240 3170 qui
3273 3098 3484 3153 familia
3532 3110 3592 3150 ac
3617 3093 3724 3148 stir-

502 3192 586 3260 pis
615 3203 718 3249 tua
763 3196 1188 3278 generosissimte
1233 3188 1500 3278 majestati
1543 3213 1867 3271 magnopere
1910 3196 2050 3255 inter
2081 3197 2360 3268 Sequanos
2393 3195 2692 3278 praecellis;
2719 3192 2952 3277 quandiu
2979 3194 3122 3255 enim
3155 3189 3560 3252 Sanctiamerini
3582 3189 3726 3254 impe-

498 3284 641 3342 rium
673 3283 905 3354 majores
949 3275 1023 3355 tuli
1064 3272 1384 3355 obtinuere,
1426 3289 1576 3348 haud
1623 3291 1871 3361 ignorant
1897 3291 2129 3356 Austris
2158 3290 2428 3360 principes
2455 3272 2814 3357 serenissimi,
2837 3288 2935 3370 .qui
2964 3300 3128 3356 ορθη
3153 3284 3482 3355 αἱαίοίηίωῖθ
3503 3283 3552 3338 in
3586 3279 3722 3370 τξιιειδ

500 3375 687 3444 proavi
718 3375 792 3430 tul
819 3375 981 3445 adiuti
1013 3388 1160 3453 sunt,
1184 3378 1323 3434 bello
1351 3379 1446 3435 illo
1473 3380 1798 3444 Armeniaco
1821 3397 1835 3438 :
1861 3379 2092 3450 denique
2124 3378 2375 3444 omnibus
2406 3387 2513 3438 tam
2547 3387 2671 3434 nota
2700 3387 2817 3444 est,
2845 3367 3005 3448 quam
3025 3375 3236 3434 liberati
3262 3374 3579 3444 ingenuitate
3603 3367 3723 3424 Geb-

495 3464 674 3535 ‘vvyler
700 3464 951 3535 oppidum
986 3467 1231 3535 illustrat,
1265 3482 1327 3527 ac
1356 3477 1647 3539 egestatem
1689 3469 1840 3534 fovet
1876 3471 2078 3527 civium
2125 3473 2513 3544 benignissime
2553 3472 2730 3539 Sross
2761 3471 2959 3526 familia
2990 3469 3327 3539 celebratiss,
3370 3467 3548 3524 Tantis
3575 3475 3621 3518 te
3647 3475 3719 3529 pa-

504 3557 750 3622 rentibus
777 3566 956 3614 autem
983 3571 1166 3615 natum
1190 3574 1310 3615 esse
1327 3602 1349 3628 ,
1400 3575 1519 3616 cum
1550 3575 1656 3618 non
1687 3558 1964 3618 minimum
1995 3563 2227 3623 [orttmze
2255 3577 2452 3618 munus
2480 3562 2750 3619 aestimare
2777 3561 2970 3629 possis,
3002 3559 3146 3630 quod
3172 3573 3204 3616 a
3231 3559 3527 3625 cunabulis,
3553 3552 3718 3624 quibus

501 3648 767 3719 ignobiles
795 3649 1010 3719 ingenui
1055 3650 1372 3721 reddunlm,
1422 3667 1517 3715 eas
1563 3663 1708 3713 artes
1737 3650 1975 3711 didicere
2007 3660 2060 3709 te
2087 3653 2389 3717 voluerunt,
2433 3652 2625 3724 quibus
2654 3651 2706 3705 in
2731 3666 2946 3707 summo
2972 3650 3089 3704 viro
3115 3647 3444 3719 splendidius
3466 3656 3582 3706 esse
3606 3637 3714 3695 nihil

512 3748 707 3810 potest,
738 3738 945 3797 litteras
971 3742 1174 3803 scilicet
1199 3743 1364 3798 bonas
1377 3783 1410 3816 θ
1453 3747 1554 3800 hoc
1581 3757 1788 3798 summa
1819 3741 1977 3798 laude
2001 3742 2338 3804 evehendum
2369 3753 2534 3812 puto;
2566 3745 2688 3813 quis
2715 3741 2857 3802 enim
2885 3739 3053 3795 nescit
3074 3753 3140 3793 eo
3165 3738 3223 3794 in
3248 3738 3534 3796 litterarum
3567 3728 3716 3784 studio

504 3832 835 3901 processisse
866 3842 914 3886 te
933 3870 949 3897 ,
994 3841 1052 3892 ut
1094 3833 1138 3886 si
1171 3833 1234 3887 ad
1263 3834 1497 3903 reliquos
1525 3837 1613 3905 qui
1643 3833 1771 3900 hinc
1789 3833 1917 3893 inde
1941 3833 2177 3903 collegiis
2203 3833 2473 3905 imperant
2517 3831 2849 3900 compararis
2877 3831 3042 3903 (absit
3072 3829 3238 3884 verbo
3264 3825 3513 3893 invidia),
3539 3822 3713 3891 pleroi-

495 3935 608 3991 que
631 3922 788 3992 quasi
807 3921 1100 3980 litterarum
1131 3925 1350 3986 omnino
1381 3924 1595 3994 ignaros
1615 3923 1915 3994 relinquas,
1974 3923 2110 3980 Hinc
2154 3923 2316 3988 ardor
2338 3931 2397 3981 et
2427 3922 2481 3978 in
2524 3921 2794 3987 studiosos
2823 3932 3120 3992 propensus
3147 3927 3270 3974 tuus
3317 3928 3484 3979 amor.
3515 3911 3624 3968 hinc
3645 3905 3711 3958 ίη·

495 4010 784 4081 explebilis
809 4021 931 4067 tuus
958 4013 1167 4074 animus
1195 4013 1477 4075 doctorum
1508 4013 1866 4077 voluminibus
1893 4013 2128 4081 inhians,
2156 4027 2384 4094 quorum
2414 4011 2687 4076 laboribus
2733 4010 3112 4070 bibliothecam
3142 4022 3298 4079 quam
3351 4003 3559 4062 instruis
3586 3996 3707 4094 ditis-

503 4106 693 4161 simam
725 4106 873 4174 cupis
899 4122 914 4172 ;
966 4107 1090 4163 hinc
1131 4106 1369 4178 omnium
1399 4117 1519 4162 vota
1541 4146 1557 4174 ,
1604 4107 1695 4179 qui
1743 4107 2088 4169 Maecenatem
2119 4088 2299 4162 te'sihi
2330 4105 2628 4176 litterisque
2655 4104 2744 4160 ditt
2772 4103 3114 4173 superstitem
3143 4106 3418 4169 expetunt,
3450 4113 3506 4152 ac
3546 4094 3641 4168 jam
3666 4088 3704 4139 in

505 4201 779 4272 procinctu
810 4209 973 4267 sunt,
1022 4207 1080 4256 ut
1107 4200 1527 4259 illustrissimum
1555 4212 1705 4270 tuum
1750 4215 1942 4262 nomen
1968 4199 2254 4256 aeternitati
2278 4198 2675 4264 commendent.
2716 4197 2844 4252 Tam
2869 4195 3048 4256 multis
3074 4193 3216 4258 enim
3245 4192 3524 4247 virtutibus
3549 4179 3707 4254 ρτειείὶίο

506 4304 619 4350 tum
644 4301 696 4347 te
724 4301 988 4347 noverunt
1009 4306 1230 4360 omnes,
1261 4301 1319 4347 ut
1355 4306 1644 4370 paucorum
1682 4294 1892 4364 ingenia
1920 4307 2030 4364 prae
2059 4292 2315 4364 dignitate
2341 4299 2395 4348 te
2421 4291 2695 4348 celebrare
2725 4290 2805 4344 vix
2840 4303 2999 4361 posse
3020 4295 3254 4355 sperent.
3300 4286 3444 4339 lianc
3474 4282 3614 4338 etiam
3640 4276 3705 4329 in-

506 4385 684 4440 dolem
709 4399 834 4441 cum
865 4387 919 4441 in
952 4392 1003 4440 te
1030 4383 1155 4439 olim
1179 4392 1506 4454 cognoverat
1531 4387 1955 4456 consanguineus
1983 4394 2108 4451 tuus
2135 4383 2218 4439 vir
2244 4393 2298 4440 et
2324 4382 2465 4454 ipse,
2497 4383 2542 4438 si
2571 4382 2692 4453 quis
2719 4381 2875 4447 alius,
2914 4380 2965 4433 in
2997 4378 3163 4432 bonas
3191 4377 3396 4431 litteras
3427 4379 3700 4443 propexum.

511 4491 702 4547 magna
727 4491 855 4533 cura
878 4517 893 4541 ,
941 4485 999 4531 ut
1046 4476 1100 4533 in
1147 4475 1248 4534 hoc
1288 4475 1559 4546 dignitatis
1582 4475 1748 4546 gradu
1775 4473 1851 4531 illi
1875 4475 2216 4540 succederes,
2250 4474 2530 4540 laboravit,
2582 4487 2682 4528 nec
2707 4487 2792 4526 me
2821 4469 3002 4525 hercle
3021 4469 3226 4542 judicio
3252 4477 3343 4532 aut
3371 4465 3600 4535 TrajanO,
3627 4465 3698 4511 aut

509 4567 779 4625 Antonino
811 4567 975 4638 impp.
1002 4567 1240 4634 inferior,
1272 4583 1480 4624 morum
1513 4568 1657 4625 enim
1686 4568 2024 4639 elegantiam,
2052 4566 2215 4621 animi
2242 4566 2633 4635 fortitudinem,
2666 4579 2786 4620 cum
2817 4562 2870 4622 in
2903 4573 2954 4619 te
2986 4564 3331 4638 perspiceret,
3365 4561 3510 4616 facile
3536 4554 3697 4619 reliqua

505 4673 630 4729 qua:
653 4666 785 4714 artas
815 4659 1074 4713 maturior
1093 4657 1334 4727 adderet.
1360 4665 1540 4723 mente
1582 4656 1967 4731 deprehendit,
2009 4672 2073 4718 ac
2097 4673 2166 4715 ex
2201 4657 2447 4714 convictu
2477 4654 2832 4728 frugalitatem
2857 4656 3005 4708 tuam
3035 4652 3244 4725 didicit,
3274 4667 3393 4724 qua
3423 4664 3516 4705 una
3543 4647 3695 4716 (quan-

512 4764 670 4818 quam
723 4748 905 4804 multa:
948 4749 1058 4804 sint
1099 4748 1323 4807 virtutes
1371 4764 1490 4821 quae
1541 4750 1840 4820 principum
1868 4765 2068 4812 nomen
2100 4747 2410 4818 honestant)
2435 4748 2786 4810 celebriorem
2811 4752 2863 4801 te
2882 4744 3115 4810 reddere
3137 4741 3560 4816 potuissetgsola
3584 4732 3696 4789 enim

508 4853 572 4893 ea
602 4838 860 4896 miraculo
880 4839 1098 4907 propius
1119 4837 1358 4903 accedit,
1377 4851 1500 4892 cum
1528 4839 1794 4898 hominem
1835 4841 1936 4894 sibi
1966 4840 2198 4896 devincit
2224 4841 2434 4904 caeteris
2471 4839 2750 4914 majorem.
2794 4835 2999 4892 Etenim
3026 4849 3144 4892 cum
3175 4837 3440 4905 principes
3463 4829 3691 4899 imaginem

501 4931 791 5004 quamdam
818 4931 1058 4986 referunt
1081 4928 1178 4988 Dei
1207 4970 1222 4994 ,
1272 4935 1440 5002 magis
1469 4947 1586 4988 eam
1615 4932 1842 5002 exprini
1872 4931 1967 5006 [F.
1986 4932 2323 5012 exprimere]
2344 4948 2620 5010 nunquam
2651 4941 2873 5001 possunt
2896 4947 3054 5002 quam
3095 4931 3208 4999 ipsa
3235 4931 3468 5015 justitia,
3497 4937 3597 4991 qua:
3615 4929 3691 5015 cf“

508 5021 808 5079 membrum
833 5035 1098 5078 summum
1125 5017 1408 5089 frugalitati
1439 5021 1674 5078 adhaeret
1700 5041 1713 5076 :
1742 5037 1803 5078 ea
1827 5021 2033 5102 Iiustitia
2059 5035 2235 5083 autem
2269 5010 2480 5092 proprie
2495 5023 2819 5087 Christianis
2835 5022 2965 5081 siris
2997 5038 3101 5080 non
3129 5010 3423 5091 appellatur
3444 5019 3487 5074 id
3513 5011 3625 5086 quod
3648 5010 3687 5062 i"

507 5113 755 5170 omnibus
780 5113 1078 5182 perfectum
1110 5110 1180 5166 sit
1211 5111 1370 5180 (quad
1394 5113 1496 5167 soli
1510 5114 1619 5170 Deo
1643 5114 2084 5184 attribuendum),
2112 5115 2326 5170 habitus
2356 5127 2529 5170 tamen
2557 5113 2719 5180 animi
2747 5120 2849 5180 est,
2879 5129 2985 5182 quo
3008 5122 3211 5169 naturae
3237 5113 3453 5168 allectus
3472 5109 3528 5163 ad
3551 5105 3687 5158 divini

507 5223 572 5266 ac
610 5207 836 5263 humana
877 5206 998 5273 jura
1028 5205 1195 5277 magis
1226 5199 1403 5262 idonei
1439 5206 1748 5263 reddantur.
1791 5208 1859 5261 At
1879 5223 2004 5266 cum
2038 5208 2229 5278 injuria
2256 5205 2435 5262 saeculi
2464 5204 2623 5283 hujus
2643 5205 2811 5262 nostri
2836 5247 2851 5271 ,
2883 5205 3023 5261 inter
3050 5215 3242 5260 caetera
3268 5246 3283 5271 ,
3313 5214 3366 5260 et
3387 5205 3508 5258 hanc
3530 5204 3684 5267 ρεειθω

508 5301 737 5368 induxit,
757 5311 816 5357 ut
837 5289 954 5357 sine
983 5299 1182 5355 offensa
1217 5299 1468 5370 plurium,
1486 5315 1585 5355 nec
1612 5301 1814 5372 absque
1844 5301 2130 5357 multorum
2160 5298 2416 5356 invidiosa
2440 5299 2764 5369 suspicione.
2794 5298 2952 5354 ullius
2979 5296 3165 5368 religio
3191 5297 3274 5360 vel
3302 5295 3498 5366 probari
3519 5288 3585 5348 vel
3606 5285 3684 5339 ἰω-

580 5463 854 5575 (ἠᾞιιιιε⁸
877 5498 1050 5575 _Vi_tam
1075 5539 1090 5563 ,
1136 5499 1188 5558 in
1217 5498 1449 5575 editione
1481 5476 1770 5575 Basileensi
1798 5497 2084 5568 posteriori
2116 5507 2259 5556 tomo
2287 5497 2548 5556 Thesauri
2578 5493 2898 5570 Eugippiani
2929 5493 3281 5566 praemissam,
3315 5496 3432 5563 huc,
3458 5499 3560 5561 quia
3581 5473 3680 5534 οΐάο

512 5569 778 5638 postulare
806 5568 1100 5637 videbatur,
1134 5568 1519 5627 revocavimus‘.
1565 5567 1720 5625 EDl'l'.
