3862 6222
143 236 233 291 553
1478 228 1668 283 f‘liOLl

1800 227 1993 282 usus.
3229 211 3325 266 358

142 344 334 412 probari
380 346 542 413 possit
569 383 581 406 ,
635 344 782 396 mitto
825 340 1265 410 magnificentiam
1311 339 1452 391 illam
1497 354 1596 406 qua
1643 339 1897 392 hactenus
1927 335 2085 388 divini
2143 335 2366 386 numinis
2396 333 2590 386 cultutn
2626 329 2995 399 profusissimis
3048 327 3257 392 impend
3286 328 3327 377 is

141 436 300 487 ditasti
325 473 342 500 ,
387 433 558 486 solum
591 433 813 502 ingenue
854 433 1061 495 dicam,
1094 432 1352 498 ingratum
1398 437 1448 480 te
1496 429 1600 480 Deo
1645 429 1766 497 Upt.
1801 428 1934 480 Max.
1969 443 2072 478 non
2103 438 2258 477 esse:
2293 432 2346 474 ut
2374 425 2528 476 audio
2555 422 2716 484 cnim,
2750 419 3003 487 quidquid
3035 417 3098 468 ad
3132 415 3329 469 (Zhristi

143 528 344 593 gloriam
373 525 640 591 pertinere
689 524 996 590 arbitraris,
1048 523 1098 576 id
1138 521 1323 575 sedulo
1374 534 1681 588 promovere
1712 534 1772 571 ac
1801 518 2049 585 adjuvare
2087 515 2280 584 pergis.
2325 515 2376 567 lu
2410 524 2653 582 parentes
2681 529 2742 566 ac
2773 511 3095 579 propinquos
3121 524 3233 575 qua:
3261 511 3329 559 sit

145 627 219 667 tua
248 616 412 680 pietas
437 653 451 676 ,
505 612 705 664 utinam
753 613 961 680 quidam
1012 612 1240 674 experiri
1287 609 1536 670 mallent,
1566 623 1720 673 quam
1749 606 2020 674 invigilare
2047 604 2310 674 quomodo
2362 604 2805 669 longanimitatem
2840 610 2978 653 tuam
3009 597 3331 651 exacerbare

144 703 330 770 possint
365 703 377 754 ε
417 701 544 766 Quis
594 704 732 754 enim
781 718 934 768 quem
982 716 1009 751 a
1054 716 1212 766 puero
1244 701 1305 751 ad
1335 713 1490 750 omne
1547 699 1665 749 vita:
1695 697 1989 748 institutum
2024 689 2296 761 parentum
2335 692 2585 743 voluntati
2615 691 2861 746 cessisse.
2890 703 2952 741 ac
2977 689 3181 740 crete-ris
3211 701 3332 753 pro-

144 796 337 861 pinquis
365 806 466 848 tam
497 795 829 849 obedientem
863 794 1001 854 norit
1022 832 1036 857 ,
1083 792 1189 859 jam
1219 793 1284 845 de
1317 803 1364 845 te
1395 792 1538 855 viro,
1572 805 1633 842 ac
1669 789 1856 842 ferocia
1886 786 2104 854 juvenili
2135 785 2397 852 deposita,
2422 771 2529 833 non;
2556 795 2811 834 summam
2837 781 3168 832 cleineutiatn
3201 792 3331 828 con-

142 885 305 951 Cipere
331 886 536 952 potest?
565 882 989 953 quandoquidem
1022 884 1161 933 enim
1190 880 1240 931 iu
1272 890 1510 946 parentes
1539 877 1765 930 crudelis
1806 876 2052 929 omnibus
2098 874 2412 926 inhumanus
2461 879 2696 937 apparet,
2754 875 2959 933 oportet
2990 880 3112 934 erga
3161 865 3328 929 majo-

145 989 219 1027 res
248 975 541 1028 reverentia
584 975 959 1026 humanitatem
1007 969 1278 1037 promittat
1333 983 1393 1020 ac
1445 967 1819 1020 antabilitatem
1872 965 2008 1018 haud
2044 965 2335 1017 minimam.
2395 962 2446 1013 In
2480 963 2698 1028 patriam
2729 974 2879 1024 quam
2909 959 2981 1010 sis
3014 972 3328 1026 propensus,

147 1064 277 1117 cives
306 1064 402 1130 tui,
435 1078 554 1117 cum
598 1054 692 1116 ceu
735 1077 929 1115 numen
959 1060 1217 1128 quoddam
1264 1067 1313 1112 te
1351 1059 1658 1126 suspiciunt,
1685 1058 1814 1110 satis
1842 1057 2113 1108 declarant
2141 1071 2151 1104 :
2181 1063 2233 1106 et
2263 1069 2416 1120 quam
2453 1054 2694 1117 jl‘illCCpS
2727 1050 2886 1114 utilis,
2921 1064 3068 1101 arnor
3095 1049 3329 1101 omnium

145 1153 221 1220 qui
251 1154 350 1206 tuis
391 1153 642 1218 auSpieiis
668 1153 866 1220 absque
909 1149 1083 1203 servili
1134 1153 1322 1200 timore
1351 1147 1456 1199 ullo
1477 1147 1868 1214 gubernantur,
1903 1153 1976 1196 tot
2004 1145 2287 1197 instaurata
2329 1159 2390 1196 ac
2429 1159 2458 1196 e
2490 1142 2843 1194 fundamentis
2870 1151 3131 1194 exstructa
3167 1141 3330 1192 ferme

147 1241 314 1293 insana
338 1241 557 1292 aedilicia
588 1239 858 1300 indicant;
892 1238 1186 1304 Augustum
1215 1236 1354 1288 enim
1383 1249 1499 1286 cum
1531 1235 1796 1287 aunularis
1821 1274 1835 1297 ,
1869 1249 2158 1284 marmorea
2192 1234 2365 1285 omnia
2395 1248 2511 1299 qum
2544 1233 2764 1284 laterilia
2815 1231 3079 1292 invouisti,
3110 1229 3335 1282 reddere

146 1330 282 1397 cupis
311 1345 324 1378 :
357 1342 418 1382 ac
445 1328 525 1381 sic
555 1327 794 1394 Spartam
829 1337 1030 1379 nactam
1062 1326 1346 1384 adornans,
1391 1324 1636 1391 principis
1662 1324 1784 1376 boni
1815 1333 1866 1376 et
1897 1321 2168 1389 prudentis
2199 1329 2374 1388 partes
2403 1323 2613 1389 egreg'e
2642 1319 2729 1385 tibi
2762 1320 3012 1371 vindicas.
3059 1317 3336 1370 Fortitudo

147 1429 308 1473 autem
335 1459 352 1482 ,
396 1418 558 1472 altera
592 1417 905 1485 frugalitatis
935 1431 1052 1484 pars
1076 1455 1090 1479 ,
1121 1431 1240 1468 cum
1273 1419 1322 1467 in
1358 1426 1406 1468 te
1435 1418 1650 1482 regnum
1681 1413 1872 1466 habeat
1899 1413 2232 1475 latissimum,
2265 1411 2427 1464 animi
2458 1411 2904 1476 magnanimitate,
2932 1423 3088 1476 quam
3122 1408 3335 1474 sangui-

149 1511 351 1562 nolenta
379 1507 628 1575 iactantia
660 1508 710 1559 in
740 1516 790 1560 te
815 1506 1134 1571 splendescit
1162 1505 1326 1574 magis
1346 1505 1522 1558 .multo
1549 1521 1561 1556 :
1591 1519 1709 1557 nam
1740 1515 1791 1556 ut
1817 1504 1936 1558 belli
1968 1519 2126 1555 onera
2149 1518 2216 1556 ex
2247 1501 2570 1570 professione
2598 1500 2688 1554 tibi
2719 1508 3025 1569 repugnant,
3059 1501 3136 1553 sic
3164 1501 3330 1553 hostis

149 1596 476 1651 infensissimi
501 1595 702 1648 insidiae
724 1596 773 1648 in
793 1594 902 1648 dies
922 1607 1082 1646 novos
1110 1593 1200 1645 tibi
1219 1593 1483 1647 concitant
1509 1595 1778 1647 tumultus.
1804 1593 1918 1647 Jam
1945 1605 2251 1659 presperum
2282 1590 2363 1659 LF.
2388 1588 2615 1660 prosper]
2633 1605 2905 1642 succeSsus
2927 1589 3014 1642 tibi
3047 1591 3328 1643 calcandos

149 1690 303 1749 venlt,
324 1686 444 1736 dein
465 1684 748 1738 multorum
770 1683 945 1734 odium
971 1681 1212 1748 patientia
1237 1681 1589 1734 sufferenduin
1617 1699 1630 1733 :
1653 1683 1884 1746 demum,
1907 1681 2078 1748 inquo
2100 1690 2151 1733 et
2176 1680 2503 1746 imperatoris
2521 1689 2573 1732 et
2596 1679 2776 1732 milites
2799 1680 2994 1731 strenui
3024 1677 3254 1730 officium
3276 1690 3326 1730 te

151 1774 320 1828 dicunt
346 1783 599 1842 prazstare
630 1774 854 1834 fortiter,
887 1779 943 1824 ut
970 1773 1211 1838 exemplo
1239 1771 1313 1824 sis
1344 1773 1466 1824 Viris
1498 1772 1599 1826 illis
1620 1773 1818 1840 quibus
1845 1789 2008 1841 prmes
2040 1775 2552 1842 integerriiuis,quot
2579 1773 2738 1824 animi
2765 1772 2984 1824 allectus
3018 1771 3108 1823 tibi
3146 1771 3324 1823 interi-

154 1864 349 1917 mendi!
383 1863 642 1918 (laterum
683 1877 837 1929 quam
882 1861 1104 1915 infracto
1130 1863 1201 1914 sis
1254 1860 1380 1913 alias
1424 1861 1598 1913 animo
1620 1901 1634 1924 ,
1675 1869 1729 1914 et
1756 1862 1838 1930 qui
1891 1863 2127 1916 habitum
2158 1856 2316 1915 animi
2351 1862 2422 1915 tui
2449 1868 2660 1923 norunt,
2693 1859 3018 1926 prmdicaut:
3051 1859 3156 1911 imo
3189 1872 3333 1911 som-

155 1967 279 2004 mam
302 1951 651 2004 constantiam
697 1959 895 2003 naturac
926 1949 1246 2017 benignitate
1274 1949 1516 2002 sortitum
1564 1959 1614 2004 te
1644 1964 1760 2014 esse
1792 1951 2126 2005 confitentur.
2160 1951 2323 2005 Venio
2349 1952 2412 2003 ad
2438 1949 2764 2018 prudentiam
2792 1965 2892 2015 qua
2920 1951 3032 2003 sine
3065 1950 3194 2017 frugi
3226 1950 3335 2004 dici

155 2042 230 2092 vix
257 2049 426 2108 potest
451 2039 664 2108 anuis.
697 2041 790 2093 Jus
815 2037 1124 2092 canonicum
1159 2039 1306 2106 (utar
1335 2037 1600 2091 vocabulis
1627 2041 1932 2108 consuetis)
1980 2041 2211 2108 prmlatis
2237 2040 2371 2092 hanc
2397 2054 2553 2092 unam
2587 2054 2692 2106 pra:
2724 2040 2837 2091 aliis
2864 2039 3142 2092 virtutibus
3167 2041 3336 2092 o'nini-

158 2131 245 2184 bus
265 2131 678 2198 ampfectendam
728 2130 982 2198 prazcipit,
1031 2138 1087 2182 ut
1115 2141 1261 2197 teque
1292 2129 1588 2183 litterarum
1617 2131 1665 2182 in
1689 2130 1888 2198 judicio
1916 2130 2121 2183 valeant
2148 2146 2209 2183 ac
2240 2131 2399 2184 rebus
2423 2129 2774 2199 gubernandis
2802 2131 3024 2184 solertcs
3055 2131 3179 2183 sint.
3226 2132 3338 2198 Ipse,

157 2225 371 2293 denique
412 2223 652 2277 Christus
697 2224 1020 2290 simplicitati
1065 2237 1181 2276 eam
1231 2222 1585 2290 conjungere,
1635 2222 1890 2290 nobisque
1941 2223 2082 2275 illam
2132 2222 2382 2289 adaptare
2417 2223 2604 2289 ,jubet.
2649 2221 2773 2288 Quis
2797 2232 2969 2274 autem
3005 2222 3138 2275 tein
3170 2237 3226 2275 re
3255 2227 3334 2275 ναι

162 2317 348 2381 privata
377 2317 462 2370 vel
498 2317 700 2384 publica
733 2315 1140 2368 administranda
1169 2315 1462 2367 cculatior?
1488 2314 1613 2377 Quis
1635 2311 1687 2364 in
1710 2311 2056 2367 observandis
2087 2311 2440 2379 temporibus,
2471 2312 2596 2365 locis
2616 2352 2628 2374 ,
2662 2312 2899 2378 personis
2919 2351 2935 2375 ,
2968 2312 3144 2379 rebus,
3178 2328 3342 2382 nego-

162 2409 238 2459 ti;s
266 2409 430 2476 magis
462 2407 732 2461 intentus?
771 2406 920 2471 Quod
967 2420 1070 2459 non
1121 2414 1405 2469 maturum,
1451 2404 1538 2456 diu
1569 2403 1896 2471 multumque
1932 2417 2034 2456 non
2063 2403 2453 2457 consideratam
2486 2401 2699 2454 verbum
2725 2401 2816 2453 tibi
2844 2415 3069 2468 unquam
3101 2403 3341 2458 excidit?

163 2506 213 2550 ut
237 2495 442 2550 interim
475 2504 678 2550 taceam
708 2511 862 2565 quam
895 2505 946 2548 te
974 2497 1330 2562 perspicacem
1359 2493 1605 2546 ostendas
1631 2491 1684 2545 in
1739 2493 1801 2545 iis
1846 2493 2077 2545 moribus
2102 2491 2293 2561 quibus
2322 2507 2512 2544 nomen
2531 2491 2855 2566 praeclarum
2883 2491 3142 2545 demereri
3182 2495 3338 2546 solet.

164 2585 213 2639 Si
243 2584 600 2638 liberalitatem
631 2594 768 2636 tuatu
809 2592 1025 2636 attentat
1076 2583 1323 2649 temporis
1367 2582 1531 2649 ratio,
1557 2582 1673 2650 quis
1717 2583 1801 2636 cui
1833 2583 1956 2651 quid
1986 2591 2077 2635 aut
2104 2592 2353 2650 quantum
2384 2582 2608 2634 dandum
2669 2583 2737 2634 sit
2788 2583 2953 2649 magis
2998 2583 3345 2638 considerat?

166 2674 214 2729 Si
240 2673 674 2742 magnificentiam
700 2714 715 2741 ,
763 2681 1014 2740 quantum
1037 2672 1100 2725 de
1131 2672 1350 2726 utilitate
1376 2680 1531 2738 atque
1573 2679 1759 2724 ornatu
1790 2671 1999 2739 publico
2023 2670 2279 2724 sollicitus
2308 2670 2404 2723 es?
2460 2670 2562 2725 Sed
2592 2685 2694 2738 quo
2724 2684 2806 2722 me
2833 2670 3097 2724 deduxere
3127 2674 3347 2726 virtutes

168 2769 260 2814 tua:
286 2771 390 2814 tam
415 2759 689 2822 amabiles,
725 2766 832 2812 tam
861 2757 1126 2825 jucunda,
1157 2759 1400 2828 princeps
1439 2759 1830 2812 illustrissime?
1857 2773 2041 2812 vereor
2068 2773 2135 2813 ne
2159 2757 2645 2829 Scyllamdevitare
2670 2760 2906 2827 cupiens,
2925 2758 3200 2830 Carybdim
3220 2764 3348 2816 inci-

169 2850 277 2903 dam
310 2853 468 2913 ;cum
496 2850 636 2902 enim
667 2862 769 2900 non
802 2849 977 2908 inepte
1003 2847 1093 2912 tibi
1126 2847 1223 2901 hoc
1250 2852 1387 2916 opus
1412 2848 1739 2914 inscripsisse
1766 2847 2057 2912 contendo,
2091 2862 2273 2914 parum
2302 2848 2448 2901 abest
2483 2849 2606 2916 quin
2637 2848 2862 2914 plurium
2888 2847 3104 2915 judicio,
3135 2851 3221 2918 qui
3252 2866 3348 2904 suo

171 2941 367 3010 ingenio
393 2939 658 2993 aestimant
685 2952 938 3005 quosque,
971 2939 1411 2992 assentatiuncula
1444 2939 1665 3006 quadam
1693 2940 1939 3005 aucupari
1970 2949 2108 2990 tuam
2136 2939 2362 3007 gratiam
2400 2937 2596 3015 videar,
2641 2939 2778 3006 quod
2807 2939 2984 2990 vitium
3023 2954 3049 2990 a
3079 2942 3231 3008 genio
3256 2956 3350 2994 no-

173 3043 294 3094 stro,
321 3037 364 3085 si
394 3029 521 3099 quid
565 3029 735 3101 aliud,
771 3029 1018 3082 abhorret
1060 3028 1308 3083 maxime.
1351 3029 1426 3081 Tu
1452 3044 1576 3081 Vero
1612 3044 1704 3098 pro
1734 3030 1894 3082 animi
1923 3029 1992 3080 tui
2023 3022 2300 3082 clementia
2327 3044 2388 3082 ac
2415 3031 2726 3081 auctoritate
2753 3037 2836 3081 tua
2871 3037 3048 3083 tueare
3078 3030 3346 3088 volumen.

177 3122 265 3172 hoc
289 3119 535 3181 defende,
565 3125 620 3170 et
647 3118 786 3169 hunc
817 3113 1050 3169 nostrum
1085 3114 1227 3171 inte
1255 3118 1482 3170 animum
1529 3117 2047 3171 observantissimum
2074 3119 2192 3199 boni
2224 3118 2477 3172 consule:
2509 3134 2541 3171 n
2563 3132 2628 3170 tm
2662 3120 2757 3171 etsi
2786 3129 2967 3172 auctor
2998 3120 3082 3174 hic
3110 3121 3354 3191 dignissi-

183 3225 288 3261 iuus
337 3210 407 3262 ait
450 3209 538 3277 qui
573 3209 673 3262 tuis
698 3209 942 3276 auspiciis
973 3208 1280 3261 diutissimis
1324 3222 1386 3261 ac
1431 3207 1766 3274 deplorandis
1800 3207 2028 3260 tenebris
2059 3217 2291 3271 eruatur,
2332 3222 2433 3259 non
2464 3223 2642 3274 parum
2674 3207 2869 3260 laboris
2898 3207 2950 3259 in
2977 3221 3040 3260 eo
3070 3224 3165 3261 nos
3194 3209 3353 3264 devo-

181 3311 310 3352 rasse
339 3297 429 3352 tibi
458 3298 778 3366 persuadeas
799 3298 942 3350 volo.
983 3299 1169 3364 Aegea:
1197 3288 1454 3352 stabulum
1488 3304 1734 3366 repurgat
1779 3299 2011 3364 quisquis
2063 3307 2236 3348 vetera
2282 3296 2601 3364 exemplaria
2630 3297 2911 3350 emendare
2937 3299 3096 3365 cupit,
3133 3299 3163 3352 h
3202 3315 3231 3353 c
3257 3317 3354 3362 pro

180 3395 310 3439 certo
329 3387 594 3440 affirmare
622 3401 852 3456 possum.
895 3387 1144 3455 Equidem
1181 3394 1367 3453 pra-ter
1397 3387 1554 3439 multa
1578 3401 1699 3454 qua:
1731 3385 1879 3439 Delio
1909 3393 2145 3436 natatoie
2170 3397 2299 3451 Opus
2329 3383 2541 3448 habent,
2560 3399 2676 3450 qua:
2701 3383 2874 3447 blattis
2896 3395 2949 3437 et
2972 3386 3124 3438 tineis
3150 3403 3352 3454 arrosa,

182 3489 286 3542 qute
315 3477 642 3529 librariorum
676 3474 863 3542 injuria
893 3489 984 3526 seu
1018 3473 1222 3526 inscitia
1249 3475 1528 3541 depravata
1557 3515 1571 3538 ,
1605 3474 1701 3526 hoc
1730 3473 1985 3526 molestia:
2010 3474 2168 3524 etiam
2196 3471 2418 3532 accedit,
2449 3482 2503 3524 ut
2527 3473 2849 3527 characteris
2877 3474 3105 3528 inusitati
3138 3475 3353 3541 formas,

182 3580 269 3619 ceu
292 3565 683 3633 alphabetarius
712 3578 857 3632 puer,
890 3562 1092 3617 discere
1138 3563 1344 3631 cogeris
1389 3576 1796 3629 nonnunquam:
1832 3561 1936 3613 imo
1982 3575 2258 3626 Operarum
2297 3575 2391 3613 ceu
2424 3563 2721 3630 pedagogus
2753 3562 3128 3616 indocilitatem
3157 3605 3172 3626 ,
3217 3581 3359 3632 saepe

185 3668 288 3709 e-tm
317 3655 564 3724 patientia
592 3653 670 3723 (ut
695 3665 816 3707 sunt
845 3651 1076 3721 morosa)
1104 3652 1322 3704 sufferre
1351 3661 1404 3704 et
1431 3652 1640 3703 docere.
1681 3649 1779 3715 Qui
1810 3661 1983 3701 autem
2027 3649 2183 3700 animi
2218 3647 2287 3700 tui
2319 3651 2650 3702 clementiam
2679 3664 2742 3702 ac
2773 3664 3084 3718 propensam
3108 3668 3231 3721 erga
3264 3671 3360 3708 nos

186 3745 512 3799 humanitatis
542 3756 646 3798 tua:
677 3746 994 3809 voluntatem
1038 3744 1307 3812 przedieat,
1339 3753 1419 3796 est
1448 3743 1690 3796 omnibus
1724 3742 1976 3794 virtutum
2013 3741 2172 3793 titulis
2199 3751 2414 3792 ornatus
2443 3742 2530 3794 ille
2556 3741 2784 3795 Joannes
2825 3742 3095 3806 lluberus,
3126 3756 3178 3798 et
3201 3750 3365 3804 animi
3452 3787 3454 3789 ›

188 3836 492 3887 ambilitate
517 3846 568 3887 et
595 3833 916 3901 professione
940 3851 1092 3889 verus
1123 3835 1355 3890 medicus
1379 3876 1393 3900 ,
1443 3835 1570 3888 nulli
1620 3836 1763 3902 (cum
1816 3833 1991 3885 multis
2020 3831 2769 3899 praeferatur)'postponendus
2798 3832 2848 3885 in
2877 3848 2936 3886 ea
2984 3844 3097 3886 arte
3128 3851 3228 3903 qua
3261 3838 3363 3892 hu-

191 3924 313 3976 mani
341 3923 551 3992 generis
593 3923 988 3977 necessitatibus
1036 3939 1063 3976 a
1102 3924 1371 3978 clementia
1417 3926 1501 3976 div
1527 3938 1591 3977 na
1636 3933 1738 3976 tam
1772 3925 1931 3992 probe
1979 3924 2270 3975 consultum
2302 3932 2401 3975 est.
2447 3922 2523 3975 De
2551 3937 2656 3991 quo
2701 3922 2857 3975 etiam
2888 3937 3042 3991 quam
3075 3926 3262 3981 Nestor
3297 3932 3364 3983 de

189 4023 285 4068 tota
321 4015 643 4070 medicorum
673 4015 820 4071 turba
852 4015 982 4068 haud
1008 4016 1166 4084 magis
1198 4017 1369 4082 inepte
1395 4016 1506 4082 quis
1536 4015 1691 4078 dicat,

1297 4148 1421 4204 ίατρὸς
1438 4160 1500 4208 γὰρ
1518 4159 1603 4207 ἀνὴρ
1625 4151 1762 4194 πολλὸν
1783 4157 1945 4202 ἀντάξινις
1967 4159 2080 4194 ἀλλῶν
2098 4172 2109 4202 ;

193 4309 302 4348 nam
326 4295 370 4347 is
393 4302 644 4361 quantum
674 4291 726 4344 in
757 4291 1009 4345 medicina
1040 4292 1201 4357 possit
1227 4293 1341 4356 quis
1372 4293 1605 4360 ignorat?
1638 4292 1714 4344 Tu
1747 4291 1878 4358 ipse,
1911 4294 2151 4360 princeps
2182 4293 2556 4359 illustrissizne,
2595 4293 2775 4359 testis,
2818 4302 2979 4347 testes
3013 4307 3129 4346 esse
3157 4307 3376 4362 possunt

191 4394 241 4438 et
267 4385 578 4438 Guillelmns
604 4397 666 4435 ac
711 4383 966 4448 Georgius
996 4383 1366 4450 Rapoltzsteini
1400 4384 1564 4452 reguli
1589 4384 1902 4450 magnanimi
1927 4429 1940 4449 ,
1973 4398 2130 4439 testes
2161 4388 2456 4456 quicunque
2485 4388 2619 4440 inter
2639 4389 2909 4455 Sequanos
2934 4387 3225 4442 'l‘rihochos
3255 4362 3372 4459 plus

195 4478 392 4543 ingenui
423 4475 700 4540 habentur,
731 4477 816 4543 qui
847 4488 1053 4527 omnem
1080 4474 1678 4551 Valetudinis‘ratimiem
1709 4476 1774 4528 ad
1803 4477 2075 4529 arbitrium
2117 4477 2270 4544 hujus
2302 4479 2463 4532 ferme
2492 4478 2678 4545 singuli
2710 4477 2982 4543 deferunt,
3025 4480 3091 4531 ab
3127 4494 3193 4532 eo
3221 4497 3374 4545 opem

195 4567 452 4632 postulant
494 4576 550 4620 et
588 4569 808 4620 salutem
838 4578 1140 4635 exspectant
1167 4588 1177 4620 :
1233 4583 1337 4637 quo
1377 4570 1490 4621 sine
1530 4570 1795 4624 insuavius
1825 4573 1915 4623 tibi
1944 4612 1962 4641 ,
1987 4587 2091 4636 quo
2118 4574 2360 4638 pra'senti
2406 4573 2717 4626 suavissime
2747 4573 2859 4625 dies
2885 4573 3056 4626 omnis
3089 4559 3375 4643 pera'gitu'r'.

196 4655 294 4709 Nec
329 4661 518 4709 mirum
555 4671 670 4708 cum
713 4656 946 4709 doctrina
987 4657 1275 4714 admirabili
1315 4662 1522 4715 familiae
1559 4676 1669 4714 sua:
1699 4661 1987 4714 illustratur
2021 4659 2229 4725 existat,
2263 4675 2324 4714 ac
2353 4663 2526 4714 iuliae
2558 4663 2745 4729 inclyta
2778 4662 2915 4714 Urbe
2945 4663 3188 4716 omnibus
3219 4681 3373 4732 quam

201 4760 286 4821 pro
317 4753 470 4798 a-tate
501 4743 854 4797 observandus
883 4746 1046 4813 magis
1077 4746 1301 4814 videtur,
1345 4763 1462 4802 cum
1505 4749 1750 4803 omnibus
1778 4750 2058 4810 humanus,
2094 4749 2160 4801 ab
2194 4750 2439 4804 omnibus
2468 4751 2619 4804 bonis
2644 4751 2868 4814 colatur,
2899 4762 3127 4818 ametur,
3159 4755 3294 4808 adeo
3322 4766 3380 4808 ut

201 4837 246 4888 in
273 4839 536 4904 republica
565 4835 659 4888 hac
691 4836 766 4889 \‘ir
801 4837 887 4890 ille
926 4839 1360 4907 consultissimus,
1387 4842 1652 4896 senatorio
1680 4843 1866 4896 ordine
1895 4842 2196 4909 prmclarus,
2229 4842 2457 4897 Iacobus
2489 4844 2688 4907 Rnede,
2719 4846 3004 4912 repudiatis
3032 4849 3207 4914 procis
3235 4849 3374 4902 mul-

203 4927 282 4989 tis,
313 4926 449 4979 hune
478 4939 636 4976 unum
670 4924 719 4976 in
749 4939 995 4991 generum
1023 4927 1241 4980 adscivit
1261 4969 1274 4990 ,
1321 4931 1402 4982 cui
1450 4932 1604 4983 filiam
1635 4932 1805 4984 astatis
1843 4931 1996 5000 hujus
2024 4931 2160 4984 inter
2192 4931 2410 4986 feminas
2439 4934 2597 5001 (quod
2626 4936 2836 5001 quidem
2875 4937 3145 4991 minimum
3176 4939 3372 4992 d0uum

204 5020 424 5072 cmlestis
451 5018 634 5086 gratiae
661 5017 796 5070 haud
823 5028 923 5082 est,
953 5021 1064 5085 ipso
1093 5022 1372 5075 Salomone
1400 5023 1551 5092 teste)
1584 5026 1794 5077 unicum
1828 5024 2107 5091 pudicitiae,
2134 5027 2419 5078 venustatis
2456 5027 2895 5095 amabilitntisque
2926 5031 3192 5096 exemplar
3244 5046 3376 5084 con-

203 5111 452 5180 jungeret,
492 5110 675 5176 dignus
704 5113 845 5162 visus
900 5120 981 5163 est
1027 5115 1207 5165 unicus
1249 5120 1302 5165 ct
1346 5115 1488 5167 solus
1530 5114 1614 5169 hic
1644 5116 1882 5168 Huberus
1911 5116 1984 5166 tui
2030 5115 2522 5168 observantissimus
2566 5126 2619 5168 et
2647 5125 2829 5171 uoster
2857 5120 3380 5191 patronus‘uptimns.

210 5204 442 5258 Gratulor
469 5206 625 5273 igitur
651 5212 702 5254 et
727 5203 775 5255 in
808 5202 904 5257 hac
935 5219 990 5257 re
1023 5205 1112 5257 tibi
1141 5221 1294 5272 quam
1325 5209 1549 5261 maxime
1578 5210 1664 5276 qui
1697 5209 1748 5260 in
1779 5209 2076 5261 clientelam
2106 5210 2261 5261 talem
2291 5210 2455 5259 virum
2480 5210 2781 5276 suscepisti,
2815 5209 2964 5274 cujus
2994 5224 3176 5276 opera,
3208 5213 3309 5266 fide
3334 5223 3388 5268 et

210 5310 300 5361 ope
327 5309 473 5352 utare
497 5316 512 5352 :
541 5287 666 5350 mihi
688 5308 859 5351 autem
885 5299 1087 5366 gaudeo
1115 5300 1199 5367 qui
1226 5311 1407 5353 nactus
1435 5301 1530 5353 sim
1563 5301 1913 5354 institutorem
1946 5312 2049 5352 tam
2082 5302 2386 5367 pneclaruiu
2407 5341 2421 5364 ,
2461 5302 2613 5366 cujus
2644 5300 2860 5353 consilio
2888 5313 2937 5353 te
2968 5316 3241 5369 patronum
3278 5322 3374 5359 no-

215 5387 285 5438 bis
312 5387 496 5440 factum
535 5388 674 5444 scio.
720 5396 769 5438 et
807 5386 1141 5440 Mzecenatem
1184 5388 1473 5441 studiorum
1511 5388 2301 5448 nostrorumliberalissimum.
2365 5390 2549 5440 Parum
2594 5403 2768 5440 auzem
2818 5391 3039 5456 ingenue
3069 5407 3150 5441 me
3197 5393 3384 5452 fecisse

213 5474 472 5526 crederem
515 5475 557 5525 si
609 5474 837 5538 cujusvis
877 5475 1108 5526 animum
1139 5490 1469 5542 propensum
1517 5477 1566 5528 in
1618 5487 1668 5529 te
1697 5476 2047 5528 taciturnitate
2089 5492 2203 5529 mea
2248 5476 2635 5550 deprimerent:
2669 5477 2922 5532 Joannem
2952 5478 3388 5549 Holfmeysterum

219 5561 408 5626 collegii
433 5561 792 5630 Angustiniani
840 5563 889 5614 in
926 5562 1135 5615 Colinar
1176 5563 1554 5618 moderatorem
1587 5564 1774 5619 litteris
1800 5565 2155 5631 amicissimis,
2185 5581 2303 5618 cum
2339 5568 2703 5620 honestissima
2734 5570 2806 5621 tui
2842 5570 3065 5623 nominis
3093 5574 3385 5642 mentione,

479 5675 746 5732 Γιτιιοι..
795 5670 983 5729 LXII.

2689 5685 2697 5690 ”
2889 5680 2958 5737 18
