3862 6222
518 285 624 339 δτςκ
1547 294 1608 347 u.
1643 288 2026 380 summus

2191 295 2283 349 :AS
2322 294 2720 351 AFRICANUS.
3587 292 3716 346 .55?-

518 413 576 457 nt
601 403 696 458 hos
725 406 932 461 labores
957 407 1047 460 libi
1079 404 1379 459 dedicarem
1411 408 1749 462 admonuisse
1781 424 1866 463 me
1903 423 2113 479 quoque
2141 410 2307 473 scito,
2337 409 2427 464 illc
2458 410 2602 463 enim
2636 408 2787 462 bouis
2823 405 3014 461 litteris
3046 415 3099 462 te
3125 406 3263 462 adeo
3287 403 3567 460 swdiosnlt
3589 419 3717 472 prt-

517 497 679 560 dtcat,
703 506 761 549 ut
788 496 996 550 l’ittdari
1025 496 1219 548 dictum
1241 496 1340 549 hoc
1365 511 1578 565 semper
1603 496 1654 551 iu
1679 513 1775 553 ore
1803 498 1998 553 habeas
2029 516 2043 552 :

1647 589 1753 638 6m
1776 597 1816 638 δι
1831 603 1879 648 μή
1895 600 2062 650 mut...

1651 662 1750 704 Ζιῖις.
1771 662 1963 705 tis—329nm
1986 663 2073 708 βοὰν

1649 719 1829 771 limpidus,
1849 722 1994 760 ἀνιόντα

1653 786 1720 820 Γᾶν
1742 796 1781 820 τι
1801 783 1860 821 ul
1879 787 2008 820 πάγην
2025 783 2107 820 κατ’

518 851 681 902 Μειεεε
711 865 837 918 ergo
863 852 1083 915 virtute,
1115 854 1411 908 studiormn
1443 854 1780 907 Mteceuatem
1811 851 2082 908 te'exbibe
2105 855 2385 914 candidum
2405 894 2422 919 ,
2449 869 2712 921 nunqunn
2740 854 2963 923 deerunt
3005 854 3093 922 qui
3123 867 3318 906 nomen
3349 863 3486 906 tuum
3515 853 3720 906 immor-

518 944 619 996 tale
667 944 893 998 reddere
938 955 1226 1008 recusent;
1271 945 1464 998 et‘enim
1514 943 1763 997 virtutem
1795 987 1809 1011 ,
1858 959 1972 1000 rem
2013 945 2252 998 omnium
2293 960 2470 1000 rerum
2505 945 2944 1015 pretiosissimam
2982 947 3322 1008 illustriorem
3352 946 3533 1000 faciunt
3561 949 3718 1001 lllIltn

516 1033 721 1102 ingenia
749 1034 1020 1102 prmt-lara,
1047 1049 1128 1098 ac,
1163 1044 1217 1088 ut
1246 1044 1298 1087 et
1326 1048 1422 1100 ego
1443 1047 1654 1102 quoque
1683 1044 1800 1087 utar
1826 1033 2039 1088 Pindari
2071 1035 2268 1096 verbis,
2949 1023 2964 1026 ’Ἴ

1641 1137 1692 1174 Τὸ
1717 1133 1758 1174 δι
1780 1138 1907 1175 to..er
1931 1131 1983 1182 ὦ,
2003 1143 2140 1186 πρεαον
2163 1137 2315 1183 ἄεθλον,

1646 1191 1692 1235 Εὖ
1714 1194 1749 1235 δ’
1770 1197 1909 1236 «imbus
1932 1194 2081 1245 διεπέρα
2103 1202 2165 1245 pel

1650 1259 1701 1302 ρ’,
1721 1259 1952 1307 timuerim
1975 1254 2010 1295 δ’
2030 1260 2118 1308 ἀνήρ

1644 1309 1692 1362 ὁ(
1716 1319 1757 1356 ἂν
1784 1320 1931 1368 lpum
1955 1321 2019 1356 all
2037 1320 2115 1366 ἷλι,

1638 1382 1809 1430 Στιφινὴν
1832 1380 1981 1430 Hunos
2004 1377 2182 1420 δίδωτι-ι.

592 1453 834 1505 Christus
865 1450 1017 1505 Jcsus
1050 1461 1099 1502 te
1124 1489 1139 1514 ,
1191 1449 1520 1519 picntissime
1553 1450 1737 1516 abbas,
1768 1451 2014 1520 princeps
2042 1451 2404 1508 illustrissime
2428 1493 2445 1522 ,
2477 1453 2797 1510 incolumem
2823 1463 3104 1510 conservet
3129 1454 3219 1508 diu
3245 1465 3298 1508 et
3323 1455 3470 1508 nobis
3497 1465 3545 1510 et
3575 1456 3717 1510 bonis

514 1547 777 1598 omnibus.
1078 1592 1085 1597 .

583 1637 801 1689 liasilca:
833 1634 871 1688 li
894 1648 1214 1695 ~uracornm,
1248 1648 1298 1686 tv
1328 1645 1496 1687 nonas
1527 1632 1776 1700 Augusti,
1804 1647 1944 1687 anno
1974 1647 2003 1686 a
2029 1643 2152 1687 nato
2174 1632 2388 1688 Christo
2410 1651 2612 1689 uoxcu.

1629 1763 2230 1936 ἓῖὧῖΡΡΠ
2304 1830 2654 1968 VITA,

1487 1993 1776 2044 AUC’I‘OHE
1810 1993 2049 2044 JOANNE
2081 1994 2336 2046 HEROLD
2369 1994 2780 2046 ACROPOLITA.

584 2163 694 2217 Etsi
747 2163 910 2231 probe
941 2176 1258 2217 noveramus
1286 2172 1476 2229 praeter
1505 2161 1858 2224 Cennadiuni,
1889 2161 2069 2214 llono-
2099 2167 2148 2222 Α
2179 2165 2302 2217 mali
2357 2164 2598 2220 faverent
2646 2182 2708 2220 ac
2756 2165 2818 2219 rd
2870 2165 3076 2219 unicam
3127 2165 3263 2219 hanc
3295 2165 3528 2220 lmresim
3551 2168 3708 2220 omnia

509 2258 668 2319 rium,
729 2271 883 2322 quem
927 2254 1121 2322 et.ipsi
1180 2255 1430 2319 vidimus,
1462 2254 1812 2308 Trithemium
1842 2269 2074 2324 quoque,
2182 2255 2461 2321 referrent,
2485 2256 2618 2310 adeo
2645 2267 2702 2309 ut
2731 2255 2876 2309 n.u|ti
2909 2271 3090 2324 pirum
3143 2270 3491 2325 repugnantes
3535 2261 3714 2327 perieu-

510 2358 755 2399 auctores
781 2345 943 2399 etiam
974 2347 1112 2398 alios
1140 2343 1359 2398 minime
1411 2344 1833 2399 contemnendos
1866 2345 2082 2413 Eugyps
2181 2345 2288 2398 lum
2312 2347 2430 2398 vita-
2451 2346 2747 2411 subierint;
2781 2359 3035 2413 praeterea
3060 2348 3355 2401 llonorirus
3384 2363 3490 2413 rex,
3511 2350 3712 2418 quicum

510 2439 580 2505 pii
611 2439 776 2491 nostri
806 2437 1130 2492 mentionem
1167 2435 1380 2499 fecisse,
1429 2437 1723 2504 praesertim
1756 2435 2078 2490 Sabellicum
2182 2435 2234 2488 in
2265 2435 2649 2504 amplissimum
2675 2452 2894 2506 regnum
2918 2439 3052 2506 patri
3085 2448 3437 2502 successerat,
3474 2439 3713 2507 impietale

508 2543 559 2583 et
592 2529 872 2592 Platiuam‘,
890 2529 1000 2596 qui,
1036 2527 1266 2595 Philippi
1292 2527 1618 2595 Bergomatis
1641 2541 1825 2581 errore
1846 2526 2078 2591 decepti,
2182 2541 2392 2595 quoque
2413 2536 2615 2595 patrem
2639 2543 2892 2595 superare
2912 2529 3193 2596 gestiebat,
3221 2528 3498 2597 proscribit
3519 2529 3707 2590 multos,

509 2623 706 2690 alioqui
737 2620 834 2673 viri
862 2620 914 2672 iu
948 2618 1193 2673 historica
1222 2619 1528 2685 cognitione
1557 2615 1910 2683 sagacissimi,
1949 2615 2081 2668 falso
2182 2614 2528 2684 deportantur
2554 2633 2657 2670 non
2686 2619 2858 2686 pauci,
2910 2620 3216 2688 frequentes
3244 2621 3294 2672 in
3327 2621 3557 2674 exsilium
3608 2622 3710 2672 mit-

509 2713 782 2766 nominaut
832 2710 1146 2778 Egesippnm
1176 2726 1189 2761 :
1220 2707 1416 2762 etenim
1449 2723 1566 2761 cum
1594 2708 1721 2775 ipsis
1765 2705 2081 2761 vetustiores
2185 2717 2385 2771 tumor,
2435 2722 2677 2763 carceres
2724 2723 2912 2763 omnes
2961 2709 3140 2764 referti
3190 2710 3503 2774 insontibus,
3542 2711 3710 2778 ubique

509 2816 643 2868 quos
666 2800 1055 2853 nominavimus
1095 2798 1341 2852 Severini
1388 2798 1594 2851 abbatis
1623 2797 1810 2863 vitam,
1835 2796 2080 2852 exactio-
2185 2799 2365 2863 mium,
2399 2808 2572 2852 terror
2603 2800 2854 2868 undique,
2887 2811 2940 2855 et
2987 2801 3287 2854 tristissima
3319 2805 3502 2856 mortis
3527 2803 3710 2870 imago:

510 2893 581 2944 ris
604 2906 662 2942 ae
694 2889 942 2944 sttlilztria:
973 2889 1088 2941 vitae
1114 2889 1346 2958 regulam
1371 2903 1492 2941 eum
1517 2887 1914 2956 conscripsisse,
1939 2886 2083 2939 afﬁr-
2182 2889 2275 2941 sed
2296 2888 2441 2956 justo
2472 2890 2560 2944 Dei
2583 2889 2783 2958 judicio
2814 2891 3080 2944 vermibus
3109 2905 3315 2956 arroso,
3363 2900 3419 2945 et
3445 2891 3604 2944 carnis
3631 2905 3710 2958 pu-

510 2991 658 3035 mant
684 3001 695 3033 :
727 2980 790 3034 ad
822 2981 936 3034 11ωο
964 2995 1147 3031 omnes
1178 2980 1481 3047 quicunque
1505 2977 1565 3030 D.
1601 2977 1862 3046 Fulgentii
1919 2979 2078 3029 vitam
2187 2980 2390 3033 tredme
2416 2979 2645 3048 denique
2671 2992 2985 3048 consumpto
3011 2980 3360 3051 (phtbiriasis
3383 2991 3594 3035 vocatur
3624 2982 3707 3034 iste

509 3083 816 3134 etturarunt,
841 3070 1085 3138 epistola:
1115 3086 1271 3136 quam
1320 3070 1370 3121 in
1402 3069 1504 3121 line
1529 3068 1684 3136 hujus
1716 3065 1846 3121 tomi
1877 3067 2082 3120 adden-
2187 3071 2400 3123 morbus
2429 3071 2673 3138 medicis)
2707 3083 2951 3141 tyranno,
2983 3085 3171 3126 omnes
3217 3073 3499 3139 sperabant
3525 3071 3709 3126 Gauda-

510 3165 630 3216 dam
663 3164 970 3215 curavimus
995 3163 1034 3223 ‘,
1068 3159 1132 3211 ad
1167 3157 1499 3227 Eugyppium
1546 3158 1778 3223 scriptae,
1829 3155 2087 3210 memine-
2185 3159 2416 3213 buudum
2449 3161 2586 3227 regis
2607 3175 2674 3212 ex
2710 3160 2871 3214 fratre
2899 3171 3144 3229 nepotem
3173 3163 3440 3217 mitiorem
3487 3163 3708 3218 futurum.

514 3263 674 3306 runt:
705 3261 830 3306 sunt
856 3260 1031 3304 autem
1059 3259 1206 3304 cura
1236 3248 1354 3308 IIOS.
1388 3259 1521 3313 quus
1552 3245 1770 3299 honoris
1796 3258 1953 3297 causa
1985 3259 2084 3296 ηο-
2186 3248 2298 3302 [Ioc
2348 3249 2527 3317 itaque
2568 3249 2619 3301 itt
2670 3251 2895 3303 tumultu
2927 3265 3104 3304 rerum
3135 3254 3187 3303 in
3214 3253 3436 3319 patriam
3470 3259 3710 3305 revocatur

515 3345 802 3406 iniuantus,
834 3335 1142 3393 Vincentius
1182 3335 1606 3400 Bellovacensis,
1635 3337 1934 3389 Antoninus
1966 3333 2087 3387 Flu-
2185 3337 2510 3407 Eugyppius;
2537 3355 2750 3393 reverso
2778 3348 2981 3404 autem,
3029 3341 3244 3394 sollciti
3281 3352 3518 3407 parentes
3546 3340 3708 3394 instant

516 3434 777 3492 rentinus,
821 3429 910 3483 alii
961 3442 1172 3498 quoque
1201 3425 1471 3494 permulti.
1500 3424 1688 3501 Opera;
1720 3425 1946 3491 pretium
1990 3423 2084 3490 igi-
2188 3429 2309 3481 vitae
2363 3428 2727 3483 conditionem
2774 3439 2828 3482 ut
2857 3430 3032 3499 eligat,
3073 3445 3178 3497 qua
3233 3430 3452 3484 honeste
3478 3430 3636 3484 vivere
3661 3440 3709 3478 ac

511 3535 596 3577 ιιι·
643 3537 762 3576 nos—
789 3521 1022 3576 facturos
1075 3519 1346 3584 duximus,
1399 3518 1644 3585 princeps
1702 3516 2079 3576 illustrissime,
2117 3520 2161 3577 Β
2189 3518 2463 3572 catholicae
2490 3519 2736 3572 Ecclesiae
2762 3534 2978 3586 operam
3011 3534 3204 3572 navare
3229 3528 3493 3573 strenuam
3541 3526 3706 3587 posset.

510 3615 551 3671 si
572 3613 639 3667 de
673 3612 786 3665 Vita
814 3609 1067 3674 auctoris,
1096 3622 1158 3662 ac
1183 3607 1388 3669 Probae,
1418 3607 1480 3658 ad
1506 3620 1660 3673 quam
1686 3605 1918 3672 scripsit,
1939 3614 1988 3655 et
2013 3602 2082 3655 de
2189 3608 2223 3658 ll
2249 3623 2300 3668 e,
2353 3623 2472 3660 cum
2526 3610 2576 3660 id
2632 3608 2905 3674 temporis,
2960 3615 3048 3659 aut
3087 3619 3233 3661 certe
3264 3625 3364 3661 non
3394 3609 3562 3660 multis
3587 3608 3707 3657 annis

511 3707 673 3758 tutius
725 3702 905 3770 operis
937 3715 1142 3754 sunnua
1189 3711 1356 3765 pauca
1387 3698 1436 3749 in
1471 3697 1702 3749 medium
1747 3687 2078 3747 afferamus:
2185 3710 2329 3765 ante,
2386 3699 2642 3751 solitarize
2690 3700 2807 3750 vita:
2853 3697 3118 3750 institutio
3167 3699 3218 3750 in
3266 3698 3492 3768 Egypto
3538 3697 3707 3750 radces

511 3791 648 3846 haud
682 3791 844 3858 ignari
879 3804 1036 3854 quam
1060 3787 1279 3840 difﬁcile
1302 3787 1371 3838 sit
1401 3784 1514 3853 ejus
1539 3785 1616 3838 rei
1649 3785 1905 3838 rationem
1965 3784 2078 3837 red-
2185 3791 2398 3856 θεὶς-ει,
2433 3801 2484 3843 et
2517 3789 2570 3842 in
2599 3788 2775 3842 Africa
2805 3799 3028 3857 tyranno
3083 3793 3294 3842 Ariana
3342 3789 3571 3843 factionis
3593 3800 3706 3839 mor-

511 3885 636 3935 dere
667 3882 983 3948 pleniorem,
1016 3892 1175 3945 quant
1206 3891 1396 3928 omnes
1425 3878 1678 3928 hacteum
1711 3875 1898 3927 doctos
1920 3875 2083 3928 lnbel-
2187 3888 2296 3938 tuo,
2333 3879 2525 3931 mirum
2551 3879 2602 3930 in
2630 3877 2840 3931 modum
2872 3879 3174 3932 increscere
3203 3879 3381 3933 multis
3405 3881 3454 3932 in
3482 3877 3596 3932 locis
3615 3888 3705 3929 cte-

512 3975 655 4026 latim
683 3981 888 4024 tantum
911 3970 1224 4037 degustase
1251 3967 1508 4018 videmus.
1537 3966 1741 4018 Etenim
1763 3965 1850 4033 qui
1877 3967 2082 4032 patriar,
2189 3982 2333 4038 perat
2390 3970 2546 4038 (nam
2571 3967 2971 4022 Gundabundns
2995 3966 3394 4022 Catholicorum
3423 3968 3661 4022 Ecclesias
3682 3976 3704 4014 ι

424 4098 426 4101 -
513 4071 789 4130 parentum
811 4099 826 4121 ,
874 4060 951 4114 vel
979 4058 1100 4110 vita:
1126 4068 1259 4110 actae
1289 4056 1445 4122 hujus
1470 4067 1656 4108 auctor
1681 4071 1724 4119 s,
1752 4055 1792 4108 si
1819 4055 1884 4108 de
1913 4071 1980 4107 eo
2004 4054 2086 4107 l.a-
2188 4070 2374 4127 patrno
2401 4061 2610 4111 clausas
2640 4054 2868 4126 aperire,
2892 4045 2962 4110 ae'
2981 4059 3069 4111 Dei
3101 4061 3413 4113 sacerdotes
3440 4059 3700 4115 restituere.

515 4155 641 4206 ridit
673 4151 899 4212 mentio,
927 4151 1185 4202 rationem
1215 4147 1423 4209 reddat,
1458 4149 1634 4200 nullus
1669 4157 1746 4200 est
1778 4162 1933 4214 quem
1961 4148 2084 4197 hae-
2188 4152 2267 4202 vel
2321 4151 2374 4204 in
2428 4150 2673 4203 exsilium
2703 4151 2914 4212 missos,
2948 4148 3030 4202 vel
3065 4158 3468 4217 transportatus,
3500 4158 3701 4201 revocare

515 4258 668 4298 tenus
700 4244 985 4295 viderimus
1012 4259 1022 4292 :
1059 4240 1266 4293 etiamsi
1297 4255 1506 4304 omnes,
1537 4250 1592 4293 ut
1619 4239 1923 4307 Fulgentius
1949 4239 2080 4302 ipse,
2189 4242 2463 4309 curabat),
2517 4239 2669 4308 hujus
2719 4254 2845 4307 ergo
2879 4239 2999 4292 vitae
3026 4239 3161 4293 ratio
3186 4241 3419 4294 maxime
3447 4241 3513 4291 illi
3540 4235 3700 4290 atride-

441 4334 445 4339 ’
514 4338 578 4390 de
628 4336 845 4388 meliore
885 4349 1005 4386 eum
1056 4332 1606 4393 commendantnota,
1638 4329 1982 4382 fortiSsimum
2013 4329 2084 4379 vi-
2191 4333 2297 4383 hat;
2355 4331 2484 4382 Erat
2534 4337 2656 4383 tunc
2713 4329 2948 4382 Marinus
2996 4329 3293 4382 sodalitatis
3320 4331 3426 4395 (cui
3465 4328 3700 4383 Severinus

514 4444 655 4492 rum,
688 4425 1066 4487 clarissimum,
1102 4422 1514 4489 pientissimum,
1556 4431 1605 4471 et
1631 4422 1679 4472 in
1713 4421 1908 4473 Christi
1932 4420 2082 4471 vinea
2190 4419 2496 4487 praefuerat,
2524 4419 2590 4472 ab
2611 4419 2724 4487 ipso
2747 4419 3161 4486 praedecessore,
3185 4420 3256 4472 ob
3282 4420 3584 4489 singularem
3607 4414 3699 4464 vlla:

514 4531 851 4586 operatorem
899 4516 1031 4585 frugi
1080 4525 1292 4568 vocent.
1348 4515 1412 4566 Et
1467 4514 1635 4580 ipsum
1696 4511 1746 4564 in
1796 4511 1969 4563 divina
2001 4513 2084 4562 illa
2189 4526 2214 4562 s
2253 4509 2615 4569 ricliniouiam,
2646 4509 2970 4576 gubernator
2995 4508 3297 4577 adoptatus)
3346 4510 3397 4562 in
3445 4522 3582 4578 quam
3622 4498 3697 4553 viri

517 4609 851 4677 philosophia
884 4617 990 4659 tam
1023 4603 1535 4672 elegonsjmlicium,
1570 4600 1727 4654 facile
1747 4599 2030 4660 convincit,
2059 4615 2086 4650 a
2133 4658 2159 4692 '
2189 4599 2538 4661 eordatiores,
2565 4599 2864 4660 veritatem,
2893 4599 3167 4666 pietatem,
3193 4588 3698 4664 innocentiam!!!”-

518 4699 713 4753 teneris
741 4698 956 4764 optimis
985 4694 1176 4754 sludins
1209 4695 1484 4746 imbutum.
1537 4689 1703 4744 Natus
1738 4699 1819 4743 est
1865 4690 2088 4744 Cartha-
2145 4689 2150 4692 ⁴
2190 4690 2524 4743 suemdinetn
2548 4690 2799 4759 amplexi,
2823 4705 2890 4743 ne
2919 4690 3204 4744 comitibus
3245 4691 3405 4744 tantis
3436 4691 3695 4744 divelleren'

517 4793 657 4856 giue,
692 4790 855 4842 Reum
884 4789 988 4854 jntu
1013 4801 1042 4838 a
1069 4785 1362 4840 Genserico
1392 4793 1564 4850 capta.
1601 4781 1779 4836 Primo
1802 4784 1980 4835 statim
2001 4784 2085 4834 lit-
2193 4790 2296 4845 tur,
2321 4796 2378 4834 se
2407 4765 2738 4844 abdiderant,
2772 4781 3017 4832 humanis
3045 4781 3268 4849 negetiis
3290 4782 3519 4842 semotis,
3544 4777 3656 4831 divin
3676 4785 3694 4822 δ

517 4893 749 4934 terarum
810 4877 1052 4929 tirocinio
1102 4874 1384 4941 deposito,
1440 4875 1658 4927 llomam
1703 4889 1730 4925 a
1780 4871 2157 4941 parentibusC
2192 4875 2534 4938 inhaerentes,
2575 4873 2784 4927 sodales
2841 4873 3125 4938 eligebant,
3179 4888 3312 4939 quos
3359 4881 3413 4928 ει
3436 4867 3690 4927 educabant,

517 4974 732 5032 missus,
763 4972 872 5038 jam
896 4985 1090 5021 annum
1118 4984 1281 5037 agens
1311 4969 1705 5030 duodecimum,
1733 4984 1851 5018 rum
1880 4966 2087 5017 ωιυυιω
2197 4965 2433 5020 moribus
2475 4965 2646 5026 bonis,
2695 4973 2748 5018 et
2777 4964 2987 5026 litteris,
3015 4978 3077 5016 ac
3112 4964 3233 5015 vitae
3263 4960 3596 5031 simplicioris
3622 4956 3693 5004 Ῐῐη·

517 5065 632 5118 dum
688 5062 960 5121 civitates,
1001 5058 1225 5126 imperio
1275 5074 1337 5112 ac
1383 5058 1668 5124 splendore
1696 5058 1837 5109 onmi
1892 5066 2085 5124 exutas,
2196 5056 2468 5109 buebant:
2527 5055 2624 5108 hos
2675 5070 2776 5123 quo
2823 5056 3000 5106 minus
3029 5053 3277 5107 deessent
3305 5057 3415 5122 qui,
3448 5046 3691 5122 perturbat0

518 5155 890 5208 communibus
942 5151 1095 5219 quasi
1151 5141 1385 5202 viverent
1417 5149 1640 5216 legibus,
1682 5147 1808 5200 viris
1832 5147 2004 5200 doctis
2031 5161 2088 5200 se
2199 5149 2447 5201 Ecclesia:
2471 5157 2629 5211 statu,
2657 5148 2700 5200 si
2740 5161 2873 5211 epus
2897 5156 3063 5207 esset,
3105 5130 3492 5208 succurrerent,
3513 5139 3581 5194 vel
3602 5135 3690 5219 thCf

519 5243 778 5310 :nljunxit,
807 5218 987 5294 ltoetio
1021 5245 1345 5306 prmeeptore
1370 5240 1685 5289 instructus:
1709 5235 2088 5290 κυκλοπαίδιιαν
2198 5239 2357 5299 trina,
2387 5237 2469 5290 vel
2493 5236 2758 5303 exemplo,
2781 5235 2971 5303 opibus
2993 5234 3347 5288 communiter
3365 5230 3612 5301 congestis,
3631 5218 3688 5270 *εί

519 5337 746 5388 absolvit
803 5335 1029 5400 ingenue
1064 5349 1074 5382 :
1125 5330 1244 5383 dein
1279 5330 1328 5380 in
1363 5330 1624 5382 Auitianae
1656 5329 1869 5383 familia:
1891 5343 2086 5384 consu-
2197 5335 2418 5388 aliorum
2452 5331 2766 5386 liberalitate
2796 5329 3022 5393 donatis,
3049 5328 3436 5382 sustentabant.
3462 5321 3688 5405 Utebantur

521 5428 647 5480 laris
690 5424 995 5492 clientelam.
1048 5422 1118 5476 ob
1169 5420 1366 5474 indolis
1416 5420 1710 5474 claritatem
1768 5419 2089 5484 assumitur,
2198 5426 2342 5478 cultu
2373 5422 2633 5484 Numinis,
2681 5419 2797 5475 aliis
2826 5420 2982 5488 paulo
3011 5415 3178 5487 magis
3219 5405 3685 5492 devotiore,setlll'"

522 5519 669 5582 cujus
699 5512 1014 5567 auctoritate
1043 5516 1200 5564 etiam
1233 5520 1418 5577 postea
1445 5510 1510 5562 ad
1560 5520 1819 5564 summam
1866 5511 2092 5579 diguita-
2196 5514 2588 5582 supersdtionis
2641 5513 2856 5564 haberet
2902 5509 3068 5561 nihil:
3123 5509 3261 5560 victu
3318 5507 3484 5576 frugi,
3544 5491 3685 5548 restim

525 5621 624 5661 tam
657 5623 871 5661 evectus
899 5613 1000 5657 est.
1034 5601 1164 5656 Cum
1197 5619 1321 5656 vero
1359 5603 1572 5657 Vandali
1607 5605 1922 5658 Arianorum
1961 5605 2091 5671 dog-
2199 5603 2415 5675 umndo.
2444 5601 2534 5656 llis
2563 5588 2768 5656 illectus
2794 5599 3078 5653 virtutibus
3109 5597 3410 5668 Eugyppius
3435 5592 3685 5650 ιιοειοῐιεοθ

590 5723 607 5743 ⁹
638 5719 708 5769 Ea
736 5734 829 5770 nos
859 5715 1454 5786 abstinuimus.quippe
1475 5731 1630 5785 quam
1666 5717 1839 5786 legere
1871 5726 1949 5770 est
1976 5691 2168 5772 Pnlt‘ol;
2196 5726 2320 5771 tom.
2353 5715 2512 5780 LXV,
2535 5717 2638 5771 col.
2668 5712 2790 5766 δη.
2821 5712 2974 5767 Ευιτ.
