3862 6222
165 295 254 348 55Ἵ

1471 277 1991 335 ΙῚὶυΙΕΟυΜΞίΝΛ.

3268 275 3385 330 δεῖ

165 417 285 485 legio
311 413 492 467 horum
524 425 582 463 se
611 407 851 477 adjunxit
881 407 1106 469 socium,
1134 401 1278 457 brevi
1301 400 1570 455 sodalibus
1591 389 1707 454 om-
1736 403 1781 461 Λ
1811 397 2022 474 tandem
2070 395 2170 451 sibi
2197 435 2213 461 ,
2260 395 2473 450 Christo
2520 404 2696 460 autem
2749 393 3024 462 perplures
3059 391 3372 446 lucraretur.

166 507 301 558 nibus
326 513 426 557 tam
453 503 668 562 charos,
718 509 772 551 ut
815 513 913 551 cru
943 496 1268 564 exeruplum,
1307 501 1427 561 post
1453 492 1709 545 Marinum

166 599 376 659 unicum,
406 609 525 647 eum
549 605 740 645 omnes
769 591 1030 653 colerent,
1058 572 1417 654 suspicerent,
1449 593 1710 648 amarent,

166 696 448 749 tantumque
479 681 554 733 illi
584 679 898 744 tribuerent,
930 685 987 730 ut
1018 689 1122 730 tam
1145 690 1325 744 grave,
1352 684 1457 728 tam
1486 672 1714 726 laborio-

164 790 266 826 sum
317 771 438 822 nihil
493 768 732 821 existere
782 767 920 834 quod
955 769 1094 818 hunc
1140 775 1194 818 et
1221 764 1393 816 s=.-lum
1442 775 1503 814 so
1536 762 1713 828 cipere

164 874 245 915 aut
267 862 526 927 coniicere
562 872 718 926 posse
745 856 1069 910 dubitarent.
1101 855 1404 922 Eugyppius
1452 857 1520 904 ne
1564 867 1711 919 spem

165 954 364 1006 fratrum
396 952 697 1014 frustraret,
725 963 846 1002 cum
871 948 1054 1002 divino
1083 961 1146 1000 ac
1174 946 1386 1000 occulto
1433 945 1524 998 Dei
1570 943 1714 1012 judi-

164 1045 238 1097 cio
288 1045 331 1095 in
387 1042 620 1095 Ecclesia
651 1054 678 1093 a
709 1037 1025 1110 quibusdam
1075 1036 1244 1104 magis
1267 1037 1497 1090 haereses
1523 1036 1716 1088 tumul-

162 1136 328 1191 tuaritc
361 1136 735 1202 probarentur,
784 1145 865 1196 ac,
897 1146 1013 1200 quat
1040 1129 1512 1198 pestilentissimre,
1541 1128 1714 1181 homi-

166 1241 274 1278 num
322 1236 529 1277 mentes
578 1231 906 1290 occuparant
956 1229 1117 1286 atque
1174 1220 1530 1287 exagitabant.
1584 1214 1714 1268 Nam

167 1319 301 1372 multi
331 1316 564 1380 Arianis,
597 1314 903 1370 Manichaeis
931 1322 986 1366 et
1029 1308 1463 1372 Priscillianistis,
1491 1321 1715 1378 quorum

171 1424 354 1461 venena
388 1409 697 1467 hauserant,
724 1403 1114 1471 impensissime
1145 1402 1408 1466 favebant,
1434 1416 1460 1452 a
1490 1392 1714 1468 quorum

168 1500 311 1551 sectis
345 1501 508 1560 samti
535 1496 635 1549 viri
665 1503 719 1548 et
750 1487 1128 1556 abhorrebant,
1153 1499 1208 1546 et
1237 1491 1396 1553 alios,
1429 1505 1496 1543 ne
1537 1489 1718 1543 iniice-

169 1597 353 1652 rcntur,
385 1587 573 1640 sedqu
600 1583 999 1653 admonebant,
1033 1581 1179 1636 Licet
1224 1581 1335 1634 DD.
1367 1580 1715 1649 Augustinus,

169 1678 434 1745 Eugenius,
495 1677 829 1745 Fulgentius,
886 1675 1146 1728 Maximus
1194 1682 1248 1728 et
1304 1672 1717 1726 innumerabiles

1814 489 2122 561 Eugyppius
2161 488 2467 543 dilectionis
2508 488 2698 541 ardore
2728 487 2985 554 flagrans,
3018 494 3126 539 tam
3157 485 3376 539 honesta

1815 581 2071 650 petitione
2097 579 2288 633 mirum
2318 579 2371 632 itt
2401 579 2614 632 modum
2654 592 2972 642 succensus,
3008 576 3201 631 litteris
3222 571 3377 640 quam

1813 681 1968 726 antea
1992 671 2300 727 incumbere
2331 671 2495 740 magis
2523 710 2538 734 ,
2580 670 2879 723 imminenti
2907 684 3112 724 veneno
3140 669 3377 722 antidota

1815 778 2138 831 prmparare.
2166 761 2402 815 remedia
2436 761 2678 829 pra‘scnti
2705 760 2889 814 morbo
2909 762 3142 815 co;.llare
3175 758 3376 828 pergit:

1815 855 2016 907 nullum
2047 870 2107 906 ex
2142 853 2294 906 bonis
2320 855 2657 915 auctoribus,
2685 855 2809 920 quin
2841 851 3158 910 adatnussim
3191 866 3381 905 excus-

1814 959 1895 1005 so,
1925 943 2234 1011 prmteribat
2290 935 2420 996 'Jam
2450 951 2623 995 autem
2656 941 2905 1009 przedicta
2933 954 2962 992 a
2991 938 3191 993 Marino
3218 940 3380 992 insta-
3408 942 3411 945 ’

1816 1035 1906 1090 bat
1931 1035 2066 1100 dies,
2100 1031 2620 1101 coroua'pra-parata
2640 1073 2656 1098 ,
2688 1031 2753 1085 ad
2783 1031 2954 1085 throni
2989 1030 3379 1098 pos.~e-si0nem

1816 1135 2034 1178 Vocatur
2077 1124 2413 1178 venerandus
2450 1138 2652 1177 senex:
2687 1121 3028 1176 satvientibus
3065 1135 3191 1190 ergo
3227 1121 3381 1173 Aria-

1817 1215 1929 1282 uis,
1977 1216 2236 1270 Catholici
2283 1224 2378 1269 aut
2420 1215 2606 1270 bestiis
2655 1212 2920 1267 lacerandi
2953 1212 3379 1287 projicicbantur,

1814 1316 1907 1361 aut
1945 1308 2092 1363 fumo
2127 1318 2178 1362 et
2222 1309 2342 1377 igne
2384 1305 2749 1360 necabantur:
2781 1306 2869 1375 qui
2899 1315 3075 1359 autem
3104 1317 3134 1357 a
3161 1302 3264 1358 fide
3289 1318 3381 1357 ca-

1819 1399 2012 1452 tholica
2041 1398 2331 1453 deficerent
2371 1411 2581 1450 summo
2618 1397 2819 1450 honore
2844 1393 3228 1449 afficiebantur.
3274 1392 3382 1446 Ma-

1818 1491 1964 1543 rinus
1994 1488 2112 1543 seio
2147 1486 2244 1541 Dei
2267 1500 2522 1541 accensus
2554 1485 2751 1550 instat,
2782 1486 3054 1539 accurrit:
3086 1483 3213 1549 Qum
3243 1483 3384 1536 insa-

1818 1577 1925 1646 nia,
1942 1594 1975 1632 o
2001 1577 2214 1644 fratres,
2234 1577 2518 1642 exclamat,
2543 1587 2599 1630 ut
2626 1575 2895 1645 repudiata
2924 1589 3046 1630 vera
3073 1582 3231 1644 atque
3254 1586 3385 1626 sana

1819 1667 1998 1737 regula
2022 1707 2038 1734 ,
2066 1667 2236 1721 insani
2266 1667 2500 1721 hominis
2538 1666 2880 1735 persuasione
2906 1666 3238 1720 dementatus
3265 1680 3380 1726 rex,

169 1771 247 1823 alii
268 1784 378 1822 curn
405 1769 473 1837 pii
507 1768 627 1834 viri,
662 1778 770 1822 tum
812 1766 976 1832 docti,
1008 1766 1073 1821 ad
1122 1764 1499 1820 confutandam
1530 1779 1716 1820 eorum
1751 1761 1797 1820 B
1825 1756 1973 1815 more
2002 1761 2265 1827 ferarum,
2297 1761 2536 1814 insontes
2575 1757 2829 1812 dilaniati
2869 1757 2996 1824 Quis
3037 1758 3210 1820 furor,
3242 1759 3382 1827 quod

171 1863 550 1929 persuasionem
599 1859 653 1912 in
703 1858 880 1912 Africa
928 1871 1114 1912 omnes
1142 1869 1335 1909 nervos
1361 1855 1716 1919 intenderant,

172 1934 511 2020 nihilominus,
545 1952 740 2006 Satana
773 1965 878 2004 non
923 1949 1256 2018 Quiescente,
1293 1948 1506 2017 quidam
1548 1963 1721 2001 enter-

169 2043 348 2110 gebant
393 2042 584 2096 Proteo
632 2038 1024 2105 mutabiliores,
1055 2039 1142 2108 qui
1176 2039 1228 2092 in
1260 2052 1469 2092 omnem
1499 2038 1717 2091 formam

172 2145 226 2185 se
253 2131 540 2199 mutabant,
570 2143 676 2198 quo
699 2128 745 2183 si
774 2143 878 2182 non
909 2143 1114 2190 omnes,
1141 2127 1328 2181 saltem
1372 2127 1581 2196 aliquos
1623 2142 1720 2180 sua

173 2221 220 2274 in
263 2221 444 2275 hreresi
481 2229 778 2276 servarent.
814 2219 925 2274 Hoc
954 2219 1015 2273 Ι).
1050 2219 1356 2289 Eugyppius
1372 2201 1550 2272 animo
1572 2219 1720 2273 evol-

174 2329 290 2368 vens
339 2315 494 2380 tristi,
549 2313 752 2366 nullum
779 2312 915 2366 aliud
940 2312 1304 2366 machinarum
1334 2324 1503 2381 genus
1533 2311 1594 2364 iis
1627 2311 1722 2364 ho-

172 2406 327 2458 stibus
380 2404 742 2473 objiciendqu
794 2403 1016 2472 putavit,
1065 2417 1223 2470 qua
1249 2403 1415 2467 ipsius
1445 2401 1720 2470 Augusrini

175 2500 354 2566 scripta
385 2506 438 2553 et
460 2496 830 2552 sanctissimas
857 2491 1224 2565 cogitationes.
1257 2493 1388 2549 Cum
1419 2503 1594 2549 autem
1617 2494 1723 2550 Gu-

176 2588 477 2643 thamundus
526 2588 668 2642 diem
722 2585 1018 2650 extremum
1066 2587 1352 2654 clauserat,
1406 2586 1571 2641 frater
1608 2587 1722 2657 ejus

176 2679 580 2734 'ihrasimundus
608 2681 660 2734 in
691 2693 855 2746 regno
878 2679 1173 2734 succedens
1193 2723 1206 2744 ,
1253 2691 1375 2734 tunc
1397 2680 1587 2735 iterum
1616 2695 1718 2734 sm-

176 2771 326 2824 vitum
356 2784 433 2825 est
455 2772 507 2826 in
537 2769 829 2826 catholicos
855 2786 869 2824 :
903 2772 1304 2838 proscribuntur
1330 2772 1474 2835 boni,
1508 2771 1558 2824 in
1587 2787 1722 2841 quo-

177 2875 279 2912 rum
306 2877 522 2915 numero
542 2870 697 2915 erant
718 2860 930 2916 ducenti
959 2869 1012 2914 et
1042 2861 1224 2931 viginti
1272 2860 1564 2916 doctissitrti
1611 2862 1723 2930 epi—

175 2953 330 3019 scopi,
375 2953 638 3020 praecipue
677 2952 1005 3021 Fulgentius,
1052 2966 1189 3019 quos
1217 2966 1404 3005 omnes
1435 2951 1722 3009 familiares

179 3043 431 3112 l-Iugyppio
451 3044 722 3097 exstitisse
749 3042 887 3096 haud
918 3042 1132 3095 dubium
1155 3050 1271 3107 est;
1306 3050 1426 3095 nam
1458 3042 1510 3095 in
1541 3042 1719 3096 Sardi-

1822 1851 2009 1907 iisdem
2034 1853 2322 1907 innitentes
2350 1851 2606 1920 vestigiis,
2640 1850 2891 1904 haeretica
2917 1849 3133 1912 addicti,
3167 1863 3385 1917 perver-

1821 1946 1866 2000 si
1921 1955 1977 2000 et
2019 1945 2213 2014 perditi
2254 1945 2487 1998 hominis
2507 1943 2674 2013 jussa.
2709 1941 2848 1996 veris
2874 1940 2964 1996 Dei
2991 1938 3267 2010 prreccptis
3298 1955 3389 2009 po-

1825 2039 1956 2091 tiora
2012 2036 2256 2090 habetis?
2282 2035 2431 2102 Quod
2463 2025 2681 2097 malum.
2714 2035 2854 2102 quod
2883 2042 2961 2088 tot
2989 2047 3250 2087 annorum
3277 2048 3388 2086 me-

1822 2129 1920 2180 rita
1955 2127 2153 2179 sanctis
2190 2131 2578 2179 tormentorum
2609 2133 2662 2178 et
2713 2121 2951 2192 martyrii
2981 2123 3168 2187 minus,
3213 2123 3387 2177 subri-

1823 2214 1937 2283 pit!
1969 2213 2166 2269 Fateor
2187 2230 2268 2267 me
2297 2213 2348 2266 in
2377 2215 2597 2267 nomine
2629 2213 2917 2268 individua:
2944 2212 3216 2268 Trinitatis
3251 2228 3388 2283 aqua
3478 2216 3482 2230 ⁵

1821 2301 2030 2357 lustrali
2052 2314 2420 2372 regeneratum
2445 2320 2459 2356 :
2490 2318 2592 2358 non
2615 2311 2805 2371 tortor,
2834 2319 2937 2356 non
2960 2304 3169 2373 gladius
3189 2344 3207 2370 .
3241 2304 3382 2358 milia
3425 2315 3428 2319 '

1823 2391 2129 2470 carniﬁcina
2177 2392 2501 2446 indumentis
2541 2407 2681 2446 verte
2722 2394 2908 2448 salutis
2953 2408 3040 2449 me
3081 2406 3244 2449 entes
3288 2411 3386 2448 un-

1824 2498 2006 2552 quam.
2046 2481 2157 2538 Nec
2178 2497 2348 2547 mora,
2375 2484 2524 2538 adest
2554 2483 2796 2538 liaorum
2819 2499 3041 2548 manus,
3071 2485 3274 2553 rapitur
3303 2486 3386 2540 vir

1823 2585 2068 2641 sanctus.
2108 2576 2305 2630 misere
2344 2575 2610 2632 laceratur
2646 2575 2883 2630 tandem.
2934 2577 3087 2630 Necis
3120 2576 3253 2631 fama
3289 2592 3386 2645 per

1825 2668 2008 2739 urbem
2046 2668 2334 2736 dissipata,
2373 2668 2554 2722 statim
2607 2665 2814 2737 collegii
2867 2681 3160 2723 concursus
3192 2668 3384 2723 factus

1823 2757 2087 2828 Eugyppii
2111 2757 2611 2825 museumirrutnpit
2635 2775 2647 2810 :
2684 2753 3012 2812 Perdidimus
3034 2766 3260 2826 patrem,
3280 2760 3385 2815 Eu-

1823 2849 2008 2918 gyppi,
2035 2848 2415 2917 vociferantur,
2442 2849 2678 2918 martyrii
2709 2848 2872 2919 gloria
2895 2850 3049 2924 nobis
3066 2853 3257 2920 eripuit
3280 2852 3383 2908 fra-
3415 2918 3420 2922 η

1825 2947 1957 2993 trem
1982 2928 2369 3004 dulcissimum.
2405 2940 2627 3009 posthac
2656 2948 3014 3010 propugnator
3037 2955 3100 2995 ae
3127 2942 3385 2998 tidus-no-

1823 3038 1936 3083 sier
1959 3018 2138 3083 custos
2158 3028 2309 3083 esto:
2327 3039 2542 3082 manent
2571 3043 2666 3084 nos
2695 3036 2952 3084 tormenta
2983 3032 3342 3087 crudelissima
3364 3075 3382 3097 .
3419 3030 3427 3040 ’

179 3129 253 3181 nia
277 3128 572 3184 exsulantes
603 3131 666 3182 ad
699 3129 1001 3198 Symmachi
1032 3128 1403 3184 liberalitatem
1451 3145 1552 3198 qua
1584 3130 1720 3184 victu
1748 3140 1791 3202 (ς
1823 3121 1924 3176 ιιὶεί
1953 3121 2018 3176 ad
2049 3122 2204 3177 unius
2237 3120 2445 3192 tyranni
2479 3121 2755 3176 arbitrium
2792 3137 2889 3177 n08
2924 3125 3384 3203 accommodamus

175 3227 224 3270 ct
261 3221 442 3273 vestitu
493 3220 923 3274 sustentabantur
947 3243 976 3286 ,-
999 3218 1127 3273 nihil
1154 3220 1528 3275 consolationis
1557 3221 1722 3276 habe-

178 3306 311 3371 bant,
367 3311 464 3364 nisi
516 3310 774 3378 Eugyppii
803 3295 1024 3378 scripta,
1072 3325 1190 3379 quas
1236 3325 1446 3364 summa
1476 3311 1724 3367 aviditate

176 3396 400 3454 evolvere
426 3410 586 3468 atque
611 3401 881 3468 perlegere
902 3400 1145 3454 solebant
1180 3401 1455 3478 :i‘denique
1483 3415 1578 3456 ore
1600 3402 1724 3481 Ful-

176 3483 344 3554 gentii,
386 3493 652 3543 connrtuui
695 3500 981 3553 consensu,
1017 3496 1072 3541 ut
1100 3489 1150 3540 in
1181 3473 1299 3541 aliis
1324 3492 1483 3543 rebus
1511 3473 1721 3559 quoque

177 3579 300 3631 soliti
344 3589 512 3644 erant,
565 3579 630 3633 de
659 3578 919 3633 charitate
947 3580 1010 3631 ad
1040 3581 1208 3648 ipsum
1239 3583 1587 3649 scripserunt.
1630 3584 1729 3639 llis.

179 3669 224 3722 in
267 3672 475 3725 exilium
522 3672 775 3734 detrusis,
819 3670 989 3739 plebis
1019 3669 1166 3724 furor
1192 3673 1438 3740 exemplo
1466 3673 1743 3742 principis

179 3764 530 3816 recruilescere
577 3762 758 3828 cmpit,
809 3775 928 3813 nam
977 3760 1068 3827 qui
1098 3761 1149 3813 in
1173 3763 1527 3829 suspicionem
1561 3778 1720 3818 vene-

180 3862 303 3916 rant,
349 3855 483 3923 quod
536 3859 711 3907 minus
770 3856 922 3906 malis
970 3854 1287 3906 Christianis
1330 3857 1714 3920 consentirent,

179 3940 527 3997 lacerabantur
548 3946 785 3997 misere:
816 3942 1057 4010 deplorat
1111 3926 1423 4010 vaporiferls
1471 3945 1719 4014 lacryntis

180 4029 342 4086 funera
368 4043 638 4103 parentum
671 4033 892 4101 pueritia
951 4032 1238 4085 tenerrima
1267 4037 1295 4098 ;‘
1330 4035 1585 4087 sollicitus
1630 4051 1718 4102 pa-

179 4140 286 4180 rens
336 4129 571 4184 infirmos
617 4128 987 4182 adolescentia:
1020 4127 1246 4191 animos,
1273 4127 1606 4180 vacillantem
1633 4127 1716 4194 ju-

179 4227 450 4283 ventutem,
474 4219 746 4271 instabiles
767 4218 974 4271 animos
1001 4219 1364 4284 unusquisque
1389 4216 1491 4268 fide
1511 4215 1714 4278 firmus,

181 4321 236 4358 ne
260 4323 426 4364 veram
455 4308 608 4362 tidem
653 4322 716 4360 ac
743 4307 1000 4375 majorum
1030 4306 1082 4358 in
1112 4305 1383 4359 Christum
1435 4305 1715 4358 credulita~

179 4408 269 4451 tem
299 4401 586 4468 repudiare,
622 4407 795 4453 neaut
836 4396 1134 4466 promissis,
1167 4404 1260 4449 aut
1287 4397 1458 4449 fallaci
1501 4410 1717 4465 persua-

1827 3219 1990 3287 (quod
2039 3219 2454 3286 praesentissima
2499 3219 2688 3271 animae
2713 3228 2850 3273 esset
2881 3219 3064 3288 pestis)
3095 3229 3184 3273 aut
3205 3220 3385 3276 divine

1821 3307 1987 3376 adjuti
2018 3307 2247 3362 Numine
2267 3348 2283 3370 ,
2333 3307 2528 3378 ingenii
2572 3307 2645 3361 tui
2693 3308 2935 3363 acumine
2966 3311 3130 3364 hostis
3154 3311 3384 3367 rationes

1819 3400 2235 3453 confutahimus.
2289 3400 2598 3470 Engyppius
2624 3400 2675 3453 io
2710 3400 2809 3454 hac
2837 3401 3054 3456 fratrum
3087 3403 3384 3471 dejectione

1823 3491 2144 3544 necessitate
2166 3501 2409 3557 coactus,
2447 3491 2826 3560 proximiontts
2852 3493 3090 3561 excepit,
3120 3510 3182 3550 ac
3210 3490 3381 3565 quoad

1821 3597 1922 3651 pax
1952 3582 2202 3636 Ecclesiae
2231 3597 2559 3652 sequere'ur,
2588 3583 2856 3652 dignitatis
2886 3585 3101 3652 gradum
3125 3589 3341 3656 suscipit
3365 3604 3380 3654 ;

1821 3685 2125 3742 quantoque
2149 3674 2407 3729 honorum
2431 3675 2688 3745 dignitate
2715 3690 2774 3730 se
2794 3686 3038 3731 evectum
3062 3680 3242 3747 sentit,
3267 3689 3381 3735 tan-

1823 3774 1878 3819 to
1908 3767 2102 3819 Christi
2155 3764 2367 3820 famulis
2410 3766 2669 3832 inservire
2709 3781 2767 3821 se
2794 3769 2988 3823 debere
3015 3785 3240 3839 gnarus,
3267 3788 3382 3827 om-

1821 3873 1917 3912 nes
1959 3868 2137 3926 captat
2180 3860 2490 3913 occasiones
2542 3875 2648 3928 quo
2693 3859 2790 3928 piis
2843 3861 3103 3918 censulet.
3145 3864 3379 3920 Tandem

1821 3952 2100 4005 commode
2122 3965 2183 4003 ex
2219 3936 2582 4004 Valentiniano
2630 3960 2799 4006 matre
2836 3962 2989 4006 natus
3025 3953 3280 4019 Romana,
3326 3959 3378 4008 in

1822 4043 1964 4109 regni
2010 4055 2191 4093 curam
2222 4040 2596 4094 Thrasimunili
2643 4040 2803 4094 Filius
2834 4055 3161 4112 susceperat,
3192 4043 3377 4099 illide-

1821 4134 1958 4183 ricns
1993 4132 2243 4195 nomine,
2291 4132 2372 4183 eui
2422 4131 2723 4200 Engyppins
2765 4129 3148 4198 perfzttttiliaris,
3179 4138 3374 4189 adituzn

1820 4222 2007 4274 habuit
2039 4223 2244 4274 facilem
2270 4263 2284 4284 ,
2337 4232 2388 4274 et
2439 4207 2728 4290 principem
2755 4223 2863 4290 jam
2895 4226 3140 4277 convenit
3165 4266 3180 4291 ,
3212 4236 3265 4279 ut
3295 4229 3378 4296 pia

1818 4314 2010 4364 cohors
2058 4312 2107 4363 in
2136 4311 2380 4365 Sardinia
2424 4313 2673 4366 exsulans
2703 4322 2999 4378 revocetur,
3029 4315 3378 4372 adhortatur:

1821 4402 1968 4471 regni
2011 4404 2208 4456 etenim
2251 4416 2412 4473 atque
2457 4403 2753 4476 principum
2802 4414 2995 4458 statum
3044 4407 3206 4461 Deum
3239 4409 3379 4464 ntul-

179 4492 311 4546 sione
333 4490 702 4545 conﬁdentiam
730 4489 1041 4552 adhibeant,
1097 4503 1162 4543 ne
1214 4503 1406 4555 paucos
1452 4488 1716 4540 cruciatus
1747 4499 1795 4556 Ι)
1825 4503 1929 4546 tum
1973 4495 2166 4547 habere
2198 4495 2482 4548 sollicitum
2528 4494 2818 4562 praedicat,
2852 4496 2946 4549 sed
2975 4497 3182 4552 interim
3216 4501 3379 4554 multa

179 4581 458 4646 devitando,
486 4592 684 4634 externa
705 4594 895 4648 capere
922 4595 1025 4633 non
1055 4579 1222 4633 velut
1246 4597 1257 4630 :
1283 4580 1388 4632 itur
1407 4594 1434 4631 a
1479 4579 1714 4645 pluribus

180 4670 224 4723 in
251 4672 618 4738 carnificinam,
650 4671 889 4739 plerique
928 4669 994 4723 ad
1027 4685 1235 4738 pinnam
1286 4670 1579 4737 rapiuntur.
1611 4669 1718 4722 Ma-

181 4763 308 4822 rinus
335 4783 488 4822 senex
518 4766 854 4821 venerandus
875 4765 1086 4819 sodales
1112 4768 1440 4829 cohortatur,
1475 4765 1636 4818 fortes
1659 4775 1715 4818 ut

180 4859 273 4912 sint
314 4861 362 4913 in
409 4859 669 4914 Domino:
700 4872 757 4911 se
806 4869 902 4925 pro
946 4865 1139 4920 aetate,
1171 4866 1423 4923 quantum
1463 4859 1715 4922 temporis

180 4948 346 5017 injuria
378 4951 723 5018 permisis<et,
751 4932 1006 5017 quantuni
1038 4948 1275 5016 corporis
1306 4957 1355 5000 et
1386 4947 1545 5000 animi
1578 4949 1716 5000 vires

180 5037 494 5094 indulsissent
541 5036 843 5107 invigilasse
867 5078 882 5103 ,
925 5053 987 5091 ac
1023 5052 1118 5106 pro
1159 5036 1393 5090 omnium
1431 5037 1712 5090 commodo

179 5129 384 5185 obivisse
419 5131 648 5199 pericula
691 5130 853 5182 multa
874 5169 888 5193 ,
917 5129 1184 5196 paululum
1211 5128 1309 5181 sibi
1340 5138 1539 5181 restare
1568 5128 1714 5181 lab‘b-

179 5219 273 5286 ris;
301 5222 551 5292 sanguine
570 5234 667 5272 suo
689 5221 899 5272 demum
924 5220 1159 5286 requiem
1183 5218 1521 5286 qnzerendam
1551 5231 1668 5270 esse
1693 5234 1707 5270 :

183 5308 480 5381 Eogyppiutn
531 5317 688 5366 manu
740 5327 1033 5378 prensans,
1080 5311 1396 5377 obtestatur,
1443 5311 1709 5378 obsecrat,

181 5402 420 5467 sodalibus
471 5402 688 5472 posthac
744 5402 1024 5466 doctrina,
1095 5401 1349 5455 industria
1414 5417 1476 5456 ac
1523 5403 1713 5470 vigiliis

183 5503 372 5558 prmeat,
404 5509 512 5547 rem
540 5494 777 5548 omnium
804 5493 990 5547 sedulo
1018 5502 1168 5546 curet
1194 5511 1206 5545 :
1241 5494 1478 5546 ultimum
1508 5493 1605 5547 sibi
1634 5491 1716 5546 in-

185 5585 300 5633 ttarc
331 5582 497 5648 diem,
547 5596 910 5637 successorem
942 5597 1001 5636 se
1036 5581 1524 5660 habiturumalium
1557 5598 1714 5651 quam

186 5667 328 5734 ipsum
368 5675 632 5729 neminem
662 5692 675 5727 :
729 5674 961 5728 futurum
993 5675 1038 5728 si
1069 5662 1343 5744 inceptum
1367 5676 1468 5731 iter
1499 5687 1716 5729 strenue

185 5775 430 5833 perageret
455 5807 470 5831 ,
513 5776 568 5822 ttt
611 5782 734 5829 cum
769 5767 999 5823 nominis
1032 5768 1254 5822 honesta
1284 5765 1420 5824 fama
1446 5768 1712 5824 Christum

1817 4585 2080 4650 exempla,
2104 4598 2260 4653 quam
2294 4585 2432 4637 idem
2465 4585 2580 4653 ipse
2610 4585 2724 4654 pios
2749 4587 2971 4651 evehat,
2995 4588 3237 4656 veritatis
3277 4605 3376 4645 au-

1820 4685 1925 4728 tem
1957 4689 2326 4743 persecutores
2358 4675 2552 4730 misere
2580 4675 2896 4746 principitet,
2920 4690 3219 4739 enumerat.
3268 4680 3380 4736 llil-

1819 4769 2030 4823 dericus
2075 4770 2358 4846 persuasus
2409 4769 2720 4836 pientissirni
2768 4769 2865 4822 viri
2912 4753 3157 4837 consilii,
3188 4788 3376 4840 quam-

1819 4875 1974 4929 quam
2006 4860 2341 4913 sacrantehlo
2386 4858 2789 4926 religiosissimo
2831 4858 3118 4924 astrictus.
3180 4860 3377 4917 furenti

1822 4949 1957 5020 patri
1989 4950 2254 5018 pollicitus
2277 4959 2392 5002 erat
2421 4965 2649 5012 unquam
2681 4951 2730 5002 in
2775 4964 2939 5017 regno
2966 4965 3063 5003 suo
3091 4950 3379 5006 Catltelicis

1822 5041 2118 5095 consultum
2143 5041 2227 5105 iri,
2248 5049 2421 5093 tamen
2450 5040 2637 5093 edictis
2667 5041 2873 5111 tyranni
2897 5043 3136 5106 cassatis,
3163 5043 3378 5098 exsules

1822 5131 2090 5185 restituit:
2124 5133 2354 5184 virorum
2393 5131 2585 5184 deinde
2625 5131 2828 5199 piorum
2861 5147 3046 5200 Opera,
3101 5134 3373 5197 octennio,

1820 5237 1937 5289 quae
1972 5236 2064 5287 per
2100 5229 2304 5287 septem
2335 5234 2494 5288 super
2521 5215 2868 5290 quadraginta
2898 5237 3068 5276 annos
3097 5223 3379 5280 incrudue-

1821 5319 1941 5372 rat,
1992 5309 2476 5378 pestilentissimam
2528 5319 2726 5362 sectam
2775 5310 2952 5364 Africa
3003 5319 3110 5364 tota
3151 5312 3378 5381 expulit.

1819 5399 1984 5454 Nacto
2009 5399 2117 5467 jam
2148 5400 2289 5466 otio,
2325 5398 2631 5467 Eugyppins
2664 5399 2936 5453 thesauros
2974 5415 3108 5468 quos
3145 5401 3274 5456 olim
3308 5418 3371 5457 ex

1820 5493 1882 5547 D.
1907 5491 2184 5562 Augustini
2215 5489 2464 5557 operibus
2485 5491 2887 5559 compilaverat,
2907 5491 3014 5561 jam
3045 5493 3145 5548 sub
3178 5495 3251 5548 tui
3274 5509 3376 5549 no-

1818 5584 1975 5640 minis
2003 5584 2263 5652 auSpieio,
2294 5584 2542 5652 princeps
2574 5583 2947 5651 illustrissime,
2979 5584 3030 5639 in
3059 5585 3230 5640 lucem
3258 5602 3380 5656 pro-

1817 5684 2015 5731 tractos
2040 5717 2054 5740 ,
2086 5674 2278 5742 digerit
2320 5687 2384 5727 ac
2434 5673 2484 5725 in
2532 5672 2772 5748 ordinem
2796 5691 2951 5745 quem
2978 5675 3125 5730 vides
3148 5675 3374 5748 redegit.

1794 5767 1962 5833 ,Odor
1988 5766 2146 5836 igitur
2173 5764 2344 5819 bonus
2369 5746 2627 5835 Eugyppii
2656 5762 2814 5820 etiam
2849 5765 3117 5837 Europam
3147 5746 3379 5839 occupa~
