3812 6224
506 289 608 344 559

1561 307 1622 360 D.
1667 308 1973 365 EUGYPPII
2015 310 2298 369 ABBATIS
2338 315 2649 373 AFRICANI
3425 384 3427 386 ,
3590 335 3666 390 5:70

502 412 617 465 rat,
661 418 722 457 at:
755 406 933 461 Rttmae
965 399 1151 477 magno
1176 453 1188 472 .
1243 415 1291 464 iit
1340 416 1596 470 bonorum
1624 423 2050 485 conversatione,
2083 430 2124 482 Α
2161 424 2354 480 habere
2390 427 2735 482 delectatione
2780 444 2974 486 sancta:
3018 441 3283 492 servitutis
3328 442 3551 498 aff-ctat.
3584 446 3668 497 Sril

504 496 619 562 ejus
666 500 980 553 censebatur
1031 503 1351 558 existimatio
1394 525 1405 558 :
1469 512 1760 574 prmsertim
1812 513 2058 566 Anitiana

505 583 722 649 fatnilia,
746 588 941 640 alumni
963 588 1216 656 dignitate
1241 595 1557 660 exhilarata,
1586 603 1833 654 omnibus
1855 602 2058 654 viribus

503 688 694 727 nomen
731 677 859 729 tanti
891 678 988 731 viri
1030 679 1292 736 illustrare
1341 687 1658 754 satagebat,
1709 703 1805 743 nec
1854 690 2061 758 Eugyp-

504 763 621 827 pius
662 763 896 830 ingratus
931 767 1136 822 labores
1182 785 1304 826 suos
1347 773 1469 827 huic
1513 775 1723 830 familiae
1771 781 2060 834 inscribere

500 860 706 918 :cquutn
737 854 969 910 rebatur.
988 856 1112 912 Erat
1139 869 1264 913 natu
1296 864 1564 929 grandior,
1598 867 1938 937 moribusque
1968 885 2060 923 ve-

505 943 757 997 nerandis
787 943 981 1010 Proba,
1013 948 1170 1003 Anitii
1197 951 1398 1005 Paulini
1423 953 1560 1007 Rulli
1592 955 1732 1024 (ejus
1756 959 1841 1024 qui
1863 974 2059 1013 annum

505 1028 575 1085 ab
615 1031 756 1088 Urbe
814 1037 1025 1090 condita
1066 1041 1473 1108 octuagesimum
1524 1059 1681 1111 supra
1721 1046 2057 1104 millesimum

501 1133 621 1173 cum
671 1120 898 1177 Publilio
935 1125 1144 1193 Optatio
1186 1143 1235 1181 v.
1274 1142 1324 1182 c.
1352 1144 1413 1183 ac
1448 1143 1601 1199 poeta
1634 1133 2058 1201 ingeniosissimo

498 1210 830 1265 consulatum
872 1225 1147 1282 gesserat,
1190 1221 1514 1290 pronepotis)
1546 1222 1807 1279 demortui
1837 1227 2055 1295 conjux,

499 1300 589 1368 qui
619 1301 876 1356 viduitate
907 1317 966 1356 ac
995 1305 1279 1362 solitudine
1300 1308 1459 1364 vitam
1491 1315 1719 1366 maxima
1751 1330 1873 1384 erga
1902 1315 2058 1371 Chri-

501 1397 641 1444 stum
701 1394 993 1446 reverentia
1046 1396 1404 1451 traducebat:
1441 1399 1560 1454 huic
1606 1404 1780 1471 neptis
1818 1405 2055 1472 ejusdem

504 1479 730 1533 nominis
751 1491 885 1547 erat,
909 1497 974 1536 ex
1001 1483 1203 1540 Juliana
1230 1487 1333 1540 lilia
1348 1490 1520 1558 etipsa
1543 1505 1634 1546 cos
1672 1493 1928 1563 conjuge:
1947 1496 2055 1550 vir-

498 1585 565 1638 go
595 1586 719 1626 vero
731 1571 942 1627 Christo
968 1574 1140 1630 dicata
1169 1575 1467 1633 Corneliam
1501 1579 1860 1638 Gracchorum
1889 1597 1943 1638 et
1975 1600 2055 1640 vc-

504 1670 645 1715 teres
670 1662 990 1717 celebriores
1040 1667 1262 1722 feminas
1300 1670 1476 1724 smdio
1509 1670 1796 1726 litterarum
1827 1675 2056 1730 maxime

2164 522 2304 568 enim
2347 532 2372 567 a
2420 518 2641 572 Dotniuo
2684 522 2789 590 (cui
2823 525 3170 590 virginitatem
3201 535 3346 583 vovit
3376 543 3430 585 et
3461 536 3610 589 cordis
3628 549 3665 589 et

2162 608 2421 675 corporis)
2464 625 2559 676 pro
2596 612 2908 677 liberatione
2951 629 3126 671 nostra
3160 623 3503 677 humilitatem
3527 626 3667 680 ferme

2161 699 2366 749 servilis
2412 710 2700 766 acceptam.
2768 703 2831 756 Et
2879 706 2946 758 ob
2983 707 3084 760 hoc
3119 711 3410 766 delectatur
3438 719 3666 781 sponsoitt

2168 787 2323 855 hujus
2373 793 2644 844 servitutis
2693 793 2987 849 humilitate
3042 801 3287 864 placere,
3337 814 3395 855 ut
3446 809 3668 859 consortio

2161 878 2392 944 quinque
2437 882 2732 946 sapientum
2766 884 3023 952 virginum
3053 887 3329 954 deputata,
3374 906 3489 944 cum
3515 908 3666 960 sponsu

2164 967 2323 1031 possit
2353 967 2402 1019 itt
2430 978 2624 1021 aeterna
2653 970 2888 1025 claritate
2911 988 3150 1042 regnare.
3194 979 3417 1033 Delicias
3443 997 3553 1036 vero
3573 999 3664 1037 cot-

2165 1053 2340 1118 poris,
2397 1067 2590 1123 quanta
2645 1062 2837 1116 virtute
2889 1072 3294 1135 contempserit,
3342 1082 3400 1136 et
3449 1077 3664 1141 quomodo

2160 1161 2310 1200 suam
2351 1147 2541 1201 famem
2585 1152 2837 1206 satiandis
2875 1154 3031 1208 faciat
3072 1159 3343 1214 deservire
3371 1165 3662 1229 pauperibus.

2161 1248 2257 1288 nec
2286 1235 2356 1288 ob
2382 1237 2431 1289 ld
2470 1238 2609 1291 aliud
2641 1241 2752 1307 ipsa
2785 1243 2976 1297 vilibus
3011 1257 3214 1314 tegatur
3241 1250 3568 1314 indumentis,
3593 1255 3664 1304 nisi

2157 1332 2214 1375 ut
2256 1324 2569 1379 humilitatis
2627 1331 2950 1395 propositum
3017 1333 3269 1401 impleat.
3334 1347 3386 1390 et
3433 1339 3664 1391 vestiendis

2110 1485 2112 1488 ν
2157 1417 2474 1484 pauperibus
2496 1419 2672 1487 jugem
2709 1435 2889 1476 curam
2930 1435 3125 1478 sanctae
3171 1424 3381 1494 pietatis
3422 1430 3663 1495 itnpetidal.

2157 1507 2363 1572 plenius
2399 1507 2510 1576 ipsa
2540 1506 2769 1564 videndo
2807 1516 3113 1580 cognoscis,
3140 1530 3295 1582 quant
3338 1518 3386 1570 id
3417 1533 3445 1569 a
3471 1534 3542 1569 nte
3567 1520 3664 1570 velis

2155 1593 2369 1657 audire,
2407 1595 2546 1664 quod
2584 1597 2758 1680 minus
2793 1613 3005 1667 possum
3051 1603 3385 1656 sermonibus
3423 1605 3662 1671 explicare.

2156 1682 2300 1738 Hauc
2321 1700 2447 1753 ergo
2476 1686 2565 1740 tibi
2595 1697 2838 1757 tanquam
2864 1692 3137 1758 speculum
3165 1708 3320 1760 pone,
3354 1703 3407 1747 et
3436 1709 3492 1748 ex
3531 1696 3658 1761 ipsius

494 1753 1163 1822 attnulabaturzcorruptos
1191 1761 1881 1830 moressanctisdisciplinis
1913 1774 2050 1832 post-
2085 1776 2132 1834 Β
2162 1774 2585 1831 consideratione
2614 1753 2737 1845 quid
2789 1753 2908 1831 tibi-
2930 1780 3038 1848 jam
3077 1753 3234 1847 insit,
3266 1753 3347 1836 vel
3378 1785 3495 1852 qttid
3530 1753 3663 1836 adhuc

502 1843 734 1913 habens,
766 1859 867 1899 non
920 1848 1245 1917 margaritis,
1283 1852 1526 1918 gemmis,
1556 1864 1644 1907 aut
1672 1856 1879 1909 ueteris
1901 1859 2058 1910 rebus

502 1936 777 1990 vilioribus
800 1938 1027 2005 inhians,
1045 1940 1412 1995 bibliothecam
1443 1959 1567 1997 vero
1595 1945 2055 2002 innumerabilium

497 2031 823 2084 voluminum
867 2032 1206 2089 instruxerat.
1267 2034 1338 2086 Ea
1385 2044 1442 2088 ut
1478 2036 1846 2093 ardentissimo
1904 2039 2058 2094 Citrio

500 2118 689 2174 stiante
729 2118 1029 2174 dilectionis
1056 2135 1238 2176 amore
1279 2121 1449 2177 bonos
1484 2134 1536 2178 et
1564 2125 1680 2192 pios
1702 2128 2057 2196 prosequeba-

500 2220 605 2275 tur,
651 2211 721 2264 ita
745 2209 988 2285 omnibus
1013 2211 1185 2268 doctis
1214 2223 1268 2267 et
1310 2214 1408 2281 piis
1440 2219 1655 2292 probata
1684 2217 1799 2272 fuit.
1841 2218 2053 2275 Etenim

502 2300 563 2355 Ι).
587 2299 910 2370 Augustinus
950 2301 1080 2356 avia
1107 2312 1160 2358 et
1189 2304 1340 2357 matri
1373 2304 1535 2372 ipsius
1565 2307 1806 2361 scribens
1826 2347 1841 2371 ,
1869 2323 2053 2364 omnes

496 2392 811 2461 eloquentiae
839 2393 979 2448 vires
1018 2393 1071 2447 in
1119 2394 1337 2462 virginis
1376 2395 1531 2463 hujus
1578 2395 1762 2450 laudes
1791 2396 2049 2452 effundit:

497 2482 637 2551 quod
667 2482 880 2551 quidem
906 2497 1003 2538 nec
1033 2480 1340 2553 Fulgentius
1368 2486 1547 2539 omisit
1571 2501 1588 2552 ;
1616 2485 1778 2540 Galla:
1805 2489 1944 2541 enim
1968 2502 2055 2543 so-

495 2573 604 2629 rori
647 2577 762 2642 ejus
790 2575 1052 2639 scribens,
1084 2576 1298 2644 quantis
1332 2577 1612 2645 praeconiis
1656 2593 1771 2632 eam
1798 2580 2047 2636 extollit!

498 2684 596 2722 nec
620 2669 894 2721 centinere
917 2681 1003 2722 me
1031 2682 1266 2735 possum,
1295 2669 1452 2722 etiam
1481 2670 1587 2723 alio
1617 2667 1894 2738 festinans,
1924 2670 2050 2740 quin

497 2761 656 2812 verba
705 2758 872 2827 ipsius
938 2758 1197 2813 ascribam
1242 2757 1377 2828 ip~a.
1439 2777 1457 2811 ι
1489 2760 1827 2831 Disponimus
1863 2763 2005 2817 enim
2032 2804 2049 2829 ,

499 2851 702 2920 inquit,
736 2851 777 2904 si
808 2849 1061 2903 Dominus
1091 2850 1345 2915 voluerit,
1374 2860 1429 2907 et
1456 2853 1497 2905 si
1530 2852 1847 2922 vixerimus,
1875 2855 1940 2908 ad
1964 2870 2052 2909 so-

496 2952 669 2992 rorem
721 2947 862 2992 tuam
885 2977 901 3002 ,
950 2947 1186 2992 sanctam
1223 2938 1418 2994 Christi
1465 2942 1721 3010 virginem
1747 2983 1763 3008 ,
1799 2943 2045 3009 Probam,

494 3041 651 3094 quam
678 3026 932 3080 Dominus
960 3025 1065 3080 hoc
1097 3035 1336 3096 tempore
1358 3019 1675 3098 pracipuum
1707 3031 1759 3085 in
1788 3034 1917 3088 urbe
1944 3033 2049 3087 Ro-

2159 1865 2326 1933 desit,
2357 1879 2654 1922 sanctorum
2693 1870 2986 1924 studiorum
3023 1887 3348 1943 eperumque
3389 1892 3657 1942 cognoscet

2158 1954 2423 2011 Hactenus
2447 1958 2513 2011 de
2538 1959 2712 2014 Proba
2767 1961 3070 2031 Fulgentius
3098 1981 3111 2017 :
3143 1967 3226 2018 cui
3259 1968 3547 2037 Ettgyppius
3575 1985 3663 2036 qua

2156 2056 2495 2113 excerpserat
2528 2053 2878 2105 consecravit.
2919 2053 3094 2108 Primo
3125 2064 3268 2109 torno
3312 2073 3429 2125 qua:
3458 2073 3544 2111 suo
3563 2069 3662 2111 tetu-

2158 2149 2283 2201 pore
2323 2137 2580 2216 maximas
2622 2140 2917 2196 excitarant
2961 2135 3316 2211 quastiones,
3364 2157 3539 2216 praeter
3572 2161 3663 2213 pc."

2155 2226 2318 2278 multa
2347 2212 2473 2280 loca.
2489 2227 2794 2282 obscuriora
2823 2230 3106 2298 Scriptum
3133 2212 3417 2298 explicata,
3439 2236 3502 2288 de
3525 2212 3660 2287 chari-

2156 2323 2296 2379 tate,
2347 2315 2555 2380 anima,
2600 2316 2844 2371 sensibus
2889 2317 3152 2384 hominis,
3196 2321 3495 2375 Mediatoris
3519 2338 3661 2375 sarra-

2154 2412 2364 2468 meuto,
2408 2404 2666 2473 religione
2717 2403 3047 2473 Christiana,
3075 2409 3320 2474 sabbato,
3345 2411 3533 2479 judicio
3557 2412 3662 2463 divio

2153 2508 2243 2556 no,
2271 2495 2678 2557 resurrectione,
2703 2497 2809 2550 vita
2833 2511 2895 2552 ac
2915 2509 3082 2553 morte
3107 2509 3328 2564 aeterna,
3381 2516 3661 2570 quacunque

2153 2583 2475 2652 Augustinus
2507 2584 2773 2648 ediderat,
2823 2587 3408 2654 eruditiora,inseruit.
3455 2590 3664 2644 Secundo

2153 2682 2298 2727 torno
2319 2673 2574 2738 Arianos,
2616 2671 2932 2729 Manicbaos
2951 2716 2967 2739 ,
2998 2676 3300 2732 Douatistas
3321 2723 3335 2745 ,
3365 2677 3661 2747 Pelagianos,

2150 2763 2340 2833 quibus
2369 2765 2659 2819 rationibus
2687 2765 2880 2820 devicit
2902 2766 3255 2836 Hipponensis
3286 2771 3373 2824 ille
3397 2772 3661 2837 episcopus,

2150 2853 2306 2909 docet
2329 2869 2345 2908 :
2389 2863 2444 2908 et
2474 2863 2530 2908 ut
2558 2855 2738 2922 paucis
2767 2856 3066 2920 absolvam.
3093 2857 3255 2912 habes
3273 2899 3289 2923 ,
3315 2860 3544 2926 princeps
3570 2858 3663 2910 illu-

2151 2943 2412 2997 strissime
2432 2983 2448 3007 ,
2495 2957 2600 2997 non
2627 2944 2903 3013 Augustini
2931 2959 3120 3012 corpus
3143 2984 3159 3011 ,
3199 2946 3294 2999 sed
3326 2948 3548 2999 animum
3571 2985 3584 3005 .
3613 2961 3663 2997 ex

2151 3041 2258 3086 tam
2300 3033 2767 3086 innumerabilibus
2819 3033 3176 3087 voluminibus
3222 3038 3272 3088 in
3321 3036 3455 3089 hunc
3505 3036 3660 3086 librum

496 3131 580 3171 ma
601 3118 726 3170 dare
745 3115 991 3186 dignatus
1013 3126 1097 3170 est
1113 3117 1426 3185 virginitatis
1451 3126 1503 3172 et
1526 3119 1835 3176 humilitatis
1862 3137 2045 3177 exem-
2073 3126 2120 3189 C
2149 3120 2429 3175 inclusum.
2476 3122 2743 3190 Evulgatis
2781 3131 2952 3174 autem
2994 3123 3216 3191 vigiliis,
3249 3138 3354 3177 non
3385 3123 3471 3177 diu
3504 3137 3664 3190 super-

495 3205 632 3272 plar,
663 3205 728 3259 de
753 3205 956 3273 jejunio
985 3215 1038 3259 et
1057 3207 1296 3260 oratione
1321 3207 1516 3275 aliquid
1547 3208 1802 3271 scribere.
1833 3210 1969 3265 sicut
1996 3212 2048 3265 in

493 3296 720 3365 epistola
761 3311 917 3364 quam
957 3295 1026 3349 ad
1067 3311 1183 3349 eam
1235 3311 1400 3364 nuper
1451 3296 1570 3351 dedi
1601 3313 1715 3352 mea
1747 3298 2052 3367 pollicitatio

457 3386 816 3448 -continetur,
867 3387 1017 3450 cujus
1069 3386 1162 3437 tibi
1209 3387 1473 3454 pra-cipue
1506 3396 1685 3440 sancta
1721 3391 2051 3442 conversatio

500 3477 660 3531 estin
691 3476 938 3528 omnibus
989 3474 1260 3528 imitanda.
1297 3478 1424 3540 Quae
1453 3490 1574 3528 cum
1606 3476 1675 3529 sit
1712 3475 1824 3534 avis
1858 3477 2053 3530 atavis-

408 3569 417 3578 “
497 3583 598 3642 que
629 3579 748 3620 nota
798 3567 1105 3620 consulibus
1129 3607 1144 3631 ,
1175 3579 1227 3620 et
1267 3567 1469 3622 deliciis
1509 3568 1770 3638 regalibus
1798 3571 2048 3636 enutrita,

502 3665 644 3709 tanta
669 3656 746 3710 illi
778 3665 859 3709 est
900 3656 1167 3710 humilitas
1193 3656 1329 3709 dono
1368 3655 1547 3725 gratiae
1589 3657 1823 3711 cmlestis
1854 3659 2048 3724 infusa,

502 3754 559 3798 ut
583 3760 765 3798 amore
808 3745 1150 3813 subjectiouis
1189 3755 1240 3799 et
1279 3760 1373 3797 usu
1411 3745 1676 3799 serviendi
1701 3747 1966 3799 dominam
1994 3761 2052 3801 se

498 3835 780 3903 anuando
826 3833 896 3887 fui
928 3849 984 3888 se
1023 3835 1132 3902 jam
1177 3834 1376 3889 nesciat
1397 3873 1413 3898 ,
1443 3849 1561 3888 cum
1586 3849 1773 3890 omnes
1798 3835 2048 3890 dominos

2155 3211 2284 3264 vixit
2317 3212 2397 3263 vir
2435 3209 2579 3278 pius,
2617 3210 2710 3263 sed
2761 3209 3085 3278 Fulgentium
3125 3210 3498 3278 sesquimensis
3523 3209 3665 3277 spatio

2155 3303 2477 3370 insequensr
2521 3301 2757 3354 omnium
2802 3301 2942 3354 luctu
2986 3301 3229 3355 discessit
3273 3304 3488 3368 patriam
3533 3298 3665 3353 cmic-

2153 3399 2286 3443 stem
2334 3399 2601 3457 repetens.
2658 3388 2780 3443 Haec
2820 3387 2974 3442 habui
3014 3405 3130 3458 qua:
3169 3391 3236 3444 de
3279 3390 3433 3458 hujus
3468 3389 3666 3442 auctoris

2154 3481 2260 3534 vita
2299 3467 2600 3534 summatim
2643 3479 2853 3547 praefari
2895 3479 3018 3531 utile
3043 3481 3211 3532 visum
3251 3480 3368 3544 fuit,
3409 3481 3665 3544 lectortque

2151 3567 2438 3637 jucundum
2481 3567 2680 3621 auditu.
2724 3566 2880 3631 Vale,
2924 3567 3168 3635 princeps
3199 3568 3569 3627 illuStrissime,
3595 3581 3667 3632 pa-

2157 3667 2306 3711 trone
2331 3656 2828 3710 observandissime.
2871 3657 3083 3710 Basileze
3110 3656 3464 3710 Rauracorum
3484 3696 3498 3719 ,
3527 3671 3570 3708 iv
3595 3669 3666 3708 ca-

2155 3747 2296 3803 lend.
2329 3746 2661 3817 septembris,
2696 3760 2834 3801 anno
2863 3761 2890 3800 a
2922 3758 3044 3800 nato
3070 3745 3278 3801 Christo
3307 3762 3505 3800 unxut.

498 3962 3666 3998 ____________________________________________________.

1496 4073 1823 4134 DOMINE
1865 4071 2169 4134 MERITO
2222 4067 2720 4137 VENERABILI,
2858 4156 2864 4161 .

930 4217 1005 4256 ΕΤ
1048 4213 1293 4255 ιτειυοτυ
1338 4211 1547 4254 ΒΑΟΒΕ
1593 4209 2014 4253 νικσικιτΑἹ-ιε
2058 4208 2117 4248 IN
2160 4205 2410 4248 CHRISTa
2453 4203 2683 4244 GRATIA
2727 4201 2968 4244 SEMPER
3019 4202 3299 4242 ILLL‘STBI

1839 4323 1897 4355 AC
1929 4320 2014 4354 PER
2049 4317 2194 4354 υὶίΠΙΛ
2226 4317 2389 4353 1⁸8083

1105 4411 1458 4462 EUGYPPIUS
1492 4408 1741 4460 OMNIUM
1775 4407 2114 4458 SERVORUM
2149 4407 2253 4456 DEI
2288 4407 2581 4457 FAMULUS
2615 4408 2677 4458 ΙΝ
2714 4407 2949 4458 ΒΟΜΙΝΟ
2984 4408 3031 4456 S.
3071 4408 3127 4456 D.

1858 4529 2337 4558 _—._*__.

576 4632 960 4698 Excerptorum
982 4625 1219 4680 codicem
1243 4635 1398 4690 quem
1421 4620 1487 4673 de
1510 4616 1777 4672 nonnullis
1798 4619 2051 4687 operibus
2081 4623 2129 4682 υ
2157 4634 2343 4673 omnes
2388 4619 2664 4672 orthodoxi
2715 4629 2825 4673 toto
2881 4631 3136 4676 terrarum
3191 4625 3316 4677 orbe
3366 4633 3667 4684 venerentur,

502 4722 670 4778 sancti
702 4717 992 4788 Augustini,
1016 4714 1323 4769 cohortante
1350 4710 1565 4763 domino
1589 4724 1708 4763 meo
1731 4707 1932 4761 Marino
1961 4709 2052 4762 ab-

506 4817 646 4876 bate,
680 4813 763 4865 vel
794 4810 1000 4864 caeteris
1029 4808 1227 4862 sanctis
1254 4804 1538 4868 fratribus,
1578 4803 2054 4871 quomodocunque

505 4914 896 4972 cotnpegeram,
924 4899 1172 4950 continuo
1202 4893 1475 4947 transferri
1525 4893 1694 4955 vobis,
1727 4903 1911 4944 sancto
1952 4905 2056 4957 quo

507 4993 717 5062 polletis
746 4987 941 5051 studio,
971 4986 1243 5040 voluistis:
1272 4993 1461 5038 etcum
1496 4983 1824 5035 bibliotheca:
1867 4992 2057 5036 vestrae

508 5085 657 5150 copia
683 5078 979 5147 multiplex,
1010 5075 1232 5141 integra,
1258 5075 1323 5127 de
1351 5074 1539 5141 quibus
1580 5087 1744 5138 pauca
1793 5073 2055 5140 decerpsi,

510 5174 776 5228 contineat
805 5181 985 5234 opera,
1015 5163 1206 5231 placuit
1237 5172 1409 5214 tamen
1442 5163 1634 5214 habere
1677 5162 1945 5228 decerpta.
1996 5163 2062 5214 At

511 5275 610 5329 ego
641 5257 985 5328 prospiciens,
1020 5268 1085 5305 ne
1115 5249 1332 5304 forsitan
1368 5267 1394 5301 a
1431 5251 1720 5317 legentibus
1751 5252 2060 5304 lenit-sitatis

513 5363 800 5418 arguerer,
850 5359 1065 5398 neCesse
1117 5342 1273 5394 habui
1324 5355 1532 5393 causam
1584 5341 1702 5393 facti
1753 5341 2060 5409 pratfatione

510 5443 688 5506 fateri,
715 5456 828 5508 qua:
875 5441 942 5490 ita
977 5450 1049 5492 se'
1075 5434 1249 5488 habet.
1283 5432 1421 5485 inter
1465 5447 1681 5499 magnos
1723 5440 1776 5485 et
1821 5434 2058 5499 egregios

509 5532 780 5589 catholica:
816 5529 1055 5581 doctores
1103 5524 1388 5584 Ecclesia).
1436 5522 1743 5589 prmclarum
1794 5521 1953 5575 fuisse
2010 5529 2062 5574 et

514 5637 632 5677 esse
655 5621 861 5673 beatunt
887 5615 1226 5680 Augustinum
1255 5613 1370 5680 quis
1401 5611 1603 5679 ignoret
1635 5619 1688 5661 ct
1717 5609 2016 5675 episcopum
2040 5606 2062 5659 ?

519 5727 672 5781 quem
704 5723 817 5764 cum
847 5706 1022 5761 divina
1053 5711 1105 5757 et
1147 5705 1370 5758 ltutnana
1421 5698 1716 5755 eruditione
1747 5698 2060 5762 tnirabiletn,

2161 4709 2417 4775 praecipue
2450 4723 2619 4760 tamen
2661 4709 2962 4775 apostolic:e
3003 4713 3140 4762 sedis
3187 4713 3466 4772 antistites.
3498 4713 3662 4776 scripta

2160 4799 2292 4863 ejus,
2336 4812 2423 4848 sua
2477 4797 2817 4863 probabiliter
2862 4802 3172 4852 auctoritate
3219 4800 3508 4863 firmantes,
3551 4811 3667 4852 tanta

2162 4884 2345 4951 majori
2378 4884 2551 4936 studio
2578 4899 2787 4949 semper
2818 4887 3041 4953 amplexi
3075 4898 3216 4952 sunt,
3239 4901 3435 4956 quanto
3463 4889 3670 4956 ampliori

2161 4975 2351 5028 solatio
2385 4972 2466 5026 his
2497 4990 2615 5026 usos
2649 4975 2804 5026 fuisse
2851 4985 3127 5030 testantur.
3156 4978 3280 5030 Nam
3306 4989 3490 5031 contra
3516 4979 3672 5032 multas

2163 5065 2341 5117 hostes
2372 5064 2617 5116 Ecclesim
2647 5064 2976 5127 dimicantes,
3003 5076 3054 5118 et
3078 5069 3299 5121 maxime
3330 5081 3511 5120 contra
3539 5069 3666 5119 versi-

2169 5155 2336 5222 pelles
2371 5152 2609 5207 inituicos
2637 5155 2817 5220 gratim
2847 5155 2957 5216 Dei,
2998 5156 3234 5210 dectrina
3281 5160 3399 5224 ejus
3444 5161 3668 5212 instructi.

2165 5245 2244 5299 vel
2289 5243 2462 5311 potius
2504 5244 2684 5295 eadem
2717 5244 2957 5297 illustrati
2988 5248 3177 5312 gratia,
3207 5262 3418 5314 semper
3463 5247 3672 5302 exstitere

2163 5334 2389 5387 victores
2417 5351 2426 5383 :
2461 5332 2609 5398 cujus
2640 5333 2868 5386 victoria)
2900 5335 3112 5401 prremia
3158 5336 3210 5388 in
3250 5346 3450 5389 tantum
3479 5336 3673 5388 donante

2166 5424 2272 5476 Dco
2297 5423 2516 5489 posteris
2540 5435 2775 5488 prosunt,
2801 5433 2854 5476 ttt
2877 5433 2929 5475 et
2951 5424 3158 5490 jt'junos
3175 5426 3444 5493 cepiosius
3472 5431 3668 5491 pascant,

2166 5523 2216 5567 et
2247 5514 2406 5565 fortes
2447 5512 2606 5563 armis
2655 5511 2975 5577 spiritalibus
3023 5515 3276 5566 muniant.
3327 5514 3586 5567 Catholica
3619 5508 3666 5560 si-

2165 5601 2375 5670 quidem
2399 5599 2586 5652 divinre
2612 5601 2740 5668 legis
2767 5601 3086 5668 explanatio,
3120 5616 3222 5655 non
3251 5603 3428 5657 solum
3474 5600 3666 5658 esurien-

2169 5694 2303 5748 tibus
2331 5691 2600 5753 alimonia,
2632 5690 2720 5744 sed
2761 5701 2815 5746 et
2858 5693 3226 5749 dimicantibus
3265 5694 3498 5750 efficitur
3537 5700 3678 5744 am-
