3862 6222
143 251 242 307 ἵει

1360 243 1364 246 ’
1421 244 1840 301 τιιεδλυῐιυε.
1881 244 2026 300 CAP.
2054 245 2095 300 ἰ.

3226 250 3328 301 563

142 377 282 416 ιιπςι.
313 364 411 418 Nec
438 363 703 417 imnierizo
729 364 905 417 vicarii
938 363 1078 417 illius
1122 364 1201 416 cui
1235 361 1522 427 pascendae
1564 373 1688 412 oves
1718 361 1766 419 Α
1793 374 2097 427 magnorum
2130 358 2178 413 id
2211 360 2288 414 vel
2322 360 2489 414 facere
2512 360 2592 413 vel
2626 367 2818 414 nabere
2846 361 3111 430 dignatur,
3146 362 3333 415 saltem

143 455 393 507 Dominus
413 469 504 506 ore
529 455 742 520 proprio
785 453 1170 507 commendavit
1196 450 1589 519 compastoralis
1611 448 1685 502 of-

142 545 253 595 tieii
279 556 494 605 socium,
525 544 738 610 copiosa
790 543 935 611 gregi
962 542 1228 595 dominico
1274 542 1339 593 de
1370 540 1529 607 pratis
1551 538 1690 592 Scri-

141 641 432 694 pturarum,
478 630 664 698 pabula
709 639 1099 699 procurantem,
1132 628 1449 698 peramplius
1486 627 1688 681 dilexe-

135 716 304 770 runt:
352 733 498 772 suum
531 720 804 774 veri-sime
854 729 1098 787 putantes
1151 718 1364 782 bonum,
1410 720 1550 786 quod
1598 733 1690 786 per

138 810 420 861 fraternam
449 811 721 863 scientiam
751 809 1145 879 gratulabantur
1175 809 1469 863 inventum.
1509 807 1690 863 Scien-

138 911 224 952 tes
261 901 388 952 hunc
418 901 801 969 intelligibilem
840 902 903 954 ad
930 901 1250 955 condiendos
1278 901 1482 953 animos
1524 901 1687 953 salem

135 989 299 1040 etiam
351 990 622 1054 pecoribus
665 989 1032 1057 sbjectissimis
1072 991 1419 1058 proiuturum,
1468 1005 1688 1058 quorum

133 1079 370 1130 omnium
397 1092 490 1146 ego
514 1095 729 1147 prorsus
759 1080 1030 1147 abjectior,
1059 1096 1126 1135 ex
1152 1082 1434 1149 aliquantis
1455 1081 1688 1149 ejusdem

136 1167 279 1216 beati
326 1168 418 1218 viri
458 1169 728 1234 praclaris
772 1170 1021 1236 Operibus
1072 1185 1329 1238 perpauca
1381 1172 1692 1224 ruminando

133 1257 523 1321 quodammodo
547 1258 935 1325 lambendoque
971 1259 1235 1328 decerpsi,
1288 1276 1404 1327 qua:
1431 1262 1692 1314 stantibus

135 1345 322 1397 amicis
345 1345 540 1414 integra
571 1348 820 1416 legeram.
848 1349 976 1401 Nam
1002 1350 1177 1402 omnia
1205 1350 1346 1404 illius
1368 1349 1564 1404 habere
1611 1350 1692 1404 vel

139 1435 378 1488 invenire
399 1438 515 1503 quis
547 1438 748 1504 possit?
791 1439 1048 1493 Nonnulla
1078 1419 1202 1508 ergo
1229 1442 1421 1509 legenti
1452 1442 1579 1494 mihi
1609 1452 1690 1494 at-

135 1536 242 1586 que
269 1523 456 1577 habere
476 1526 704 1593 cupienti
734 1528 851 1593 quia
882 1525 1103 1582 facultas
1126 1531 1337 1583 minime
1357 1533 1688 1598 suppetebat,

145 1614 345 1668 idcirco
407 1618 670 1683 quadam,
704 1619 848 1672 velut
898 1635 962 1673 ex
1015 1620 1213 1689 ingenti
1274 1631 1422 1688 prato
1476 1622 1692 1675 floribus

1799 449 1873 501 illi
1906 449 2095 516 quibus
2126 450 2358 518 plenaria
2387 451 2515 503 tanti
2545 451 2733 505 desunt
2766 454 2962 518 aperis,
2997 450 3078 506 bis
3118 451 3336 506 fortasse

1791 537 2200 593 delectabantur
2243 539 2540 604 Excerptis,
2590 543 2710 609 quia
2754 542 2957 598 facilius
2995 558 3154 597 unum
3192 545 3338 598 codi-

1788 644 1910 684 cem
1937 631 2054 698 quis
2101 631 2290 698 poterit
2316 632 2414 684 sibi
2445 645 2629 700 parare
2658 647 2812 699 quam
2843 633 3050 688 inultos.
3085 638 3122 688 Α
3158 635 3337 704 singu-

1790 719 1853 774 lis
1878 735 2007 774 sane
2031 720 2275 789 capitulis
2302 721 2523 775 diversae
2555 735 2659 785 res,
2691 722 2774 775 vel
2818 722 2973 776 etiam
3018 725 3338 791 qumstiones

1788 824 1947 883 atque
1982 815 2280 880 sententiae",
2310 796 2378 870 de
2396 829 2500 884 quo
2545 830 2704 882 opere
2745 815 2825 870 vel
2867 816 3002 869 libro
3037 816 3161 883 sint,
3203 817 3337 870 indi-

1788 916 1994 967 cantur,
2026 914 2084 958 ut
2110 906 2154 959 si
2180 906 2297 972 quis
2326 905 2548 973 ignorat,
2579 903 2664 958 ubi
2692 919 2783 958 eas
2806 906 2958 972 plene
3000 905 3164 972 possit
3191 906 3338 958 inve-

1790 994 1904 1046 nire
1949 1001 2250 1061 cognoscat.
2301 991 2561 1061 lntegrnm
2604 1007 2729 1045 vero
2793 990 2984 1044 librum
3033 990 3204 1044 visum
3252 1001 3334 1046 est

1793 1081 2172 1149 Excerptorum
2202 1081 2391 1134 debere
2421 1094 2536 1135 esse
2569 1081 2903 1148 principium,
2925 1087 2978 1133 et
3008 1079 3094 1133 ille
3124 1080 3334 1147 potissi-

1790 1187 1931 1224 mum
1960 1172 2088 1224 milii
2140 1171 2522 1239 przeponendus
2543 1173 2788 1233 occurrit,
2813 1185 2966 1239 quem
2994 1170 3129 1223 idem
3157 1171 3338 1224 beatus

1790 1261 2111 1328 Augustinus
2153 1261 2370 1313 antistes
2411 1259 2476 1312 ad
2506 1269 2741 1313 sanctum
2789 1260 3184 1330 Hieronymum,
3216 1267 3332 1326 post

1793 1351 2010 1416 primam
2055 1350 2121 1402 de
2165 1349 2352 1402 animae
2399 1349 2708 1422 quaestione,
2763 1349 2996 1402 noscitur
3059 1350 3338 1417 scripsisse

1792 1440 2178 1509 presbyterum,
2229 1443 2438 1493 solvens
2469 1441 2607 1493 illam
2640 1455 2702 1494 ex
2739 1440 2964 1510 Epistula
2993 1440 3175 1494 Jacobi
3205 1455 3333 1505 apo-

1791 1529 1934 1591 stoli,
1961 1545 2117 1596 quam
2159 1532 2210 1581 in
2256 1529 2424 1595 primo
2455 1528 2743 1596 prmnotavi
2788 1529 3037 1594 capitulo,
3087 1527 3336 1597 qumstioo

1793 1634 1910 1671 netu
1951 1636 1962 1670 :
2009 1621 2058 1671 in
2090 1634 2195 1683 quo
2227 1618 2380 1684 libro,
2412 1627 2635 1686 quatuor
2680 1618 2795 1670 illas
2843 1618 3080 1681 viitutes,
3137 1618 3186 1671 id
3233 1626 3336 1680 est,

136 1721 212 1772 asi
233 1720 357 1758 erso
384 1708 711 1774 ccelestibus,
743 1725 807 1763 ex
862 1711 1112 1763 librorum
1155 1715 1269 1780 ejus
1296 1727 1413 1780 qua:
1449 1712 1570 1764 data
1611 1724 1693 1767 est
1724 1700 1766 1758 Β
1797 1710 2150 1778 prudentiam,
2183 1712 2600 1777 temperantiam.
2636 1710 3014 1775 fortitudinem,
3046 1721 3201 1774 atque
3227 1711 3340 1777 jus-

148 1797 302 1862 copia
344 1799 490 1864 inops
516 1813 761 1866 aegerque
787 1802 975 1871 collegi
1002 1819 1014 1853 :
1047 1803 1198 1869 inops
1227 1802 1432 1856 scilicet
1483 1803 1686 1870 peritia,

141 1899 288 1951 :eger
319 1885 537 1952 oﬂ‘ensa,
590 1888 672 1939 vel
701 1887 968 1942 informari
997 1898 1133 1942 tanta
1164 1890 1399 1943 doctrina
1449 1891 1686 1958 cupiens,

145 1974 224 2025 vel
255 1975 447 2028 sanari.
484 1976 768 2030 Veritatem
801 1993 1022 2047 namque
1069 1979 1344 2033 sententiae
1395 1980 1692 2034 Salomonis

147 2064 234 2126 qui
267 2064 375 2116 ait:
409 2063 579 2118 Favus
606 2069 770 2119 mellis
803 2072 945 2120 verba
975 2070 1274 2138 pnidentiw,
1318 2070 1532 2123 dulcedo
1579 2072 1693 2123 ani-

143 2172 257 2216 mm,
281 2163 469 2210 amatas
495 2161 684 2211 ossium
705 2199 719 2222 ,
755 2161 805 2213 in
836 2161 1118 2229 supradicti
1155 2163 1268 2214 viri.
1295 2161 1595 2216 dulcissima
1641 2171 1693 2216 et

140 2244 416 2298 saniSsima
460 2248 757 2301 eruditione
795 2251 1048 2316 persensi.
1101 2251 1271 2303 Pauca
1318 2251 1537 2318 proinde
1577 2267 1692 2320 quae

144 2336 400 2401 ronge~si,
435 2352 536 2390 non
567 2340 736 2391 solum
767 2338 892 2391 milii
934 2339 1022 2406 qui
1059 2355 1216 2392 sensu
1263 2354 1530 2408 censuque
1578 2354 1691 2393 sum

146 2437 359 2489 pauper,
390 2426 483 2478 sed
508 2425 669 2479 etiam
697 2427 777 2479 his
813 2426 901 2496 qui
944 2439 1165 2496 utroque
1192 2428 1395 2496 praediti
1429 2436 1551 2481 sunt
1575 2444 1692 2503 my-

147 2526 296 2576 nere,
331 2514 597 2580 profutura
625 2514 855 2568 centido.
888 2515 1014 2568 Nam
1044 2532 1162 2570 cum
1201 2518 1254 2570 in
1292 2532 1480 2571 manus
1510 2532 1692 2571 eorum

152 2601 260 2653 iure
285 2604 468 2656 eadem
492 2614 740 2671 excerpta
778 2609 1127 2672 peiveaerint,
1156 2618 1243 2660 aut
1271 2607 1461 2661 ardore
1487 2607 1694 2662 mendi-

146 2691 314 2742 cantis
338 2694 565 2757 accensi,
591 2702 681 2745 aut
707 2691 1024 2758 inordinata,
1048 2706 1100 2747 nt
1122 2696 1338 2760 assolet,
1356 2696 1696 2765 congestione

153 2782 393 2845 permoti,
439 2783 640 2837 dabunt
687 2800 920 2852 Operam,
963 2789 1041 2840 vel
1075 2788 1219 2855 plura
1269 2788 1556 2843 studiosius
1605 2791 1696 2842 ba-

153 2868 296 2931 bere,
331 2871 409 2924 vel
435 2887 495 2925 ea
540 2872 616 2925 liis
638 2874 839 2940 aptiora
867 2875 1204 2943 decerpere,
1227 2885 1384 2945 atque
1435 2877 1693 2931 in'unum

156 2973 343 3026 corpus
372 2961 582 3012 redacta
613 2963 809 3030 sacpius
859 2965 1112 3018 lectitare.
1152 2966 1225 3019 Ita
1272 2967 1488 3020 forsitan
1533 2966 1696 3035 impe-

1795 1800 1984 1865 titiam,
2029 1799 2092 1852 ad
2125 1799 2252 1852 illud
2282 1800 2504 1868 geminae
2539 1798 2835 1853 dilectionis
2873 1799 2963 1853 Dei
3012 1808 3067 1852 ct
3112 1800 3334 1868 p'oaitni

1793 1890 1951 1943 latnm
1993 1889 2288 1942 mandatum
2337 1889 2511 1954 nimis,
2546 1890 2595 1942 in
2618 1905 2720 1956 quo
2772 1899 2876 1944 tota
2922 1890 3005 1943 lex
3051 1891 3241 1957 pendet
3282 1898 3337 1943 et

1795 1981 2082 2048 prophetat,
2122 1979 2344 2032 mirifice
2373 1979 2570 2032 retulit.
2603 1980 2681 2033 Ob
2722 1979 2821 2034 ltoc
2849 1980 3023 2049 itaque
3047 1993 3336 2048 congruunt

1793 2074 1968 2137 putavi
1992 2078 2148 2136 atque
2176 2071 2517 2132 conveu‘ens,
2566 2080 2620 2121 ut
2664 2068 2744 2123 bis
2779 2069 3052 2138 Excerptis
3077 2070 3330 2134 cliaritas,

1793 2175 1892 2226 qua
1917 2158 2152 2226 dispersa
2193 2158 2364 2211 solent
2403 2160 2621 2212 adunari
2672 2159 2994 2227 integritate,
3038 2159 3156 2212 libri
3186 2160 3339 2212 daret

1793 2248 2092 2311 exordium,
2137 2263 2253 2314 qua!
2290 2257 2342 2300 et
2391 2249 2636 2300 virtutum
2682 2249 2916 2303 omnium
2974 2248 3245 2316 perfectio,
3287 2258 3341 2323 et

1797 2354 2040 2406 superna:
2067 2339 2194 2406 legis
2221 2338 2303 2391 cst
2325 2337 2621 2405 plenitudo:
2648 2338 2758 2404 ipsa
2780 2353 2987 2407 queque
3013 2340 3168 2391 linem
3196 2338 3339 2392 dedit

1795 2431 1960 2498 Operi,
1991 2444 2109 2496 qum
2133 2444 2235 2480 non
2284 2428 2440 2480 liabet
2500 2430 2676 2481 linem.
2699 2427 2845 2497 [Nam
2890 2427 3209 2496 penttltimus
3233 2444 3331 2478 nu-

1795 2521 1926 2574 meri
1968 2520 2168 2579 titulus,
2213 2518 2449 2570 ordinem
2500 2517 2808 2582 nutriendae,
2841 2517 3054 2571 ultimus
3096 2518 3338 2571 enutritae

1796 2613 2000 2682 laudem
2030 2611 2263 2664 continet
2290 2609 2578 2662 cliaritatis.
2615 2609 2713 2662 Per
2740 2624 2893 2674 quam
2938 2607 3124 2677 adjuro
3169 2609 3338 2661 lectu-

1797 2692 1905 2769 ros,
1933 2710 1991 2754 ut
2021 2701 2145 2754 u.ilii
2177 2701 2388 2769 indigno
2445 2699 2647 2778 veniam
2688 2699 2960 2768 dignanter
3008 2698 3256 2762 tribuant,
3286 2706 3341 2752 et

1797 2791 2094 2862 orationum
2141 2791 2380 2860 praesidia
2429 2790 2713 2844 clementer
2756 2789 3078 2857 impendant.
3121 2788 3175 2844 Si
3222 2790 3341 2857 quis

1798 2870 1926 2936 sane
1968 2880 2289 2935 transferens
2319 2880 2419 2933 lioc
2447 2895 2600 2948 opus,
2646 2879 2726 2933 liis
2771 2895 2888 2948 qum
2931 2885 3174 2947 congesta
3220 2890 3343 2934 sunt

1798 2976 1898 3027 alia
1928 2974 2126 3026 addere
2150 2971 2287 3025 forte
2327 2971 2574 3035 voluerit,
2603 2972 2847 3038 c0ugruis
2875 2971 3085 3039 adjiciat
3115 2972 3263 3036 locis,
3289 2981 3345 3024 tit

155 3047 232 3097 riti
271 3047 588 3111 desiderium
635 3053 958 3118 compendiis
1007 3056 1197 3122 poterit
1246 3056 1470 3109 militare
1511 3057 1690 3108 docto-

1800 3065 2029 3134 prxdicti
2069 3063 2172 3116 duo
2211 3063 2277 3116 de
2319 3063 2572 3117 citaritatc
2617 3061 2750 3118 tituli
2803 3063 2958 3120 liuent
3006 3078 3215 3131 semper
3261 3074 3341 3117 te-

157 3151 285 3188 rnm.
323 3137 638 3207 Plerumque
666 3141 808 3194 enim
836 3143 974 3209 quod
1006 3143 1235 3212 ineptius
1279 3159 1306 3197 a
1338 3146 1514 3212 parvis
1562 3146 1693 3199 arﬁ-

161 3226 317 3290 pitur,
348 3243 376 3278 a
405 3230 610 3298 magnis
647 3233 819 3297 aptius
865 3235 1199 3303 adimpletur.
1237 3237 1391 3290 Certe
1436 3239 1480 3290 si
1525 3238 1700 3291 nullus

1799 3163 1955 3207 neaut
1989 3153 2385 3218 Excerptorum.

226 3348 348 3375 ,___=
481 3350 740 3378 =======
896 3377 903 3380 _
1310 3350 3133 3364 ________________.______-._____.
3150 3352 3158 3355 _
3177 3347 3336 3356 --κη

1161 3442 1335 3550 n.
1409 3439 2284 3552 EUGYPPII
2365 3389 2417 3565 ί

903 3602 1652 3729 ἈΒΒΑΤΙΞ
1772 3601 2581 3708 AFRICANI

1285 3796 2198 3900 THESAURUS

897 3969 1098 4072 Ea:
1172 3968 1280 4074 S.
1367 3966 1986 4103 ﬂugustini
2053 3969 2588 4104 operibus.

631 4220 672 4289 ι
705 4216 924 4270 carm
953 4215 1228 4269 rmnuu.

179 4299 498 4372 Desentcntia
523 4302 701 4355 Jacobi
728 4306 968 4367 apostoli,
995 4321 1091 4372 qua
1128 4305 1249 4356 dicit
1280 4321 1297 4358 :
1329 4302 1386 4356 Si
1417 4312 1568 4356 totum
1597 4304 1706 4369 quis

234 4369 382 4438 legem
410 4376 699 4432 servaverit,
734 4373 942 4439 o/fendit
971 4369 1135 4425 autem
1166 4375 1216 4424 in
1264 4390 1386 4435 uno,
1439 4377 1596 4438 factus
1632 4379 1706 4422 est

237 4446 452 4493 omnium
481 4458 614 4505 rcus,
644 4457 760 4494 cum
786 4440 915 4494 idem
939 4445 1103 4499 dicat:
1130 4441 1190 4493 In
1216 4443 1382 4494 multis
1414 4441 1712 4505 oﬂendimua

236 4523 418 4580 omnes.
455 4511 520 4561 Et
549 4511 610 4561 de
655 4513 897 4562 charitate
922 4528 982 4563 ac
1026 4521 1239 4580 quatuor
1266 4511 1531 4580 uirtutibus
1555 4524 1568 4558 :
1594 4525 1713 4580 pruf

238 4579 417 4648 tientia,
452 4584 793 4643 temperantia,
840 4577 1132 4646 fortitudine
1159 4592 1204 4631 et
1221 4580 1436 4648 justitia.
1474 4577 1620 4631 Liber
1647 4579 1712 4628 ad

245 4644 596 4716 Hieronymum
626 4644 964 4717 presbyterum
990 4653 1194 4716 integer.

243 4755 381 4816 Quod
407 4756 475 4809 ad
508 4765 557 4808 te
577 4758 786 4823 scripsi,
815 4757 1116 4811 honorande
1139 4759 1262 4810 milii
1307 4758 1354 4810 in
1378 4758 1585 4810 Christo
1613 4756 1713 4808 fra-

183 4848 255 4892 ter
277 4843 606 4913 ilieronyme.
630 4861 872 4913 qua-rens
894 4848 959 4900 de
978 4848 1149 4901 anima
1173 4852 1418 4910 humana,
1433 4847 1475 4899 si
1498 4861 1713 4903 nascen-

187 4931 311 4984 tibus
338 4935 580 5004 singulis.
614 4952 760 4989 nova:
807 4937 1024 5003 singula:
1071 4952 1210 4989 nunc
1237 4951 1401 5003 usque
1433 4935 1590 5006 fiunt,
1629 4937 1714 4990 ubi

187 5023 368 5083 peccati
393 5024 656 5076 vinculum
685 5026 1014 5088 contrahant,
1047 5025 1188 5093 quod
1213 5040 1303 5092 per
1334 5025 1715 5077 sacramentum

188 5111 350 5169 gratiae
374 5113 591 5176 ChriSti,
620 5114 776 5166 etiam
821 5115 870 5165 in
906 5114 1185 5167 infantibus
1230 5129 1413 5171 recens
1436 5115 1570 5166 natis
1612 5127 1714 5164 non

189 5193 466 5253 dubitamus
495 5216 609 5254 esse
637 5203 965 5265 Solvendum,
1017 5218 1136 5256 cum
1164 5204 1216 5256 in
1244 5218 1344 5257 non
1388 5217 1601 5269 parvum
1634 5217 1717 5253 vo-

194 5281 346 5338 lumen
377 5290 703 5355 procederet,
737 5291 878 5343 nolui
909 5291 1009 5343 ulla
1035 5292 1135 5344 alia
1166 5307 1384 5348 onerare
1406 5291 1713 5357 quaestione;

194 5373 272 5424 sed
301 5380 427 5442 quod
457 5389 602 5447 urget
629 5379 818 5445 acrius,
845 5381 1009 5434 multo
1031 5382 1200 5433 minus
1222 5389 1302 5434 est
1330 5381 1710 5448 negligeudnm.

199 5460 397 5522 l’roiode
425 5485 604 5537 qnzeso
648 5478 700 5522 et
721 5485 814 5538 per
844 5471 1116 5523 Dominum
1161 5471 1380 5527 obsecro
1410 5481 1463 5523 ut
1486 5483 1716 5538 exponas

197 5555 329 5618 mihi,
359 5559 488 5624 quod
522 5558 700 5610 multis
737 5559 980 5611 existimo
1009 5560 1355 5628 profuturum,
1405 5569 1493 5612 aut
1523 5561 1566 5612 si
1608 5559 1714 5626 jam

205 5642 271 5694 rei
305 5648 476 5716 abstc,
503 5647 586 5703 vel
619 5646 685 5700 ab
712 5646 811 5701 alio
841 5635 1016 5716 aliquo
1055 5649 1343 5717 expositum
1395 5649 1586 5713 babes,
1632 5648 1712 5701 di-

1806 4213 1945 4280 rigas
1999 4212 2149 4277 nobis
2225 4211 2489 4278 quomodo
2562 4209 2921 4278 accipiendum
2974 4214 3042 4264 sit
3095 4211 3232 4280 quod
3296 4213 3350 4269 in

1815 4303 2041 4372 Epistola
2100 4303 2276 4356 Jacobi
2323 4303 2543 4370 apostoli
2585 4303 2854 4369 scriptum,
2879 4313 2959 4358 est
3002 4303 3351 4373 :Quicunque

1811 4402 1984 4445 autem
2029 4401 2185 4444 lotam
2235 4393 2398 4460 legem
2447 4390 2773 4457 servaverit,
2802 4390 3032 4445 offendat
3073 4401 3245 4446 autem
3299 4394 3348 4446 in

1812 4497 1944 4540 uno,
1974 4480 2038 4533 fat
2059 4492 2139 4534 tus
2165 4492 2242 4533 est
2270 4481 2501 4534 omnium
2533 4496 2675 4534 reus.
2706 4462 2832 4545 Quae
2861 4496 2945 4535 res
2964 4482 3080 4538 talis
3108 4495 3170 4534 ac
3209 4491 3349 4535 tanta

1809 4581 1911 4635 e-t,
1959 4580 2016 4624 ut
2057 4571 2194 4639 quod
2255 4571 2376 4623 hinc
2433 4571 2523 4624 tibi
2577 4571 2683 4638 jam
2723 4586 2825 4624 non
2858 4571 2982 4631 olim
3009 4571 3224 4638 scripsi,
3267 4587 3352 4625 me

1813 4665 2029 4717 multum
2061 4664 2306 4731 pmniteat
2338 4679 2352 4714 :
2383 4664 2448 4714 de
2476 4663 2674 4729 agenda
2702 4678 2923 4733 namque
2953 4663 3194 4729 praisenti
3217 4663 3347 4724 vita.

1811 4755 2074 4822 quomodo
2120 4754 2182 4804 ad
2215 4756 2368 4804 vitam
2413 4754 2780 4819 perveniamus
2808 4761 3082 4816 aeternam,
3133 4767 3233 4803 non
3285 4750 3351 4804 de

1813 4844 2074 4914 prtetcriia
2107 4843 2496 4910 perscrutanda,
2517 4858 2670 4909 quam
2704 4842 2909 4910 penitus
2935 4841 3186 4896 demersit
3213 4839 3348 4893 obii-.-

1816 4935 1918 4995 vio,
1959 4933 2110 4984 sicuti
2150 4942 2230 4984 est
2275 4932 2397 4983 illud
2429 4932 2563 4997 quod
2596 4933 2661 4984 de
2701 4932 2868 4983 anima
2892 4929 3227 5000 qumrcndum
3258 4944 3352 4996 pu-

1817 5024 1941 5087 tavi,
1976 5022 2087 5076 Ittec
2112 5021 2333 5074 vertitur
2363 5023 2601 5088 quaestio.
2647 5022 2924 5088 Eleganter
2951 5027 3122 5070 autem
3153 5017 3349 5069 dictum

1815 5127 1931 5166 esse
1953 5122 2213 5171 narratur,
2235 5111 2375 5178 quod
2402 5109 2521 5162 huic
2545 5111 2618 5163 rei
2649 5111 2780 5162 satis
2794 5117 2913 5175 apte
2932 5107 3172 5160 convenit
3190 5123 3203 5157 :
3221 5105 3350 5158 Cum

1815 5203 2026 5269 quidam
2056 5202 2247 5253 ruisset
2278 5201 2328 5251 in
2360 5209 2591 5265 puteum,
2624 5198 2710 5250 ubi
2745 5211 2875 5264 aqua
2930 5205 3068 5252 tanta
3113 5205 3253 5259 erat,
3296 5204 3352 5255 ut

1817 5308 1934 5346 eum
1959 5291 2120 5356 magis
2139 5289 2404 5355 excipi-ret
2443 5305 2508 5340 ne
2537 5294 2849 5348 moreretur,
2892 5298 3047 5350 quam
3076 5283 3354 5337 sull’ocaret

1818 5397 1882 5434 ne
1912 5381 2230 5446 loqueretur,
2262 5378 2481 5430 accessit
2517 5376 2670 5437 alius,
2703 5388 2870 5439 eoque
2925 5375 3056 5435 viso,
3096 5373 3352 5428 miserans

1817 5471 1889 5522 ait
1918 5487 1930 5520 :
1964 5467 2235 5534 Qumnodo
2259 5469 2361 5518 huc
2386 5464 2655 5519 cecidisti?
2676 5465 2744 5516 At
2768 5464 2853 5517 ille
2878 5462 3351 5528 :Obsccro.inquit,
3416 5474 3421 5479 '

1817 5559 1984 5626 cogita
2016 5558 2280 5626 quomodo
2309 5558 2428 5610 hinc
2457 5571 2541 5609 mc
2569 5555 2778 5618 liberes,
2813 5570 2916 5609 non
2961 5551 3223 5622 quomodo
3251 5551 3351 5611 huc

1817 5648 2092 5702 ceciderim
2117 5660 2341 5715 qumras.
2373 5644 2441 5699 Ita
2472 5637 2714 5713 quoniam
2745 5645 2967 5702 fatemur
2987 5641 3157 5698 etlide
3179 5655 3235 5696 ea
3266 5641 3358 5698 bo.-
