3862 6222
514 266 682 335 5ᾰί¹

1563 269 1625 324 ι).
1670 263 1982 323 enaverit
2025 263 2308 321 Attuarts
2346 246 2662 326 amicam
3619 257 3713 311 im

514 386 614 440 lica
643 392 903 445 tenemus,
951 382 1017 436 de
1053 392 1198 436 reatu
1248 383 1445 449 peccati
1480 390 1727 450 tanquam
1759 381 1824 435 de
1853 389 2015 448 puteo
2039 419 2055 443 .
2089 381 2133 438 Α
2165 381 2322 446 pellet
2349 382 2432 449 qui
2473 383 2653 436 dicunt
2694 382 2863 452 diviti,
2920 387 3058 444 sedc
3103 392 3224 456 lite,
3268 400 3320 446 et
3361 391 3603 458 pauperi,
3631 389 3711 442 Su

513 477 672 531 etiam
707 476 907 544 parvuli
941 474 1150 526 infantis
1172 474 1400 525 animam
1430 473 1627 527 Christi
1659 475 1824 544 gratia
1844 473 2063 526 liberan-

513 569 655 631 dam,
688 568 815 621 satis
863 578 942 618 εει
997 565 1044 616 ei
1079 565 1214 632 quod
1257 564 1471 618 modum
1501 565 1768 632 quomodo
1804 567 1946 619 salva
1972 565 2061 617 fiat

514 662 776 721 novimus,
800 658 1003 711 etiamsi
1029 672 1294 725 nunquam
1318 658 1583 726 quomodo
1615 659 1665 710 in
1691 643 1884 710 malum
1932 657 2057 709 illud

509 749 778 802 devenerit
802 739 1123 802 noverimus.
1153 747 1255 801 Sed
1294 748 1412 801 ideo
1456 748 1630 816 putavi
1661 761 1777 800 esse
1812 760 2057 815 quatren—

507 840 653 900 dum,
687 855 752 891 ne
776 839 908 892 forte
934 853 998 892 ex
1028 839 1131 892 illis
1162 839 1497 904 Opinionibus
1542 837 1919 891 incarnationis
1946 837 2055 890 ani~

509 946 630 996 me,
660 931 885 998 aliquam
933 939 1207 983 teneamus
1249 931 1527 992 incautius,
1570 934 1689 996 qua:
1735 928 2054 983 liberandam

507 1034 726 1090 prorsus
771 1021 998 1073 animam
1049 1020 1242 1087 parvuli
1288 1019 1652 1084 contradicat,
1704 1033 1902 1088 negans
1937 1033 2054 1072 eam

507 1125 626 1166 esse
649 1110 699 1164 itt
723 1111 824 1164 isto
851 1111 1012 1163 malo.
1039 1111 1145 1161 lloc
1167 1109 1320 1175 igitur
1343 1107 1642 1160 firmissime
1664 1118 1893 1172 retento,
1916 1110 2053 1176 quod

507 1204 680 1256 anima
727 1203 932 1271 parvuli
973 1201 1039 1252 de
1087 1214 1229 1252 rca'u
1275 1199 1473 1267 peccati
1513 1199 1782 1252 liberanda
1806 1208 1926 1258 est.
1959 1215 2054 1254 nec

509 1298 611 1349 alio
642 1297 794 1348 modo
825 1293 1110 1355 liberanda,
1143 1295 1238 1345 nisi
1262 1292 1426 1360 gratia
1457 1291 1546 1345 Dei
1575 1307 1669 1359 per
1691 1290 1872 1346 Jesum
1895 1291 2053 1344 Chri-

509 1397 645 1439 stunt
677 1385 951 1438 Dotninum
984 1393 1254 1447 nostrum;
1295 1385 1337 1437 si
1384 1397 1663 1450 possumus
1700 1383 1859 1435 etiam
1891 1382 2053 1450 ipsius

512 1478 630 1528 ntali
661 1489 868 1527 c-usam
899 1483 951 1525 ct
981 1475 1237 1540 originem
1268 1472 1788 1541 nosse,'vaniloquis,
1814 1487 1916 1524 non
1945 1472 2055 1523 dis-

511 1565 856 1632 putatoribus,
884 1563 978 1617 sed
1033 1564 1410 1632 litigatoribus,
1452 1565 1684 1630 paratius
1724 1563 2055 1616 instructius-

505 1676 610 1729 que
654 1660 979 1721 resistimus;
1026 1659 1068 1710 si
1102 1666 1272 1710 autem
1305 1672 1407 1709 nou
1454 1670 1763 1726 possumus.
1796 1671 1898 1708 non
1929 1655 2049 1722 quia

2163 469 2290 524 illic.
2326 471 2497 537 Unde,
2541 487 2608 527 ne
2649 481 2891 541 putarent
2935 482 3327 547 contemptibile
3369 497 3488 536 esse
3537 494 3718 548 pecca-

2161 570 2268 613 tum
2306 560 2356 614 in
2387 563 2484 615 bac
2514 578 2614 617 una
2663 579 2720 619 re
2771 565 2940 635 legem
2990 571 3309 635 transgredi,
3362 584 3580 624 secutus
3625 570 3716 624 ad-

2154 649 2366 716 junxit:
2398 651 2708 721 Quicunque
2753 667 2929 711 autem
2974 665 3134 709 totam
3179 659 3351 728 legem
3398 659 3710 723 servaverit,

2157 738 2387 793 tiﬂ'eudat
2415 751 2588 797 autem
2622 745 2672 798 in
2706 760 2830 809 uno,
2858 747 3026 800 factus
3046 747 3130 802 est
3169 754 3409 804 omnium
3442 767 3587 804 reus.
3618 751 3711 818 Qui

2156 831 2296 882 enim
2323 829 2472 892 dixit,
2500 833 2542 885 Ν
2567 849 2612 886 ιη
2643 835 3026 901 mmchaberis,
3055 837 3188 891 dixit
3213 849 3284 899 et,
3342 839 3456 892 Noti
3480 841 3708 893 occides.

2158 920 2304 984 ρει-»(1
2350 922 2392 973 si
2441 939 2542 974 nun
2576 924 2880 986 mmeheris,
2924 925 3138 979 occides
3184 938 3393 986 autem.
3435 927 3612 980 factus
3657 943 3711 980 es

2161 1020 2520 1075 trattsgressor
2543 1014 2694 1084 legis,
2721 1025 2938 1084 propter
2963 1017 3090 1070 illud
3112 1019 3252 1086 quod
3273 1018 3503 1080 dixerat,
3535 1019 3711 1071 redar-

2156 1101 2265 1168 guti
2295 1117 2322 1153 a
2351 1104 2486 1171 lege,
2514 1107 2663 1173 quasi
2705 1115 3145 1174 transgressores.
3187 1108 3320 1174 Quae
3345 1123 3464 1162 eum
3488 1111 3562 1162 ita
3589 1111 3710 1170 sint,

2155 1205 2487 1260 consequens
2528 1193 2758 1256 videtur,
2817 1195 2916 1247 nisi
2954 1195 3060 1248 alio
3102 1197 3259 1248 modo
3305 1196 3702 1262 intelligendum

2155 1281 2483 1346 OStendatur,
2533 1291 2591 1333 ut
2617 1283 2704 1350 qui
2733 1283 2926 1337 dixerit
2952 1285 3130 1346 diviti,
3158 1285 3298 1338 Sede
3338 1287 3456 1346 hic,
3503 1295 3561 1339 et
3591 1301 3622 1353 p
3656 1301 3706 1335 u-

2157 1386 2269 1439 per,
2299 1370 2391 1424 Sta
2417 1373 2544 1438 illic,
2575 1372 2695 1428 huic
2719 1375 2972 1428 honorem
2997 1375 3309 1442 ampliorem
3335 1390 3493 1444 quam
3516 1375 3594 1428 illi
3621 1377 3705 1427 de-

2157 1463 2353 1531 ferens,
2386 1475 2442 1546 et
2481 1467 2778 1532 idololatra,
2819 1480 2875 1523 et
2915 1471 3276 1539 blasphemus,
3311 1480 3367 1524 et
3395 1468 3624 1533 adulter,
3657 1480 3707 1522 et

2156 1555 2437 1618 homicida,
2461 1568 2514 1610 et
2545 1573 2630 1622 ne,
2647 1560 2785 1627 quod
2809 1561 3020 1631 longum
3045 1571 3149 1626 est,
3173 1564 3363 1615 cuncta
3384 1573 3704 1614 columem-

2154 1659 2288 1709 rem,
2305 1659 2424 1699 reus
2441 1647 2680 1700 omnium
2691 1648 2967 1703 criminum
2982 1649 3157 1718 judica
3166 1652 3299 1703 ndus
3325 1651 3413 1704 sit.
3428 1647 3704 1703 (Mendetis

508 1724 636 1804 latet
663 1750 891 1802 miseria:
921 1747 1253 1815 principium,
1285 1747 1402 1800 ideo
1429 1724 1729 1815 pigrescere
1763 1746 2057 1800 tuisericur-
2091 1724 2136 1781 Β
2160 1737 2353 1806 quippe
2380 1737 2430 1792 in
2463 1748 2587 1804 uno,
2620 1741 2792 1793 factus
2821 1750 2904 1794 est
2924 1740 3158 1794 omnium
3192 1757 3333 1795 reus.
3366 1743 3434 1795 At
3457 1742 3598 1794 enim
3622 1737 3701 1806 qui

505 1844 608 1898 dite
635 1842 792 1894 debet
819 1839 1070 1893 ofliciuin.
1104 1839 1364 1892 AdverSus
1393 1851 1487 1890 eos
1512 1846 1688 1890 autem
1735 1838 1821 1905 qui
1853 1836 1952 1890 sibi
1978 1837 2056 1890 vi-

506 1934 699 1988 dentur
740 1933 878 1985 scire
917 1931 1050 1998 quod
1102 1928 1388 1997 neseiunt,_
1428 1931 1528 1981 hoc
1575 1928 1796 1981 tutiores
1851 1941 2056 1992 sumus,

506 2025 646 2095 quod
699 2024 833 2077 hanc
882 2021 1226 2090 ignorantiam
1283 2032 1514 2074 nostram
1568 2037 1672 2074 non
1705 2023 2054 2090 ignoramus:

506 2115 646 2168 aiiutl
679 2126 755 2166 cst
793 2112 932 2166 enim
963 2111 1099 2178 quod
1139 2110 1330 2163 nesciri
1377 2111 1570 2163 malum
1601 2121 1682 2165 est
1703 2153 1716 2173 ,
1746 2111 1884 2164 aliud
1916 2113 2060 2179 quod

508 2204 629 2258 sciri
661 2203 743 2255 vel
771 2217 878 2254 non
905 2209 1096 2267 potest,
1126 2200 1205 2252 vel
1255 2213 1357 2252 non
1387 2214 1518 2267 Opus
1547 2209 1648 2260 est.
1679 2202 1760 2252 Vrl
1787 2201 1851 2253 ad
1897 2202 2070 2265 vitant

507 2308 665 2359 quam
706 2288 992 2358 qtttrriutns
1033 2288 1336 2342 indifferens
1363 2299 1464 2342 est.
1497 2290 1607 2343 lloc
1632 2306 1787 2354 vero,
1821 2291 1960 2358 quod
1993 2293 2059 2344 du

508 2380 699 2436 litteris
723 2378 949 2448 apostoli
973 2379 1151 2432 Jacobi
1175 2392 1313 2431 nunc
1343 2381 1576 2446 requiro,
1609 2382 1659 2432 in
1694 2382 1790 2431 hac
1821 2380 1932 2445 ipsa
1956 2395 2056 2451 qpa

423 2480 430 2485 “
506 2474 850 2545 νὶγὶιηυςχθε,
880 2479 932 2522 ut
963 2482 1172 2535 semper
1196 2470 1452 2527 vivamus,
1481 2468 1588 2521 Deo
1629 2469 1833 2534 placere
1874 2455 2056 2522 stude-

505 2581 645 2630 mus,
679 2548 884 2618 actione
914 2573 1168 2614 versatur.
1199 2558 1476 2624 Quomodo
1501 2574 1628 2626 ergo
1657 2559 2054 2628 intelligendum

506 2649 607 2721 est,
640 2649 862 2709 obsecro
890 2661 940 2704 te
977 2668 988 2702 :
1021 2650 1324 2716 Quicunque
1350 2657 1510 2701 totam
1541 2647 1706 2715 legero
1744 2651 2055 2713 servaverit,

505 2745 734 2801 offendat
758 2753 930 2798 autem
969 2741 1021 2795 in
1049 2755 1173 2802 uno,
1204 2740 1370 2793 factus
1389 2748 1466 2792 est
1490 2740 1724 2792 omnium
1759 2754 1877 2792 reus
1902 2740 1926 2792 ?
1955 2740 2052 2793 ita-

509 2852 574 2889 ne
598 2836 689 2904 qui
719 2833 913 2887 furtttm
945 2830 1145 2891 fecerit,
1163 2830 1270 2882 imo
1292 2843 1419 2882 vero
1439 2827 1526 2895 qui
1553 2827 1745 2881 dixerit
1771 2829 1939 2889 diviti,
1962 2829 2055 2882 llic

504 2923 652 2986 sede,
693 2919 907 2988 pauperi
947 2920 1145 2981 autem,
1177 2917 1261 2971 Tu
1284 2925 1364 2970 sta
1404 2916 1527 2979 illic,
1576 2923 1630 2970 'et
1676 2916 1967 2980 homicidii,
1999 2929 2053 2970 et

502 3011 769 3073 adulterii,
798 3021 850 3062 et
895 3009 1157 3076 sacrilegii
1207 3021 1327 3060 rcus
1372 3009 1489 3060 est?
1530 3006 1679 3073 Quod
1720 3006 1762 3059 si
1795 3023 1898 3060 non
1948 3019 2048 3070 est,

456 3112 461 3117 '
504 3070 770 3173 quomodo
813 3102 901 3169 qui
949 3101 1000 3153 in
1046 3070 1152 3153 uno
1198 3098 1432 3152 oll'endat
1484 3070 1653 3152 factus
1694 3109 1779 3174 est
1814 3101 2048 3153 omnium
2081 3070 2124 3130 (ἶ

501 3195 663 3250 reus?
691 3197 767 3245 An
814 3188 967 3253 illud,
998 3189 1137 3258 quod
1162 3188 1293 3242 dixit
1316 3189 1382 3241 de
1424 3188 1588 3242 divite
1617 3197 1671 3242 et
1713 3203 1964 3256 paupere,
1989 3189 2051 3242 ad

500 3285 599 3340 ista
651 3297 755 3336 non
797 3283 1060 3350 pertinet,
1118 3294 1337 3346 quorum
1370 3278 1411 3331 si
1440 3279 1560 3346 quis
1606 3281 1657 3331 in
1690 3296 1795 3332 uno
1822 3280 2056 3334 tilTende-

499 3375 592 3440 rit,
617 3373 706 3428 fiet
734 3372 966 3425 omnium
993 3371 1152 3424 reus?
1177 3369 1281 3423 Sed
1312 3369 1653 3423 recolendum
1687 3369 1823 3423 unde
1852 3372 2055 3424 venerit

499 3467 598 3518 ista
625 3461 905 3524 sententia,
935 3471 985 3514 et
1002 3475 1118 3526 quae
1137 3459 1287 3517 illam
1299 3461 1578 3537 superiora
1597 3461 1918 3526 pepercrint,
1938 3460 2053 3527 qni-

497 3557 598 3609 hus
626 3567 863 3606 connexa
893 3550 1236 3618 dependeat.
1256 3537 1482 3614 Fratres
1507 3551 1638 3613 mei,
1671 3550 1858 3614 inquit,
1889 3549 2054 3604 nolite

497 3647 551 3700 in
581 3656 922 3712 personarum
951 3635 1272 3706 acceptione
1308 3625 1500 3696 habere
1539 3639 1692 3691 fidem
1725 3640 1926 3692 Domini
1959 3647 2066 3692 no-'

497 3736 592 3788 stri
623 3735 746 3797 Jesu
781 3732 973 3784 Christi
1002 3714 1451 3798 glorize.Elenim
1483 3730 1526 3781 si
1566 3731 1823 3783 introierit
1856 3732 1905 3784 in
1936 3747 2057 3785 cou-

497 3835 712 3878 ventutu
760 3831 990 3874 vestrum
1036 3821 1115 3872 vir
1157 3835 1373 3872 attreuzn
1420 3826 1670 3871 annulum
1719 3822 1939 3886 habens,
2001 3825 2049 3875 in

496 3920 643 3968 veste
669 3911 908 3973 candida,
965 3908 1220 3961 introierit
1257 3919 1428 3962 autem
1459 3919 1511 3961 et
1535 3925 1734 3976 pauper
1759 3911 1809 3962 in
1839 3912 2052 3964 sordido

427 4014 436 4024 ‘
495 4003 702 4066 habitu,
731 4011 785 4056 et
815 3999 1100 4054 intendatis
1132 4001 1180 4050 itt
1232 4014 1352 4051 cum
1396 3999 1484 4068 qui
1537 4000 1751 4052 indutus
1776 4009 1857 4052 est
1905 4012 2052 4053 veste

497 4095 752 4161 praeclara
778 4131 792 4156 ,
822 4102 877 4144 et
912 4090 1098 4144 dicatis
1132 4107 1145 4142 :
1174 4089 1252 4142 'fu
1306 4089 1435 4143 sede
1486 4089 1570 4142 hic
1623 4091 1786 4155 bene;
1833 4094 2049 4158 pauperi

493 4191 671 4237 autem
720 4179 906 4233 dicatis
939 4219 956 4244 ,
1013 4179 1090 4232 Tu
1136 4187 1214 4230 sta
1259 4177 1381 4243 illic,
1439 4189 1562 4242 aut,
1591 4178 1730 4249 Spde
1779 4181 1879 4233 sub
1930 4197 2049 4234 sca-

494 4273 635 4327 bello
662 4271 854 4340 pedum
883 4283 1115 4323 meorum
1134 4309 1149 4333 ,
1176 4284 1350 4323 nonne
1370 4269 1616 4336 iudicatis
1653 4271 1789 4337 apud
1819 4283 2053 4324 vosmet-

492 4366 661 4435 ipsos,
692 4372 746 4420 et
766 4363 888 4418 facti
920 4363 1046 4416 estis
1072 4361 1276 4431 iudices
1307 4362 1682 4430 cogitationum
1715 4363 2049 4432 iniquarum?

494 4456 709 4520 Audite,
750 4454 940 4508 fratres
970 4452 1082 4506 met"
1100 4452 1458 4516 dilectissimi,
1502 4466 1678 4505 nonne
1721 4452 1858 4507 Deus
1885 4453 2047 4522 elegit

493 4561 752 4616 pauperes
781 4547 834 4600 in
861 4545 961 4599 hoc
989 4544 1204 4607 mundo,
1238 4543 1429 4597 divites
1469 4543 1522 4596 in
1549 4543 1687 4611 (ide,
1719 4554 1772 4597 et
1807 4545 2048 4598 barredes

495 4638 648 4708 regni
677 4638 817 4704 quod
847 4636 1149 4705 repromisit
1180 4635 1317 4687 linus
1344 4623 1684 4701 diligentibus
1712 4635 1803 4688 se?
1826 4635 1930 4688 Vos
1959 4652 2051 4689 au-

496 4736 604 4786 tem
631 4728 1002 4782 exhonorastis
1043 4741 1362 4795 pauperem:
1407 4735 1622 4793 propter
1651 4725 1798 4778 illum
1851 4726 2053 4780 scilicet

491 4822 576 4874 cui
597 4819 792 4872 dictum
822 4825 921 4881 est,
939 4817 1015 4869 Tu
1042 4825 1118 4869 sta
1143 4817 1267 4874 illic,
1297 4831 1414 4868 cum
1449 4815 1658 4868 habenti
1688 4815 1938 4868 annulum
1970 4831 2057 4868 au-

433 4921 440 4928 '
495 4926 643 4966 reum
671 4911 870 4964 dictum
898 4908 1152 4970 esset,'l‘u
1176 4905 1301 4962 sedc
1329 4908 1412 4960 hic
1444 4909 1596 4961 bene.
1631 4909 1704 4959 At:
1736 4907 1930 4960 deinde
1960 4923 2045 4960 se-

490 5003 690 5069 quitur,
723 4999 963 5054 eamdem
991 4998 1155 5066 ipsam
1196 4999 1509 5052 senteutiam
1543 4998 1700 5051 latins
1750 5014 1966 5051 versans
1992 5009 2046 5052 et

495 5093 764 5159 explicans
797 5108 809 5144 :
843 5089 1049 5150 Nonne,
1077 5090 1262 5153 inquit,
1287 5089 1474 5142 divites
1505 5105 1597 5156 per
1638 5087 1924 5155 potentiam
1953 5104 2049 5156 op--

493 5183 729 5249 primunt
754 5196 863 5244 vos,
894 5187 948 5234 et
969 5179 1066 5246 ipsi
1109 5177 1375 5230 attrahunt
1405 5194 1496 5231 vos
1523 5178 1586 5231 ad
1606 5178 1836 5245 judicia?
1865 5178 2046 5231 Nonne

493 5270 594 5335 ipsi
627 5270 987 5337 blasphemant
1016 5270 1208 5320 bonum
1234 5282 1446 5331 nomen,
1477 5269 1614 5334 qttod
1645 5271 1942 5321 invocatum
1966 5280 2045 5320 est

489 5375 650 5426 super
678 5373 770 5412 vos
791 5358 812 5409 τ
833 5358 1088 5426 siquidem
1122 5357 1286 5426 legem
1317 5357 1564 5422 perficitis
1595 5359 2046 5426 rcgalem.secnn-

489 5449 612 5502 dum
644 5449 943 5517 Scripturas
975 5467 987 5500 :
1026 5448 1217 5516 Diliges
1249 5447 1546 5512 proximum
1594 5456 1739 5498 tuum
1787 5449 1922 5500 sicut
1955 5447 2047 5499 tei-

491 5555 660 5604 psum,
692 5540 827 5593 bene
857 5536 1062 5592 facitis:
1091 5542 1329 5590 siautem
1363 5550 1612 5600 personas
1645 5537 1901 5604 accipitis,
1927 5551 2047 5601 pec-

492 5641 665 5683 catum
690 5629 1002 5697 operamini,
1027 5628 1284 5696 rcdarguti
1307 5643 1337 5682 a
1362 5629 1497 5694 lege,
1521 5628 1668 5696 quasi
1693 5637 2045 5694 transgresm-

499 5733 602 5774 res.
660 5718 786 5773 Vide
837 5719 1272 5787 quemadmodum
1315 5729 1738 5789 transgressores
1777 5719 1902 5786 legis
1948 5733 2040 5786 ap-

2159 1843 2315 1880 uttam
2341 1828 2586 1883 virtutem
2619 1829 2796 1893 habet,
2817 1844 3002 1897 omnes
3032 1829 3211 1894 habet,
3241 1839 3295 1883 et
3315 1831 3404 1898 qui
3427 1844 3586 1882 unam
3607 1842 3701 1880 non

2160 1921 2335 1988 habet,
2358 1923 2555 1986 nullam
2585 1923 2742 1977 habet
2769 1923 3014 1993 (Cicero)?
3043 1925 3154 1978 lloe
3181 1925 3226 1978 si
3251 1938 3431 1977 verum
3460 1931 3562 1984 est,
3584 1936 3699 1976 con-

2160 2015 2398 2081 firmatur
2420 2013 2523 2069 ista
2539 2017 2818 2070 sententia.
2840 2017 2946 2072 Sed
2971 2033 3071 2087 ego
3088 2031 3206 2071 eam
3227 2016 3419 2083 exponi
3442 2016 3582 2079 volo,
3606 2030 3698 2067 non

2156 2103 2480 2168 confirmari,
2506 2121 2623 2174 qua:
2649 2121 2741 2174 per
2763 2123 2822 2161 se
2854 2108 3018 2174 ipsam
3059 2119 3137 2162 esr
3165 2108 3304 2176 apud
3333 2122 3428 2160 nos
3470 2105 3697 2160 omnibus

2161 2193 2598 2261 philosophorum
2659 2199 3063 2250 auctoritatibus
3131 2199 3337 2250 ﬁrmior
3391 2215 3406 2250 :
3471 2210 3522 2250 et
3580 2195 3695 2250 illud

2158 2286 2370 2353 Quidem
2414 2285 2484 2340 de
2535 2287 2817 2340 virtutibus
2877 2297 2932 2341 et
2967 2289 3035 2342 de
3080 2288 3222 2341 vitiis
3250 2290 3294 2341 si
3336 2288 3589 2342 veraciter
3627 2285 3692 2340 di-

2160 2375 2328 2440 citur,
2381 2390 2486 2428 non
2535 2387 2617 2429 est
2662 2391 2992 2445 consequens
3042 2391 3097 2430 ut
3137 2388 3350 2445 propter
3391 2378 3488 2430 hoc
3532 2376 3692 2430 omnia

2162 2477 2371 2533 peccata
2401 2469 2507 2521 sint
2532 2469 2694 2529 paria.
2724 2469 2852 2522 Nam
2884 2471 3012 2523 illud
3044 2471 3111 2525 de
3136 2472 3578 2539 inseparabilitate
3605 2471 3692 2523 vir-

2161 2566 2358 2620 tutum,
2403 2558 2519 2618 etsi
2549 2557 2765 2613 forsitau
2819 2559 2990 2624 fallor,
3043 2572 3258 2626 tamen»,
3290 2562 3336 2615 si
3378 2576 3556 2615 verum
3590 2574 3695 2613 mea

2160 2646 2308 2713 mini,
2338 2646 2480 2714 quod
2534 2648 2622 2701 vix
2665 2648 2876 2701 memini
2901 2689 2915 2712 ,
2942 2650 3186 2703 erunibus
3225 2649 3550 2717 philosophis
3596 2648 3688 2716 pla-

2156 2739 2284 2799 cuit,
2319 2740 2407 2805 qui
2445 2739 2655 2792 easdem
2704 2739 2916 2792 virtutes
2964 2725 3186 2811 agendi:
3213 2742 3335 2796 vitae
3388 2740 3687 2796 necessarias

2156 2842 2274 2882 esse
2311 2829 2576 2881 dixerunt.
2611 2828 2720 2883 lloc
2749 2841 2922 2883 autem
2957 2831 3024 2883 de
3078 2832 3344 2898 parilitate
3376 2841 3688 2899 peccatores

2158 2920 2207 2985 2
2231 2919 2324 2969 solt
2349 2919 2510 2970 Stoici
2541 2919 2654 2970 ausi
2684 2929 2805 2971 sant
2825 2919 3116 2986 disputare,
3143 2929 3330 2974 contra
3350 2935 3555 2974 omne
3577 2933 3684 2972 seu-

2154 3023 2269 3060 suut
2315 3008 2525 3075 generis
2547 3009 2781 3060 humani.
2810 2991 2976 3075 Quam
3003 3023 3187 3063 eorum
3221 3009 3499 3064 vanitatem
3533 3010 3583 3063 in
3607 3007 3684 3062 Jo-

2155 3095 2365 3151 viniauo
2395 3096 2506 3162 illo,
2533 3099 2622 3166 qui
2667 3097 2719 3150 in
2761 3099 2859 3151 hac
2896 3100 3158 3154 sententia
3219 3100 3426 3155 Stoicus
3474 3109 3600 3161 erat,
3640 3099 3683 3152 iu

2155 3188 2478 3253 aucupandis
2506 3199 2682 3243 autem
2712 3199 2766 3243 et
2810 3188 3150 3244 defensandis
3195 3190 3551 3259 voluptatibus
3578 3188 3682 3256 Epi-

2155 3293 2364 3340 cureus,
2416 3278 2482 3332 de
2528 3279 2816 3348 Scripturis
2857 3282 3053 3335 sanctis
3101 3281 3477 3336 dilucidissime
3519 3279 3681 3336 enavi-

2118 3426 2120 3429 ,
2155 3375 2293 3423 cisti.
2329 3370 2381 3424 lo
2412 3386 2512 3438 qua
2545 3382 2631 3425 tua
2659 3374 2970 3428 suavissima
3000 3383 3054 3427 et
3079 3374 3477 3441 prteclarissima
3519 3373 3686 3439 d.spu~

2158 3463 2358 3520 tazione
2423 3461 2553 3514 satis
2621 3462 2900 3516 evidenter
2978 3465 3223 3531 apparuit
3282 3479 3384 3516 non
3443 3461 3682 3531 placuisse

2155 3552 2458 3604 auctoribus
2502 3552 2696 3605 nostris
2725 3593 2739 3616 ,
2766 3553 2844 3605 vel
2895 3552 2992 3619 ipsi
3063 3554 3239 3621 potius
3265 3593 3280 3618 ,
3311 3569 3428 3623 qua:
3469 3568 3562 3622 per
3601 3562 3680 3604 eoa

2154 3645 2325 3697 locuta
2345 3653 2451 3705 est,
2491 3642 2725 3706 Veritati,
2755 3645 2930 3697 omnia
2961 3647 3100 3711 paria
3141 3660 3262 3698 esse
3292 3655 3519 3710 peccata.
3553 3642 3682 3711 Quo-

2156 3736 2312 3788 modo
2343 3744 2515 3788 autem
2540 3735 2650 3787 fieri
2681 3737 2838 3802 possit
2871 3737 3178 3804 ut,~et§;msi
3224 3738 3322 3789 hoc
3344 3738 3409 3792 de
3429 3720 3678 3788 virtutibus

2155 3841 2337 3879 verum
2365 3836 2445 3880 est
2477 3865 2493 3889 ,
2525 3842 2626 3878 non
2670 3835 2841 3878 tamen
2874 3826 2991 3891 ideo
3023 3841 3274 3891 cogamur
3302 3826 3453 3880 fateri
3479 3822 3676 3892 aquali-

2155 3925 2313 3968 tattem
2341 3917 2575 3968 omnium
2605 3927 2966 3989 peccatorum,
2995 3925 3247 3989 quantum
3296 3930 3524 3981 possum,
3551 3910 3677 3980 adju-

2155 4015 2311 4059 vantn
2370 3988 2851 4073 Dentium-aperire
2898 3988 3147 4058 ennabor.
3196 4006 3344 4071 Quod
3385 4006 3430 4060 si
3458 4005 3675 4064 eﬂ'eeero.

2153 4095 2469 4162 approbabis
2504 4110 2518 4158 ;
2552 4095 2638 4146 ubi
2668 4107 2842 4147 causa:
2879 4093 3114 4157 defuere,
3144 4101 3197 4146 tu
3230 4093 3517 4170 supplebis.
3542 4090 3676 4146 Certe

2157 4188 2278 4238 hinc
2299 4187 2622 4251 persuadent
2659 4185 2748 4253 qui
2780 4201 2937 4239 unam
2959 4188 3209 4240 virtutem
3233 4186 3490 4250 habuerit,
3509 4185 3676 4239 habere

2151 4291 2356 4340 omnes,
2411 4287 2465 4330 et
2513 4292 2696 4331 omnes
2741 4277 2929 4331 deesse
2979 4278 3066 4331 cui
3105 4292 3208 4330 una
3249 4276 3519 4343 defuerit,
3557 4273 3674 4345 quod

2155 4367 2457 4432 prudentia,
2487 4382 2583 4426 nec
2613 4368 2815 4436 ignava,
2853 4384 2951 4423 nec
2978 4368 3194 4438 injusta,
3228 4385 3325 4424 nec
3353 4373 3674 4438 intemperans

2156 4467 2328 4526 pote-t
2347 4472 2497 4523 esse;
2524 4473 2641 4511 nam
2665 4459 2706 4511 si
2725 4458 2922 4526 aliquid
2948 4459 3130 4512 horum
3156 4456 3402 4526 defuerit,
3432 4455 3670 4527 prudentia

2150 4565 2252 4602 non
2285 4549 2406 4603 erit.
2442 4549 2610 4602 Porro
2636 4548 2681 4601 si
2699 4550 2989 4616 prudentia
3016 4558 3140 4603 tunc
3171 4553 3292 4611 erit,
3321 4552 3366 4602 si
3397 4561 3452 4604 et
3474 4549 3606 4603 fortis
3627 4553 3670 4598 et

2146 4639 2286 4706 justa
2317 4650 2371 4692 et
2402 4648 2704 4709 temperans
2745 4642 2833 4704 sit,
2883 4640 3122 4708 profecto
3172 4639 3258 4693 ubi
3298 4637 3476 4705 fuerit,
3518 4649 3669 4694 secum

2153 4729 2311 4783 habet
2338 4739 2392 4783 et
2421 4740 2663 4784 ceteras.
2703 4729 2793 4785 Sic
2843 4739 2896 4782 et
2951 4729 3203 4783 fortitudo
3244 4730 3543 4796 imprudens
3570 4740 3668 4780 esse

2157 4835 2262 4874 non
2294 4828 2485 4886 potest,
2512 4819 2590 4872 vel
2623 4821 3000 4887 intemperans,
3025 4819 3104 4873 vel
3148 4819 3374 4888 injusta;
3398 4821 3474 4875 sic
3493 4829 3665 4885 tempe-

2153 4911 2321 4962 rantia
2354 4923 2572 4962 necesse
2599 4918 2682 4962 est
2697 4910 3032 4980 ut_prudens,
3062 4909 3213 4963 fortis
3241 4919 3292 4962 et
3313 4910 3450 4978 justa
3476 4911 3543 4962 sit
3569 4907 3665 4969 ;sit:

2146 4999 2349 5068 justitia
2374 5013 2475 5050 noti
2501 5008 2601 5060 est,
2633 4999 2675 5050 si
2706 5013 2806 5050 nou
2839 4999 2908 5051 sit
2938 5001 3186 5065 prudem,
3244 4999 3396 5054 fortis
3423 5011 3477 5055 et
3500 5011 3666 5063 tempe-

2154 5104 2295 5142 rans.
2331 5089 2406 5141 Ita
2438 5088 2526 5140 ubi
2560 5103 2681 5140 vera
2714 5097 2794 5139 est
2821 5088 2992 5155 aliqua
3016 5103 3219 5148 earum,
3243 5092 3430 5143 etalias
3455 5090 3665 5143 similiter

2153 5191 2273 5232 sunt
2306 5197 2318 5242 ;
2351 5179 2440 5232 ubi
2480 5190 2654 5232 autem
2705 5180 2819 5232 alia
2867 5180 3080 5242 desunt,
3136 5197 3257 5235 vera
3308 5183 3395 5236 illa
3445 5200 3544 5237 non
3582 5189 3661 5240 est.

2152 5271 2358 5324 etiam-i
2408 5271 2586 5337 aliquo
2635 5269 2791 5322 modo
2841 5271 3032 5323 similis
3083 5285 3202 5336 esse
3259 5273 3511 5325 videatur.
3557 5272 3661 5326 Sunt

2151 5361 2313 5424 enim,
2346 5370 2399 5412 ut
2427 5361 2553 5423 scis,
2585 5359 2823 5424 quaedam
2856 5360 2980 5413 vitia
3035 5361 3312 5412 virtutibus
3356 5371 3530 5428 aperta
3573 5359 3660 5412 dis-

2149 5453 2382 5504 cretione
2413 5451 2698 5513 contraria,
2734 5461 2789 5503 ut
2832 5433 3180 5514 imprudentia
3225 5452 3527 5518 prudente.
3558 5451 3659 5504 Sani

2149 5551 2319 5592 autem
2346 5539 2583 5606 qumdam
2613 5547 2815 5591 tantum
2845 5540 2966 5608 quia
2994 5541 3114 5591 vitia
3148 5550 3290 5603 sunt,
3345 5542 3460 5594 ideo
3486 5548 3660 5592 contra-

2151 5631 2246 5691 ria,
2272 5630 2494 5696 quadam
2548 5640 2720 5680 tamen
2774 5633 2950 5696 specie
2988 5628 3156 5682 fallaci
3200 5631 3409 5690 simila,
3438 5641 3489 5681 ut
3518 5627 3654 5682 cidem

2149 5721 2458 5790 ptudcntix,
2493 5737 2595 5775 non
2620 5719 2992 5788 itnprudetttit,
3023 5721 3115 5775 Sed
3148 5723 3354 5776 astutia.
3386 5720 3524 5778 Nunc
3547 5718 3654 5776 enim
