3862 6222
145 297 238 354 585

142 335 158 351 δ

1397 264 1827 326 τιιεςιιυιιυε.
1869 259 2017 317 CAP.
2059 258 2099 316 ἰ.

3182 234 3197 262 ”
3265 239 3367 293 566

139 361 375 470 eamdem
414 408 536 464 dico
587 388 858 463 astutiam,
905 410 1024 468 qua
1062 390 1307 448 usitatius
1333 389 1386 441 in
1418 381 1696 440 malitiosis
1724 378 1772 437 Α
1803 375 2042 443 profecto
2067 370 2190 470 vitia
2220 365 2629 470 cedentem-nia,
2649 356 3207 470 quacunque.inerant
3228 372 3241 416 ι
3261 370 3366 406 non

143 506 355 574 intelligi
404 513 462 557 et
490 497 668 554 vocari
713 494 870 552 solet,
913 500 1126 552 etnon,
1160 486 1297 552 sicut
1330 479 1472 548 loqui
1516 483 1694 558 nostra

143 567 762 667 Scriptura'consuevit,
808 599 926 653 quae
970 591 1112 648 saepe
1156 574 1423 667 astutiam.
1452 569 1504 624 in
1559 567 1700 622 bono

143 658 308 758 ponit,
335 696 394 740 ut
411 659 494 739 est
524 671 540 736 ξ
571 679 1122 744 Astuliutserpentes,
1141 679 1197 724 et
1223 658 1374 731 illud,
1408 663 1476 758 Ut
1501 661 1593 716 det
1618 660 1699 713 in-

143 755 452 833 nocentibus
476 769 1064 842 astutiam.Quauquam
1081 759 1280 842 etapud
1304 757 1424 811 illos
1447 755 1703 808 Romanae

145 871 330 937 lingua:
383 863 782 921 disertissimus
806 840 1002 913 dixerit
1031 873 1044 907 :
1077 840 1269 920 Neque
1299 848 1380 927 illi
1429 858 1602 901 tamen
1636 844 1700 896 ad

145 958 434 1015 cavendum
454 957 607 1011 dolus
636 962 726 1006 aut
753 948 945 1003 astutia
977 945 1182 1008 deerat,
1221 938 1469 994 astutiam
1503 947 1704 1004 ponens

147 1053 196 1103 in
238 1050 418 1112 bono;
446 1045 541 1099 sed
586 1046 726 1111 apud
756 1040 897 1094 illos
926 1035 1277 1097 rarissimum,
1319 1028 1455 1099 apud
1488 1034 1704 1080 nostros

147 1145 318 1190 autem
337 1131 824 1204 frequentissimum
849 1133 951 1180 est.
981 1125 1216 1189 ltemque’
1241 1122 1292 1172 in
1316 1117 1550 1186 partibus
1571 1125 1706 1168 tem-

126 1228 418 1296 perantiae,
445 1223 780 1293 apertissime
801 1215 1064 1273 contraria
1111 1221 1194 1269 est
1223 1211 1408 1266 effusio
1439 1207 1706 1278 parcimo-

148 1333 266 1383 ιβιδ,
295 1333 358 1373 αι
389 1331 515 1382 vero
563 1328 682 1383 qua:
711 1305 970 1366 tenacitas
1018 1304 1174 1360 etiam
1207 1303 1363 1370 vulgo
1401 1298 1508 1354 dici
1544 1297 1702 1357 solet,

148 1408 328 1464 vitium
359 1416 439 1463 est
467 1405 704 1476 quidem,
757 1411 934 1455 tamen
981 1394 1322 1465 parcimonia!
1372 1391 1567 1454 simile,
1599 1404 1706 1442 non

149 1509 354 1564 natura,
378 1497 469 1551 sed
498 1492 843 1550 fallacissima
871 1489 1068 1558 specie.
1117 1485 1249 1540 ltem
1282 1479 1708 1538 dissimilitudine

151 1577 446 1653 manifesta,
469 1584 737 1640 contraria
765 1591 848 1637 est
887 1568 1142 1644 iniustitia
1161 1574 1382 1646 iustitiae
1408 1588 1422 1627 :
1452 1572 1590 1627 solet
1608 1586 1706 1625 au-

91 1679 95 1683 ’
151 1689 251 1733 tem
281 1677 427 1746 quasi
465 1675 669 1730 imitari.
695 1673 948 1742 iustitiam
971 1667 1273 1723 vindicandi
1303 1680 1364 1720 se
1385 1663 1570 1729 libido,
1609 1660 1703 1717 sed

150 1744 330 1826 vitium
371 1777 474 1824 est.
529 1765 744 1836 Ignavia
795 1761 1089 1817 fortitudini
1136 1758 1410 1829 perspicue
1439 1756 1701 1809 contraria

150 1871 253 1931 est,
282 1848 474 1915 duritia
519 1844 646 1931 vero
697 1855 859 1910 distat
912 1860 1142 1914 natura,‘
1171 1849 1305 1903 fallit
1343 1844 1710 1902 similitudine.

151 1928 450 2009 Constantia
486 1963 624 2018 pars
643 1928 892 2016 lquzedatu
933 1941 1142 1997 virtutis
1169 1946 1273 2005 est,
1302 1938 1369 1992 ab
1397 1939 1494 1992 hac
1521 1935 1707 1989 incon-

154 2042 340 2098 stantia
376 2041 534 2110 longe
563 2039 838 2103 abhorret,
866 2046 921 2090 et
941 2033 1158 2089 indubie
1181 2039 1369 2086 contra
1399 2028 1562 2092 sistit,
1590 2042 1712 2097 per-

155 2132 342 2186 tinacia
369 2145 498 2185 vero
523 2129 818 2184 constantia
842 2125 946 2180 diei
965 2123 1199 2186 affectat,
1228 2130 1284 2175 et
1313 2133 1417 2174 non
1449 2126 1553 2182 est,
1591 2114 1714 2183 quia

158 2223 244 2274 illa
263 2231 343 2276 est
363 2223 552 2285 virtus,
570 2219 669 2272 hoc
698 2216 907 2272 vitium.
931 2214 1002 2270 Ut
1029 2226 1157 2282 ergo
1181 2227 1285 2265 non
1317 2211 1504 2264 iterum
1525 2206 1711 2261 eadem

159 2325 573 2368 commemorare
604 2322 824 2364 necesse
853 2306 943 2374 sit,
978 2303 1209 2372 exentpli
1244 2291 1412 2372 gratia
1453 2312 1714 2368 ponamus

165 2388 357 2472 aliquid
409 2400 549 2455 unde
577 2398 785 2468 possint
810 2406 1003 2452 czetera
1023 2394 1263 2461 intelligi.
1290 2390 1538 2453 Catilina,
1567 2382 1715 2444 ut.de

162 2496 274 2560 ipso
297 2492 620 2561 scripserunt
650 2488 736 2558 qui
768 2501 925 2542 nosse
978 2490 1282 2554 potuerunt,
1330 2480 1513 2549 frigus,
1546 2481 1712 2546 sitim,

163 2581 367 2646 famem,
399 2578 540 2635 ferre
562 2587 790 2648 peierat,
821 2586 1041 2644 eratque
1070 2566 1292 2642 patiens
1325 2571 1540 2643 inediae,
1564 2572 1713 2640 algo-

165 2675 254 2737 ris,
282 2673 488 2741 vigiliae,
511 2686 668 2738 supra
697 2684 852 2739 quam
899 2666 1153 2736 credibile
1181 2674 1285 2731 est,
1341 2680 1401 2718 ac
1425 2678 1521 2732 per
1543 2664 1643 2717 hoc
1663 2673 1717 2716 et

99 2784 102 2785 ν
166 2764 257 2815 sibi
286 2774 338 2816 et
357 2762 464 2816 suis
515 2776 704 2831 magna
757 2760 1006 2828 praeditus
1055 2756 1362 2812 fortitudine
1413 2755 1713 2810 videbatur.

168 2851 265 2905 Sed
296 2853 403 2907 haec
430 2850 686 2906 fortitudo
713 2850 944 2919 prudens
973 2858 1076 2902 non
1108 2856 1244 2912 erat,
1281 2846 1416 2899 mala
1449 2844 1589 2898 enim
1620 2858 1716 2912 pro

171 2944 318 2997 benis
344 2943 596 3012 eligebat;
621 2953 922 3010 temperans
949 2957 1053 2994 non
1079 2947 1214 3004 erat,
1237 2937 1554 3006 corruptelis
1575 2936 1716 2990 enim

173 3034 498 3103 turpissimis.
533 3033 866 3097 fmdabatur;
911 3031 1052 3101 justa
1083 3041 1186 3085 non
1217 3034 1505 3094 erat,'nam
1531 3036 1714 3082 centra

1799 469 1940 522 enim
1962 464 2146 519 omnia
2175 461 2403 522 inerant,
2426 456 2519 512 sed
2544 453 2828 524 aliquando
2857 448 3100 512 totidem,
3129 447 3368 514 aliqu-n-

1800 561 1870 610 do
1901 558 2048 626 plura
2077 553 2435 624 paucioribus,
2465 548 2545 601 vel
2575 545 2823 616 pauciora
2855 542 3093 612 pluribus
3117 538 3370 593 succede-

1803 649 1948 702 bant.
1994 647 2117 700 llate
2148 653 2323 699 utrttm
2355 642 2423 694 ita
2454 655 2512 693 se
2550 637 2804 699 habeant,
2847 633 3150 700 diligentius
3193 629 3369 698 inqui-

1803 738 2021 793 rendum
2055 746 2137 790 est
2168 751 2182 800 ;
2219 749 2326 788 non
2355 733 2498 786 enim
2526 740 2580 785 et
2629 729 2726 783 ista
2770 726 2944 780 divina
2973 722 3235 778 sententia
3266 731 3368 784 est,

1803 847 1907 900 qua
1937 830 2177 884 dicitur:
2214 825 2313 893 Qui
2365 839 2523 878 unam
2574 822 2824 875 virtutem
2879 817 3144 879 habuerit,
3186 827 3373 868 omnes

1806 919 1962 972 habet
1996 936 2009 984 ;
2039 917 2195 987 eique
2221 916 2365 970 nulla
2394 922 2497 978 est,
2528 913 2611 965 cui
2652 926 2753 964 una
2785 909 3009 964 defuerit
3037 925 3050 970 ;
3082 907 3174 960 sed
3204 907 3374 959 homi-

1805 1012 1963 1064 nibus
2005 1008 2106 1062 hoc
2155 1009 2328 1061 visum
2385 1015 2490 1069 est,
2531 1003 2753 1056 multum
2803 1002 3018 1070 quidem
3060 999 3371 1067 ingeniosis,

1807 1101 2077 1163 studiosis,
2131 1099 2223 1153 sed
2263 1109 2444 1152 tamen
2494 1095 2821 1149 hominibus.
2874 1095 2988 1160 ligo
3028 1106 3156 1145 vero
3197 1091 3377 1143 nescio

1807 1191 2254 1261 quemadmodum
2286 1189 2483 1252 dicam,
2513 1187 2668 1241 nond
2695 1201 2758 1240 co
2790 1184 2985 1250 virum,
3010 1200 3037 1237 a
3060 1199 3165 1252 quo
3205 1183 3378 1237 deno-

1809 1281 2232 1336 minatadicitur
2256 1282 2450 1344 virtus,
2481 1279 2590 1333 sed'
2609 1279 2769 1332 etiam
2798 1276 3074 1330 mulierem
3122 1289 3239 1344 quae
3265 1274 3379 1326 viro

1807 1389 1904 1427 suo
1925 1371 2220 1426 servattori
2247 1370 2487 1436 fidem,si
2511 1371 2611 1423 hoc
2630 1368 2785 1422 faciat
2812 1382 3032 1437 prep'er
3057 1376 3376 1433 prmct'plttlll

1807 1473 1861 1514 et
1903 1464 2222 1530 promissum
2254 1461 2380 1529 'Dei,
2431 1463 2586 1528 eique
2643 1459 2888 1528 primitus
2942 1459 3008 1510 sit
3050 1456 3240 1522 fidelis,
3275 1473 3379 1510 non

1809 1554 2007 1609 habere
2034 1553 2369 1623 pudicitiam,
2418 1561 2509 1605 aut
2554 1551 2860 1620 pudicitiam
2906 1530 3105 1603 nullam
3135 1548 3217 1601 vel
3250 1564 3381 1616 par-

1809 1661 1926 1700 vam
1973 1660 2094 1701 esse
2119 1647 2414 1700 virtutem:
2449 1646 2528 1698 sic
2567 1653 2620 1697 et
2667 1643 2912 1696 maritum
2965 1640 3054 1710 qui
3096 1641 3196 1693 hoc
3242 1640 3381 1694 idem

1806 1748 1983 1794 servat
2004 1740 2151 1794 nsori
2171 1756 2185 1805 ;
2208 1750 2258 1791 ct
2282 1749 2456 1791 tamen
2471 1744 2596 1790 sunt
2617 1735 2828 1805 plurimi
2847 1723 3243 1804 tales,quorutu
3263 1735 3380 1786 sine

1811 1832 1989 1900 aliquo
2011 1842 2234 1900 peccato
2256 1822 2383 1883 esse
2402 1829 2668 1902 neminem
2686 1826 2912 1880 dixerint
2942 1833 3031 1879 :ct
3055 1823 3234 1892 utique
3254 1822 3378 1874 illud

1810 1925 2177 1993 qualecunque
2209 1930 2482 1990 peccatum
2523 1935 2587 1974 ex
2635 1913 2817 1986 aliquo
2851 1917 2982 1971 vitio
3013 1916 3196 1970 venit:
3241 1917 3384 1967 unde

1811 2017 2064 2087 pudicitia
2104 2015 2399 2083 coniugalis
2443 2013 2494 2066 in
2552 2013 2680 2065 viris
2741 1996 3060 2078 feminisque
3095 2004 3382 2076 religiosis.

1812 2118 1932 2163 cum
1957 2105 2305 2176 proculdubio
2343 2106 2512 2157 virtus
2535 2104 2606 2158 sit
2635 2103 2775 2172 (non
2815 2099 2955 2156 enim
2997 2109 3084 2152 aut
3125 2097 3255 2151 nihil
3297 2107 3386 2150 aut

1813 2201 1996 2254 vitium
2021 2199 2144 2268 est),
2176 2213 2280 2250 non
2314 2206 2489 2249 tamen
2510 2206 2692 2250 secum
2715 2192 2870 2247 habet
2902 2205 3091 2245 omnes
3125 2190 3378 2246 virtutes;

1814 2304 1933 2344 nam
1967 2289 2010 2342 si
2032 2299 2228 2341 omnes
2260 2287 2330 2341 ibi
2372 2293 2573 2346 essent,
2618 2284 2820 2337 nullum
2872 2290 3018 2337 esset
3069 2280 3255 2334 vitium
3291 2296 3306 2344 ;
3339 2280 3383 2332 si

1814 2383 2018 2436 nullum
2042 2381 2248 2439 vitiutn.
2278 2377 2710 2434 nullutuomniuo
2745 2374 3189 2445 peccatttm.Quis
3206 2381 3386 2425 autem

1817 2471 1934 2525 sine
1961 2469 2141 2539 aliquo
2163 2467 2415 2536 peccato?
2454 2469 2572 2536 quis
2614 2481 2742 2535 ergo
2780 2465 2898 2518 sine
2933 2464 3112 2532 aliquo
3140 2461 3290 2525 vitio,
3334 2460 3387 2514 id

1816 2569 1897 2616 est
1927 2561 2109 2615 fomite
2161 2560 2389 2630 quodam
2435 2557 2519 2613 vel
2564 2559 2714 2627 quasi
2768 2556 2946 2610 radice
2985 2552 3216 2623 peccati‘,
3263 2565 3388 2606 cum

1786 2653 2012 2709 .clatnet
2049 2653 2140 2721 qui
2186 2666 2342 2719 supra
2385 2659 2571 2719 pectus
2629 2648 2834 2702 Domini
2889 2643 3392 2702 discumbebat:Sl
3441 2674 3445 2678 Α

1818 2745 2108 2798 dixerimus
2146 2744 2269 2812 quia
2322 2750 2593 2808 peccatum
2647 2754 2752 2792 non
2818 2737 3094 2798 habemus,
3142 2735 3389 2811 110$};th

1819 2837 2134 2905 decipimus,
2181 2845 2237 2889 et
2273 2834 2471 2889 veritas
2502 2834 2552 2888 ii
2597 2832 2750 2885 nobis
2782 2845 2884 2883 non
2925 2839 3007 2883 est
3032 2817 3264 2897 i'Nequc
3291 2826 3394 2879 hoc

1818 2928 1956 2996 apud
1989 2934 2043 2981 te
2064 2926 2267 2981 diutius
2307 2925 2568 2994 agendum
2599 2932 2705 2983 est,
2760 2921 2852 2975 sed
2886 2928 3104 2989 propter
3124 2918 3267 2970 alios
3305 2918 3393 2983 qui

1824 3017 1938 3072 haec
1985 3017 2120 3072 forte
2160 3016 2385 3088 legerint
2436 3015 2578 3068 dico.
2623 3013 2752 3066 Nam
2793 3020 2847 3064 ttt
2879 3011 3091 3080 quidem
3125 3008 3176 3061 in
3205 3009 3392 3061 eodem

136 3137 139 3139 ‘
173 3096 386 3194 pairiatn
414 3124 788 3193 cetijuraverat
811 3137 825 3172 :
849 3096 1052 3175 etvideo'
1078 3132 1174 3173 nec
1195 3117 1447 3171 fortitudo
1474 3125 1606 3179 erat,
1624 3117 1716 3169 sed
1746 3096 1792 3156 C
1827 3109 1940 3194 ipso
1962 3121 2125 3175 opere
2148 3098 2430 3174 splendido
2451 3119 2636 3156 contra
2663 3102 2998 3157 .loviniauum
3021 3101 3183 3153 etiant
3209 3101 3308 3151 hoc
3330 3099 3396 3149 tle

173 3218 361 3271 duritia
388 3216 508 3278 sibi,
537 3223 598 3269 ut
623 3213 816 3266 stultos
848 3211 1072 3276 falleret,
1099 3221 1150 3265 et
1184 3223 1376 3263 nomen
1399 3207 1724 3269 fortitudinis

174 3306 465 3373 imponebat
497 3323 510 3357 :
547 3306 745 3376 [tamtsi
777 3297 1033 3356 fortitudo
1062 3309 1223 3366 esset,
1258 3315 1363 3353 non
1394 3299 1606 3362 vitium,
1631 3298 1724 3351 sed

177 3398 336 3451 virtus
354 3406 515 3452 esset.
544 3393 599 3451 Si
631 3404 807 3448 autem
839 3394 1007 3446 virtus
1035 3400 1200 3458 esset,
1225 3405 1254 3443 a
1282 3387 1490 3444 c:rteris
1520 3387 1728 3455 virtuti-

179 3489 292 3553 bus,
336 3497 582 3557 tanquam
633 3485 1076 3554 inseparabilibus
1104 3475 1387 3556 comitibus
1409 3521 1424 3543 ,
1451 3495 1724 3548 nunquam

181 3577 574 3645 relinqueretur.
621 3575 960 3643 Quapmpter
1014 3587 1132 3626 cum
1185 3572 1439 3640 queritur
1471 3572 1630 3624 etiam
1662 3569 1728 3622 de

182 3668 332 3732 vitiis,
363 3675 534 3724 utrum
566 3675 621 3719 et
654 3666 768 3732 ipsa
797 3663 1042 3717 similiter
1067 3663 1247 3715 omnia
1273 3661 1392 3713 sint'
1424 3661 1514 3712 ubi
1567 3675 1726 3712 unuttt

184 3760 298 3823 eri',
327 3751 413 3813 aut
444 3759 595 3812 nulla
617 3742 725 3812 sint
751 3756 839 3811 ubi
867 3769 1031 3810 unum
1077 3770 1182 3807 non
1234 3755 1364 3819 erit,
1401 3753 1725 3806 laboriosum

181 3857 257 3902 est
283 3847 333 3901 id
359 3849 656 3908 ostendere,
684 3856 962 3916 prepterea
992 3846 1116 3914 quia
1143 3845 1231 3898 uni
1258 3844 1434 3898 virtuti
1467 3845 1571 3898 duo
1601 3844 1724 3897 vitia

181 3942 360 4007 opponi
386 3941 574 4003 solent,
593 3948 647 3992 et
667 3938 807 4007 quod
830 3946 1012 4006 aperte
1043 3935 1367 3990 cetttrarium
1393 3945 1497 3998 est,
1515 3935 1729 4002 etquod

181 4030 348 4094 specie
389 4027 746 4082 similitudinis
769 4026 1136 4080 adumbratur.
1169 4023 1319 4078 Unde
1347 4023 1436 4077 illa
1461 4023 1743 4088 Catilinae,-

183 4114 294 4186 quia
321 4117 566 4171 fortitudo
601 4131 707 4171 non
737 4123 872 4180 erat,
909 4129 1027 4183 qua:
1077 4121 1240 4179 esset,
1269 4127 1385 4170 cum
1407 4125 1586 4166 secum
1625 4114 1728 4164 vir-

184 4215 312 4260 tutes
337 4207 464 4262 alias
507 4221 614 4261 non
649 4205 914 4278 habebat,
965 4193 1171 4269 facilius
1218 4203 1521 4257 videbatur.
1576 4203 1726 4270 Quod

184 4309 302 4358 vero
327 4296 529 4366 ignavia
556 4295 736 4360 fuerit,
765 4293 851 4347 ubi
894 4293 1206 4347 exercitatio
1230 4292 1493 4361 quaslibet
1521 4292 1725 4362 gravis-

185 4388 333 4443 simas
375 4389 644 4443 molestias
675 4382 1006 4456 perpetiendi
1055 4394 1212 4452 atque
1245 4385 1532 4448 tolerandi,
1565 4400 1730 4452 supra-

1825 3185 2115 3267 Scripturis
2144 3199 2347 3251 sanctis
2385 3185 2673 3264 dLligenter
2700 3192 2934 3261 probasti
2967 3208 2982 3257 ;
3013 3191 3099 3245 ubi
3131 3189 3292 3243 etinu
3330 3203 3395 3241 ex

1826 3289 1925 3345 hac
1957 3292 2067 3359 ipsa
2095 3289 2355 3358 Epistula,
2387 3287 2540 3356 cujus
2576 3288 2734 3340 verba
2756 3295 2872 3338 sunt
2901 3297 3126 3352 quorum
3155 3296 3297 3334 nunc
3320 3280 3396 3357 ing

1829 3381 2098 3436 telleclum
2126 3380 2466 3448 requirimus.
2495 3379 2716 3446 posuisti
2749 3376 2887 3445 quod
2909 3375 3164 3441 scriptum
3186 3383 3260 3426 εει
3297 3388 3317 3425 1
3344 3372 3397 3423 ltt

1829 3473 2008 3524 multis
2033 3472 2175 3524 enim
2204 3469 2527 3524 offendimus
2547 3484 2753 3523 omnes.
2788 3469 2900 3523 Non
2936 3471 3078 3523 enim
3106 3470 3200 3529 ait,
3227 3465 3395 3518 offen-

1828 3564 1981 3626 ditis,
2013 3562 2104 3615 sed
2155 3564 2250 3624 ait,
2290 3561 2811 3626 olfeudimus,cum
2847 3556 3048 3618 Christi
3095 3560 3400 3621 loqiietclttr

1834 3654 2140 3721 apostolus;
2178 3665 2378 3706 etcum
2412 3652 2510 3705 hoc
2532 3653 2652 3706 loco
2686 3649 2871 3706 dicat:
2901 3637 3402 3734 Quieupquetota

1833 3747 2002 3814 legem
2034 3746 2357 3806 servaverit,
2397 3744 2633 3798 offendat
2659 3755 2837 3799 autem
2871 3745 2922 3798 in
2953 3726 3276 3808 nominatus
3322 3755 3405 3801 est

1830 3839 2067 3890 Omnium
2123 3826 2270 3900 rcus,
2314 3836 2382 3889 ibi
2423 3847 2524 3888 neu
2579 3837 2630 3888 itt
2663 3849 2791 3899 uno,
2831 3836 2925 3889 sed
2965 3837 3016 3890 in
3052 3838 3253 3903 multis,
3301 3853 3403 3892 nec

1833 3927 2114 3995 quasdam,
2145 3926 2244 3979 sed
2279 3941 2466 3979 omnes
2504 3926 2645 3978 dicit
2669 3924 2970 3979 offendere:
3017 3927 3167 3979 Absit
3222 3935 3400 3980 autem

1832 4029 1890 4073 ιιι
1926 4021 2205 4088 quisquam
2256 4021 2425 4073 fidelis
2472 4020 2743 4073 existimet
2782 4029 2858 4072 tot
2919 4019 3080 4072 millia
3121 4035 3397 4073 servorum

1834 4108 2056 4173 Christi,
2077 4111 2164 4178 qui
2193 4110 2454 4162 veraciter
2482 4109 2667 4161 dicunt
2697 4124 2756 4164 se
2782 4107 2981 4162 habere
3015 4119 3312 4176 peccatum,
3337 4125 3403 4163 ne

1830 4219 1913 4258 se-
1942 4204 2087 4272 ipsos
2134 4205 2419 4273 decipiant-
2443 4213 2496 4257 ρι
2519 4208 2714 4259 veritas
2753 4205 2804 4258 in
2832 4204 2910 4258 eis
2941 4220 3043 4258 non
3083 4203 3173 4267 sit,
3208 4207 3402 4259 nullam
3491 4251 3494 4254 .

1832 4296 2027 4348 habere
2070 4295 2317 4348 virtutem
2347 4337 2360 4359 ,
2393 4310 2513 4348 cum
2553 4297 2722 4352 virtus
2763 4311 2949 4363 magna
3001 4300 3073 4348 sit
3115 4298 3398 4364 sapientia.

1832 4384 1978 4436 Dixit
2004 4393 2180 4437 autem
2213 4385 2324 4452 ipsa
2355 4385 2626 4453 Sapientia
2657 4386 2857 4438 homini
2891 4405 2902 4440 :
2939 4386 3076 4439 Ecce
3119 4387 3286 4454 pietas
3325 4401 3407 4440 est

186 4493 331 4549 quam
358 4478 600 4546 cuiquam
628 4477 887 4532 credibile
940 4484 1043 4544 est,
1090 4473 1211 4538 fuit,
1241 4490 1382 4544 aegre
1423 4474 1723 4541 persuaderi
1759 4469 1802 4523 D
1829 4475 2109 4541 sapientia.
2157 4469 2307 4528 Absit
2335 4491 2464 4546 ergo
2494 4488 2549 4528 ut
2571 4479 2812 4532 dicamus
2844 4485 2919 4528 tot
2957 4492 3019 4530 ac
3076 4488 3249 4530 tantos
3283 4479 3408 4530 lide-

189 4580 376 4638 potest;
399 4573 488 4625 sed
512 4575 647 4624 forte
669 4569 875 4624 acutius
921 4568 1248 4635 intuentibus
1277 4568 1477 4635 ignavia
1509 4576 1728 4635 apparet

191 4663 295 4732 ipsa
320 4664 524 4727 duritia,
555 4663 679 4733 quia
707 4663 938 4717 laborem
963 4662 1220 4716 bonorum
1262 4656 1580 4725 studiorum,
1609 4660 1727 4725 qui-

190 4755 282 4810 bus
297 4773 409 4811 vera
421 4756 710 4825 acquiritur
723 4739 998 4822 forti-tudo,
1015 4755 1339 4824 neglexerat.
1358 4753 1727 4807 Verumtamen

190 4848 303 4910 quia
324 4858 438 4902 sunt
457 4849 681 4902 audaces
693 4845 966 4915 quitimidi
989 4861 1093 4899 non
1117 4854 1328 4912 sunt,et
1350 4860 1530 4899 rursus
1561 4846 1728 4899 timidi

191 4949 222 4986 a
266 4939 449 5004 quibus
484 4938 624 4992 absit
668 4937 911 4999 audacia,
943 4953 1061 4991 cum
1101 4940 1174 4990 sit
1219 4947 1499 5006 utrumque
1545 4937 1729 4990 vitium

193 5029 450 5094 (quoniam
479 5031 565 5098 qui
590 5045 715 5084 vera
744 5020 1122 5084 virtutefortis
1147 5037 1250 5094 est,
1282 5044 1378 5083 nec
1408 5038 1608 5084 temere.
1633 5046 1729 5082 au-

195 5118 300 5184 det,
328 5138 421 5176 nec
444 5123 745 5178 inconsulte
771 5119 967 5190 timet),
989 5121 1226 5190 cogimur
1252 5117 1404 5173 fateri
1429 5120 1552 5171 vitia
1585 5120 1730 5186 plura

199 5223 309 5265 esse
332 5213 634 5268 virtutibus.
669 5213 820 5268 Unde
841 5210 1125 5279 aliquando
1147 5208 1331 5263 vitium
1357 5209 1485 5262 vitio
1510 5207 1730 5274 tellitur,

199 5313 251 5355 ut
272 5320 443 5359 amore
462 5304 633 5359 laudis
657 5320 804 5358 amor
833 5303 1106 5372 pecuniae;
1139 5299 1439 5368 aliquando
1463 5316 1623 5352 unum
1649 5317 1736 5354 ce-

197 5392 267 5446 dit
294 5405 347 5448 ut
371 5396 514 5460 plura
545 5395 848 5459 succedant,
888 5391 1031 5463 velut
1083 5392 1169 5459 qui
1226 5390 1468 5443 ebriosus
1518 5390 1634 5455 fuit,
1687 5393 1731 5445 si

200 5483 450 5538 modicum
481 5487 660 5539 bibere
712 5485 995 5538 tenacitate
1039 5490 1092 5533 et
1125 5480 1413 5534 ambitione
1467 5480 1732 5535 didicerit.

202 5573 411 5628 Possunt
428 5576 602 5642 itaque
618 5575 738 5627 vitia
759 5577 918 5627 etiam
938 5572 1126 5626 cedere
1143 5571 1283 5624 vitiis
1305 5572 1731 5635 succedentibus,

203 5663 619 5726 nontirtntibos;
646 5674 696 5715 et
723 5663 840 5717 ideo
879 5662 1027 5730 plura
1066 5672 1208 5715 sunt.
1245 5659 1417 5713 Virtus
1457 5676 1599 5724 νιῚὊ,
1630 5677 1742 5730 quo

206 5767 301 5812 una
330 5756 570 5829 ingressa
599 5750 773 5820 laesit,
799 5749 1045 5820 quoniam
1091 5765 1267 5805 ιεςιιιιι
1309 5760 1529 5804 exuras
1573 5750 1738 5813 ducit,

1832 4568 1908 4619 les
1938 4577 1993 4620 et
2045 4568 2160 4633 pios
2219 4568 2461 4620 homines
2525 4569 2636 4627 Dei
2699 4584 2805 4621 non
2857 4568 3053 4622 habere
3113 4572 3406 4636 pietatem,

1833 4673 1991 4724 quam
2028 4656 2200 4710 Graeci
2239 4659 2319 4710 vel
2369 4660 2646 4722 εὐσέϐειαν,
2676 4660 2754 4712 vel
2794 4661 3098 4725 expressius
3121 4670 3171 4712 et
3205 4663 3409 4725 plenius

1834 4749 2118 4803 θεοσέϐειαν
2147 4757 2354 4800 vocant.
2382 4749 2514 4814 Quid
2537 4759 2712 4802 autem
2743 4761 2822 4802 est
2849 4750 3034 4814 pietas,
3057 4750 3156 4802 nisi
3179 4751 3268 4801 llei
3295 4753 3409 4802 cnl»

1837 4843 1956 4895 tus?
1983 4841 2033 4910 3
2065 4849 2121 4894 et
2165 4841 2302 4893 unde
2332 4841 2421 4894 ille
2461 4842 2658 4909 colitur
2689 4843 2788 4894 nisi
2820 4840 3116 4894 charitate?
3161 4840 3411 4892 Charitas

1836 4933 1997 5002 igitur
2023 4932 2089 4987 de
2111 4932 2272 4985 corde
2299 4932 2860 4999 puro,eteonseicntia
2897 4933 3053 4990 bona,
3087 4941 3142 4984 et
3171 4931 3274 4984 fide
3306 4949 3408 4986 non

1837 5026 1976 5090 ﬁcta,
2009 5038 2197 5093 magna
2226 5031 2282 5089 et
2307 5036 2427 5075 vera
2456 5023 2624 5077 virtus
2647 5031 2728 5075 est
2752 5063 2765 5085 ,
2798 5023 2919 5092 quia
2950 5022 3060 5089 ipsa
3092 5030 3175 5075 est
3204 5032 3257 5074 et
3291 5023 3408 5074 finis

1837 5111 2107 5183 praecepti.
2169 5111 2360 5166 Merito
2409 5111 2546 5164 dicta
2578 5123 2657 5165 est
2697 5113 2850 5165 fortis
2899 5111 3035 5165 sicut
3068 5128 3211 5164 mors
3239 5152 3252 5174 ,
3286 5113 3408 5163 ~sive

1836 5204 1958 5272 quia
1982 5217 2138 5255 nemo
2159 5216 2275 5255 eam
2301 5202 2462 5254 vincit
2482 5202 2619 5255 sicut
2649 5210 2870 5256 mortem
2896 5243 2909 5266 ,
2941 5203 3054 5254 sive
3074 5202 3195 5268 quia
3229 5203 3279 5255 in
3311 5203 3406 5254 hae

1839 5293 1942 5346 vita
1968 5306 2132 5358 usque
2159 5290 2222 5343 ad
2254 5299 2478 5343 mortem
2524 5299 2607 5345 est
2651 5306 2895 5344 mensura
2927 5290 3221 5355 eltaritatis,
3273 5292 3410 5343 sicut

1842 5383 2094 5437 Dominus
2134 5382 2204 5432 ait
2240 5397 2251 5430 :
2297 5380 2548 5447 Majorem
2597 5382 2694 5434 hac
2722 5381 2980 5435 charitate
3021 5395 3178 5434 nemo
3211 5380 3362 5431 habet
3393 5421 3406 5442 ,

1842 5487 1996 5542 quam
2036 5481 2093 5524 ut
2121 5469 2352 5523 animum
2385 5486 2534 5525 suam
2565 5474 2682 5540 quis
2723 5480 2886 5541 ponat
2925 5487 3022 5539 pro
3050 5471 3236 5523 amicis
3265 5471 3410 5533 suis;

1842 5564 1953 5616 sive.
1972 5561 2146 5630 potius
2177 5559 2298 5627 quia
2329 5555 2637 5615 sicut'mors
2687 5563 2916 5616 animam
2966 5560 3140 5615 avellit
3167 5575 3195 5611 ιι
3241 5564 3414 5614 rend-

1842 5654 1940 5730 ‘tnts
1969 5653 2141 5707 carnis
2159 5692 2171 5716 ,
2203 5652 2281 5704 sic
2305 5651 2536 5706 charitas
2568 5670 2594 5705 a
2619 5655 3059 5723 concupiscentiis
3083 5654 3410 5706 carnalibus.

1848 5742 2272 5802 llttiesubscrvit
2302 5743 2520 5800 scientia
2564 5760 2683 5799 cum
2716 5754 2795 5799 est
2825 5744 2989 5812 uilis,
3025 5760 3087 5800 na
3114 5764 3141 5799 u
3175 5747 3293 5800 sine
3326 5745 3415 5801 ilia
