3862 6222
465 207 566 262 ιϐ)

1569 213 1626 265 Ι).
1673 213 1976 266 EL'GYl‘l‘lI
2022 215 2305 270 ABBATES
2345 217 2652 272 AFRICANI

3569 225 3700 282 ιαε

463 317 610 372 inﬂat
635 336 648 372 :
672 320 807 387 quod
841 335 960 372 vero
989 320 1072 371 illa
1105 321 1410 372 mdilicazztlo
1441 322 1753 388 impletteril,
1788 323 1912 375 nihil
1941 324 2007 375 ibi
2043 331 2087 385 Α
2119 328 2292 379 terim
2321 331 2586 396 sacrisque
2615 331 2800 385 ιίιιρι-ίς
2823 334 3217 401 congruentius,
3244 335 3311 388 im
3335 345 3462 390 sum
3485 337 3700 392 anim:

464 410 879 479 istainauequod
899 412 1043 462 inﬂet
1067 413 1312 464 inveniet.
1339 412 1527 464 Utilcm
1559 428 1713 477 porro
1740 414 2014 466 scientiam

463 499 762 552 deﬁniendo
791 500 864 552 sic
909 502 1250 564 monstravit,
1281 501 1364 552 ubi
1412 517 1528 553 cum
1571 502 1600 553 d
1630 504 1791 554 xisset
1823 520 1835 553 :
1882 503 2018 555 Ecce

465 589 634 654 pietas
681 599 760 642 est
791 590 1067 654 sapientia,
1118 590 1364 642 continuo
1393 590 1661 657 suhjunxit
1693 606 1705 641 :
1737 590 2016 641 Abstinere

463 694 591 732 vero
620 695 647 731 a
679 680 827 731 malis
858 681 1075 732 scientia
1120 693 1219 732 est.
1249 682 1351 733 (Zur
1382 697 1508 750 ergo
1541 696 1640 733 non
1671 680 1896 741 dicimus
1927 682 2015 747 qui

467 770 598 820 hanc
629 771 875 821 virtutem
926 770 1081 822 habet
1113 770 1308 824 habere
1349 787 1558 834 omnes,
1590 785 1706 822 cum
1745 769 2015 838 plenitudo

464 860 591 926 legis
614 861 676 912 sit
711 859 975 913 eharitas?
1018 876 1081 912 an
1113 872 1308 928 quanto
1346 862 1507 927 magis
1536 871 1616 913 est
1662 863 1713 913 in
1755 861 1965 914 homine
1999 901 2012 924 ,

463 959 607 1000 tanto
630 949 794 1017 magis
820 960 899 1003 est
922 951 1111 1002 virtute
1141 951 1407 1018 praeditus;
1425 958 1615 1016 quanto
1631 959 1803 1002 autem
1821 950 2012 1017 minus,

464 1051 607 1091 tanto
636 1040 1030 1094 minusineslei
1065 1044 1247 1104 virtus,
1295 1040 1414 1107 quia
1463 1041 1572 1106 ipsa
1615 1051 1690 1092 est
1736 1044 1922 1102 virtus,
1963 1049 2016 1092 et

462 1140 653 1197 quanto
669 1131 840 1185 minus
863 1131 996 1185 inest
1023 1132 1208 1192 virtus,
1223 1137 1367 1182 tanto
1395 1131 1560 1195 magis
1578 1139 1657 1183 est
1679 1130 1895 1182 vitium?
1916 1129 2013 1183 Ubi

460 1233 586 1286 ergo
608 1220 694 1273 illa
726 1220 876 1287 plena
901 1230 951 1272 et
971 1219 1197 1285 perfecta
1225 1219 1372 1271 fuerit
1395 1258 1410 1282 ,
1445 1219 1571 1272 nihil
1595 1233 1659 1272 ex
1687 1220 1814 1271 vitio
1837 1234 2009 1272 rema-

462 1311 626 1363 nebit.
668 1310 891 1364 Proinde
922 1311 1045 1362 mihi
1079 1310 1319 1362 videntur
1357 1309 1516 1363 Stoici
1558 1309 1676 1363 ideo
1714 1311 1819 1363 falli
1848 1352 1861 1374 ,
1894 1314 2010 1379 quia

463 1405 819 1468 proﬁcientem
878 1403 1145 1456 hominem
1205 1403 1255 1455 in
1308 1402 1560 1468 sapientia
1587 1403 1771 1454 nolunt
1800 1404 2013 1456 omnino

462 1495 655 1548 habere
683 1494 1016 1561 sapientiam,
1067 1497 1159 1546 sed
1191 1501 1312 1545 tunc
1337 1493 1531 1545 habere
1557 1506 1674 1545 cum
1699 1492 1748 1544 in
1773 1506 1831 1544 ea
1858 1490 2014 1544 fuerit

461 1585 674 1637 omnino
703 1583 964 1651 perlectus
991 1597 1124 1635 :non
1147 1583 1266 1651 quia
1291 1583 1436 1635 illum
1469 1592 1771 1651 provectum
1797 1593 2009 1651 negant,

2121 418 2439 472 intentiones
2467 429 2522 473 ut
2548 423 2784 489 corporis
2813 424 3067 490 membra,
3098 441 3198 478 non
3229 427 3369 496 quod
3395 429 3698 484 videantur

2117 506 2278 570 locis,
2314 510 2404 563 sed
2448 511 2586 577 quod
2617 510 2913 564 sentiantur
2961 512 3258 578 ail’ectibus,
3300 525 3350 568 et
3393 516 3534 569 aliud
3559 518 3694 570 illn-

2119 598 2346 650 minatur
2390 601 2646 666 amplius,
2688 602 2829 654 aliud
2864 604 3071 667 minus,
3117 606 3254 659 aliud
3285 608 3509 659 omnino
3529 617 3688 661 caret

2119 691 2694 752 lumine,ettenebroso
2723 693 3054 746 inumbratur
3079 696 3376 760 obstaculo,
3405 697 3680 763 profecto.

2118 780 2184 831 ita
2211 791 2267 832 ut
2297 781 2517 847 quisque
2545 781 2893 835 illusuatione
2918 784 3012 849 pize
3031 785 3540 838 charitatisaﬂectus
3568 799 3679 848 est.

2115 874 2167 924 in
2197 871 2299 923 alio
2326 879 2442 924 actu
2475 872 2671 944 magis,
2707 873 2755 924 in
2783 874 2885 926 alio
2915 874 3120 934 minus,
3168 874 3218 926 in
3251 876 3356 926 alio
3387 875 3542 937 nihil,
3595 876 3680 928 sic

2116 969 2286 1025 potest
2307 961 2410 1014 diei
2440 964 2632 1018 habere
2660 965 2908 1028 aliam,el
2929 965 3082 1020 πιλῆσι
3113 979 3216 1020 non
3250 964 3480 1025 habere,
3511 965 3675 1017 aliam

2114 1050 2278 1116 magis
2301 1050 2453 1102 aliam
2470 1053 2640 1106 minus
2665 1055 2856 1107 habere
2872 1057 3137 1109 virtutem.
3159 1059 3285 1110 Nam
3301 1070 3348 1111 et
3371 1078 3389 1107 ι
3407 1059 3572 1123 Major
3587 1069 3676 1112 est

2115 1136 2281 1190 iuislo
2310 1140 2538 1194 charitas
2562 1156 2715 1207 quam
2744 1145 2792 1194 in
2824 1144 2914 1196 illo
2943 1163 2959 1194 ι
2997 1154 3135 1198 recte
3159 1161 3442 1213 possumus
3465 1149 3671 1208 dicere.

2113 1237 2166 1280 et
2195 1229 2409 1296 tAliqua
2434 1230 2483 1282 in
2512 1230 2634 1294 isto,
2655 1232 2792 1284 nulla
2811 1232 2861 1285 in
2891 1235 3036 1297 illm,
3068 1247 3317 1304 quantum
3343 1237 3577 1304 pertinet
3602 1239 3671 1290 ad

2113 1319 2422 1373 charitatem
2447 1361 2461 1385 ,
2494 1337 2608 1387 qua:
2636 1323 2800 1390 pietas
2829 1335 2939 1388 est;
2971 1339 3023 1378 et
3049 1325 3099 1378 in
3131 1327 3244 1393 ipso
3274 1343 3380 1379 uno
3409 1328 3626 1380 homine
3650 1367 3670 1391 ,

2112 1409 2251 1475 quod
2281 1408 2533 1478 majorem
2558 1411 2747 1465 habeat
2769 1414 3072 1482 pudicitiam
3091 1431 3243 1484 quam
3267 1418 3602 1486 patientiam,
3617 1427 3676 1474 et

2115 1501 2365 1563 majorem
2397 1500 2556 1556 hodie
2583 1517 2738 1572 quam
2759 1504 2895 1569 beri,
2926 1507 2968 1558 si
3001 1506 3234 1575 prolicit,
3275 1519 3328 1562 et
3354 1496 3673 1564 adliuc'non

2115 1590 2303 1644 haheat
2323 1594 2722 1660 continentiam,
2756 1605 2809 1650 et
2838 1597 3029 1652 habeat
3055 1614 3159 1651 non
3192 1614 3402 1668 parvam
3457 1603 3674 1680 iniseri-

460 1677 551 1729 sed
584 1676 683 1727 nisi
730 1689 792 1728 ex
845 1673 1105 1741 profundo
1157 1673 1379 1740 quodam
1424 1672 1740 1740 emergeudo
1793 1681 2008 1737 repente
2045 1677 2084 1732 Β
2113 1681 2368 1735 cordiam.
2423 1683 2485 1735 Et
2515 1695 2570 1737 ιιι
2598 1685 2916 1752 generante.-
2957 1688 3292 1757 δι-ενίιεηιυε
3338 1672 3674 1760 εοηιρῇεευτ

459 1767 649 1819 emicet
680 1766 729 1817 in
759 1779 912 1818 auras
935 1765 1200 1831 sapientia:
1223 1763 1438 1824 liberas,
1470 1765 1613 1816 nulla
1641 1779 1704 1816 ex
1731 1772 1871 1830 parte
1897 1777 2013 1816 esse

460 1859 772 1924 sapientem.
824 1857 967 1909 Sicut
996 1854 1134 1908 enim
1189 1855 1316 1907 nihil
1370 1855 1587 1907 interest
1635 1852 1698 1905 ad
1741 1852 2010 1905 hominem

462 1945 852 2013 prmloeandum
881 1985 895 2008 ,
922 1954 1098 1996 utrum
1125 1957 1310 2010 aquam
1344 1943 1527 1995 stadiis
1556 1941 1732 1995 multis
1771 1957 1928 2010 super
1956 1955 2013 1993 se

461 2038 653 2091 habeat
681 2039 860 2100 altam,
885 2052 949 2086 an
969 2050 1125 2086 uuutn
1154 2033 1380 2100 paltnum
1416 2033 1492 2084 vel
1515 2031 1757 2101 digitum,
1789 2033 1862 2084 sic
1893 2031 2012 2083 illos

461 2129 546 2195 qui
580 2127 798 2180 tendunt
831 2125 896 2177 ad
925 2123 1255 2190 sapientiam,
1288 2122 1542 2189 prolicere
1569 2122 1779 2190 quidem
1812 2122 2011 2180 dicunt.

445 2228 704 2285 ‘lanquam
754 2216 819 2268 ab
865 2215 970 2267 imo
1020 2212 1236 2281 gurgitis
1281 2220 1558 2280 surgentes
1593 2213 1642 2264 in
1690 2226 1887 2274 aerem,
1921 2211 2013 2264 sed

461 2306 558 2359 nisi
589 2314 749 2357 totam
792 2304 1066 2355 stultit'am
1099 2300 1240 2353 velut
1267 2302 1650 2368 eppriruentem
1677 2316 1863 2369 aquam
1895 2318 2016 2370 prn-

461 2396 705 2458 lie'endo,
724 2395 867 2448 velut
885 2392 1225 2464 emcrgendo,
1257 2392 1542 2457 evaserint,
1569 2406 1672 2444 non
1698 2390 1892 2444 habere
1914 2391 2016 2443 vir-

461 2497 655 2550 tutem,
691 2501 788 2539 nec
831 2500 949 2538 esse
986 2497 1252 2552 sap:eutes
1292 2500 1304 2536 :
1360 2483 1449 2536 ubi
1494 2490 1666 2535 autem
1714 2479 2010 2541 evaserint,

459 2595 580 2632 mox
615 2579 808 2631 habere
855 2591 1048 2642 t0tam,
1090 2592 1186 2629 nec
1230 2575 1512 2644 quidquam
1561 2572 1795 2625 stultitia
1840 2585 2016 2623 rema-

461 2683 617 2732 nere,
652 2669 788 2721 unde
819 2669 1031 2720 omnino
1071 2668 1230 2719 ullum
1280 2677 1551 2733 peccatum
1577 2664 1738 2732 possit
1765 2665 2015 2716 existere.

462 2764 582 2815 llzcc
614 2762 929 2822 similitudo,
961 2760 1048 2812 ubi
1083 2760 1301 2812 stultitia
1331 2757 1473 2810 velut
1518 2770 1651 2824 aqua
1672 2796 1686 2819 ,
1713 2765 1766 2808 et
1807 2753 2019 2820 sapien-

461 2857 530 2907 tia
558 2855 696 2906 t‘elut
721 2868 811 2905 aer
841 2851 1070 2918 ponitur,
1100 2861 1151 2903 ut
1175 2852 1379 2903 animus
1426 2865 1452 2900 a
1484 2846 1858 2915 prtel'ocatione
1886 2843 2017 2896 stul-

461 2948 591 2998 titia:
639 2955 885 3013 tanquam
932 2958 1210 3011 emergens
1260 2942 1314 2994 in
1343 2939 1656 3009 sapientiam
1685 2947 1904 3006 repente
1934 2951 2021 2990 re-

2111 1787 2266 1839 quam
2313 1771 2378 1826 de
2419 1773 2612 1827 virtute
2643 1774 2815 1829 habeo
2836 1770 3127 1842 notionem,
3157 1780 3294 1848 quod
3325 1779 3389 1833 ad
3417 1790 3564 1835 recte
3594 1783 3677 1835 vi-

2113 1862 2340 1915 vendum
2365 1863 2572 1928 attinet,
2600 1866 2764 1918 virtus
2790 1866 3139 1931 estcbaritas,
3166 1883 3266 1936 qua
3293 1869 3342 1922 id
3381 1871 3520 1936 quod
3547 1871 3678 1925 dili-

2112 1952 2336 2019 gendum
2351 1952 2677 2022 estdiligitur
2692 1970 2706 2008 :
2722 1954 2835 2008 haec
2855 1956 2907 2007 in
2931 1957 3049 2008 aliis
3065 1957 3250 2024 major,
3268 1960 3319 2012 in
3337 1959 3454 2012 aliis
3468 1961 3674 2024 minor,

2113 2041 2163 2092 io
2194 2041 2310 2094 aliis
2331 2042 2467 2094 nulla
2491 2054 2591 2105 est;
2623 2043 2922 2110 plenissima
2952 2061 3078 2099 vero
3101 2061 3219 2116 qua:
3237 2048 3344 2115 jam
3368 2065 3472 2104 non
3497 2050 3678 2118 possit

2114 2133 2548 2200 augeri,quandiu
2580 2136 2663 2189 hic
2690 2136 2850 2191 homo
2863 2139 3167 2199 vivit,estin
3184 2139 3674 2207 nemine;quandin

2083 2232 2289 2278 ‘autem
2320 2227 2498 2294 augeri
2527 2238 2715 2294 petest,
2765 2230 3001 2296 profecto
3041 2229 3167 2283 illud
3194 2232 3332 2298 quod
3362 2233 3537 2286 minus
3585 2241 3677 2287 est

2115 2332 2268 2384 quam
2297 2317 2474 2383 debet,
2503 2333 2565 2372 ex
2612 2320 2740 2371 vitio
2766 2328 2863 2373 est.
2898 2320 2977 2373 Ex
3025 2336 3128 2389 quo
3158 2321 3288 2375 vitio
3339 2337 3442 2376 non
3472 2333 3556 2377 est
3580 2322 3674 2392 jn-

2116 2415 2227 2458 stus
2250 2407 2300 2459 in
2333 2416 2474 2460 terra
2503 2409 2590 2477 qui
2624 2408 2778 2470 faciat
2801 2409 2994 2463 bonum
3023 2419 3077 2463 et
3103 2426 3204 2465 non
3227 2421 3440 2480 peccet;
3465 2427 3528 2466 ea
3557 2429 3674 2482 quo

2117 2497 2249 2549 vitio
2295 2511 2398 2549 non
2437 2498 2812 2565 justilicabitur
2860 2500 2912 2553 in
2942 2512 3223 2568 conspectu
3253 2500 3344 2556 Dei
3390 2503 3566 2556 omnis
3593 2505 3678 2557 vi-

2119 2600 2249 2640 vens
2275 2603 2289 2650 ;
2324 2597 2533 2652 promer
2560 2588 2698 2654 quod
2730 2587 2991 2651 vitium,si
3017 2589 3307 2643 dixerimus
3329 2591 3452 2659 quia
3483 2606 3678 2655 pecea-

2121 2685 2227 2728 tum
2257 2690 2360 2729 non
2393 2675 2666 2739 habemus,
2695 2691 2790 2729 nos
2817 2677 2957 2744 ipsos
2986 2677 3293 2744 decipimus,
3309 2690 3362 2733 et
3389 2680 3590 2732 veritas
3620 2681 3677 2732 in

2120 2768 2268 2819 nobis
2298 2782 2400 2818 non
2453 2775 2578 2831 est;
2630 2778 2844 2836 propter
2888 2768 3028 2836 quod
3070 2769 3228 2822 etiam
3277 2770 3680 2837 quantumlibet

2120 2854 2520 2922 profecerimus,
2551 2856 2902 2908 necessarium
2925 2864 3005 2908 est
3031 2857 3182 2909 nobis
3203 2856 3381 2911 dicere
3412 2875 3422 2907 :
3453 2857 3678 2912 Dimitte

2124 2944 2277 2998 nobis
2304 2943 2476 2996 debita
2527 2953 2704 2998 nostra
2729 2984 2745 3010 ,
2791 2959 2910 2998 cum
2947 2945 3057 3013 jam
3104 2945 3278 2998 omnia
3309 2945 3362 2998 in
3403 2946 3676 3012 baptismo

459 3041 650 3106 spiret,
681 3053 784 3090 non
816 3035 941 3089 mihi
973 3036 1175 3088 videtur
1191 3035 1319 3086 satis
1348 3030 1684 3086 accommoda
1713 3041 2012 3084 nostrarum
2044 3017 2088 3079 C
2119 3035 2281 3100 dicta,
2315 3035 2470 3098 facta,
2498 3037 2743 3103 cogitata,
2788 3035 3003 3089 dimissa
3032 3035 3157 3088 sint.
3191 3035 3350 3089 Videt
3377 3037 3553 3106 itaque
3579 3039 3674 3102 qui

459 3127 709 3195 Scriptor;
734 3141 846 3178 tum
879 3124 1174 3177 auctoritati
1203 3165 1218 3190 ,
1249 3124 1338 3176 sed
1386 3123 1470 3175 illa
1500 3121 1705 3190 potius,
1728 3130 1783 3173 ut
1815 3120 1994 3173 vitium

461 3217 540 3269 vel
581 3215 801 3268 stultitia
837 3214 1068 3267 tenebris
1092 3254 1108 3276 ,
1143 3212 1243 3264 luci
1273 3220 1447 3263 autem
1470 3211 1633 3262 virtus
1655 3209 1734 3261 vel
1757 3210 2014 3276 sapientia

459 3315 815 3373 comparetur,
848 3313 1098 3370 quantum
1128 3301 1225 3354 ista
1253 3301 1443 3354 similia
1476 3300 1540 3352 de
1566 3299 1927 3366 corporalibus
1951 3300 2014 3351 ad

460 3397 806 3465 intelligibilia
837 3395 954 3447 duci
984 3403 1220 3460 possunt.
1253 3392 1365 3446 Non
1401 3391 1571 3459 itaque
1599 3396 1736 3444 sicut
1779 3391 1843 3442 de
1867 3393 2016 3458 aquis

459 3490 512 3541 in
553 3503 728 3541 aerem
753 3500 973 3554 surgens
1006 3525 1020 3549 ,
1068 3485 1151 3537 ubi
1197 3501 1376 3537 earmn
1417 3498 1677 3536 summum
1727 3482 2012 3548 transierit,

459 3593 682 3644 repente
720 3585 970 3644 quantum
1015 3576 1209 3628 sullicit
1237 3577 1541 3642 inspiratur,
1572 3575 1661 3627 sed
1690 3575 1823 3627 sicut
1851 3573 1918 3626 de
1941 3583 2016 3626 te-

461 3667 638 3721 nebris
672 3668 720 3719 in
752 3667 920 3718 lucem
971 3665 1289 3731 procedens,
1339 3663 1584 3730 paulatim
1634 3661 2015 3731 progrediendo

461 3759 813 3819 illuminatur,
855 3755 992 3823 quod
1023 3754 1192 3806 donec
1221 3753 1519 3820 plenissime
1547 3752 1665 3813 ﬁat,
1700 3751 1808 3819 jam
1839 3759 2013 3803 tamen

459 3864 576 3901 eum
604 3848 828 3900 dicimus
873 3855 1116 3913 tanquam
1140 3844 1206 3896 de
1235 3843 1558 3896 abditissima
1588 3844 1834 3910 spelunca
1870 3857 2017 3908 egre-

460 3939 713 4002 dientem,
753 3937 941 3989 ticinia
967 3937 1098 3988 lucis
1125 3935 1356 3987 alllatum
1389 3950 1402 3986 :
1435 3943 1578 3985 tanto
1619 3932 1782 3999 magis
1820 3940 2016 3999 quanto

463 4027 628 4094 magis
657 4027 970 4094 propinquat
999 4025 1257 4092 egressui;
1292 4033 1345 4075 ut
1375 4023 1499 4075 illud
1527 4021 1665 4090 quod
1690 4021 1739 4073 in
1762 4036 1825 4073 eo
1855 4022 2012 4084 lucet,

461 4121 531 4173 sit
569 4120 744 4186 utique
768 4133 834 4170 ex
877 4117 1075 4170 lumine
1117 4129 1220 4183 quo
1265 4114 1634 4184 progreditur,
1672 4110 1799 4166 illud
1838 4122 2013 4165 autem

458 4211 598 4280 quod
627 4209 798 4262 adhuc
827 4207 1104 4260 obscurum
1130 4215 1238 4266 est,
1265 4205 1334 4257 sit
1356 4220 1417 4258 ex
1446 4203 1676 4258 tenebris
1705 4203 1845 4256 unde
1865 4217 2014 4270 egre-

459 4303 600 4355 ditur
652 4318 664 4352 :
709 4299 888 4367 itaque
912 4308 963 4350 et
992 4312 1092 4349 non
1122 4295 1492 4362 justilicabitur
1522 4296 1570 4346 in
1602 4303 1888 4361 conspectu
1919 4292 2009 4344 Dei

2118 3133 2260 3177 recte
2287 3113 2467 3187 videt,
2502 3122 2612 3187 ubi,
2655 3124 2865 3191 quando
2893 3132 2949 3176 et
2975 3122 3112 3176 unde
3155 3123 3417 3191 speranda
3467 3125 3538 3177 sit
3581 3125 3676 3178 ilia

2119 3213 2374 3281 perfectio
2394 3257 2410 3280 ,
2465 3213 2551 3267 cui
2589 3229 2691 3266 non
2735 3213 2806 3266 sit
2834 3212 2972 3281 quod
3002 3211 3158 3281 adjici
3191 3214 3376 3282 possit.
3410 3214 3462 3267 Si
3490 3225 3673 3267 autem

2120 3311 2379 3369 praecepta
2408 3316 2513 3354 non
2543 3309 2744 3365 essent,
2775 3314 2878 3354 non
2909 3301 3089 3369 utique
3135 3311 3281 3356 esset
3309 3302 3397 3355 ubi
3423 3316 3483 3356 se
3508 3302 3675 3356 homo

2117 3394 2316 3445 certius
2347 3393 2648 3461 inspiceret,
2681 3401 2733 3446 et
2761 3393 2960 3446 videret
2991 3393 3130 3446 unde
3156 3403 3484 3448 averteretur
3507 3435 3522 3458 ,
3562 3409 3676 3463 quo

2117 3496 2441 3548 conaretur,
2493 3499 2655 3555 quare
2711 3484 3106 3552 gratularetur,
3160 3484 3282 3552 quid
3331 3495 3669 3550 precaretur.

2120 3577 2304 3644 Magna
2337 3586 2413 3630 est
2440 3591 2564 3646 ergo
2597 3575 2795 3629 utilitas
2824 3585 3228 3645 pra-captorum,
3259 3574 3302 3626 si
3335 3575 3506 3627 libero
3532 3573 3671 3627 arbi-

2121 3667 2221 3718 trio
2252 3676 2448 3718 tantum
2479 3666 2631 3719 detur
2686 3673 2742 3718 ut
2780 3667 2948 3734 gratia
2980 3665 3070 3717 Dei
3097 3664 3325 3732 amplius
3356 3665 3671 3719 honoretur.

2116 3757 2243 3822 Qua:
2273 3756 2315 3809 si
2348 3756 2416 3809 ita
2445 3770 2503 3809 se
2529 3754 2719 3807 habent
2747 3792 2762 3818 ,
2795 3753 2933 3808 unde
2963 3754 3052 3808 liet
3095 3752 3331 3806 omnium
3366 3767 3512 3818 reus,
3542 3754 3584 3804 si
3619 3754 3672 3804 in

2117 3859 2222 3897 uno
2248 3843 2498 3906 oﬂ‘endat,
2523 3845 2610 3912 qui
2643 3853 2805 3897 totam
2833 3843 3000 3912 legem
3032 3842 3367 3896 servaverit?
3398 3844 3478 3895 An
3531 3841 3672 3894 forte

2117 3935 2235 4000 quia
2270 3933 2536 4001 plenitudo
2584 3934 2712 4002 legis
2763 3933 2994 3986 charitas
3021 3941 3136 3996 est,
3165 3947 3265 4000 qua
3300 3932 3436 3985 Deus
3490 3933 3671 3998 proxi-

2117 4038 2338 4090 musque
2395 4023 2667 4090 diligitur,
2715 4022 2765 4073 in
2825 4023 3014 4089 quibus
3071 4023 3343 4087 praeceptis
3391 4020 3670 4072 charitatis-

2120 4125 2223 4166 tota
2254 4115 2335 4167 lex
2385 4115 2577 4182 pendet
2615 4123 2667 4166 et
2717 4113 3010 4180 prophetae,
3045 4111 3233 4164 merito
3272 4111 3329 4163 lit
3373 4126 3501 4164 reus
3548 4126 3668 4163 om-

2117 4206 2291 4269 nium,
2329 4206 2413 4272 qui
2442 4217 2622 4258 contra
2656 4204 2795 4256 illam
2826 4205 2945 4256 facit
2974 4203 3027 4255 in
3057 4217 3159 4271 qua
3189 4201 3418 4266 pendent
3439 4201 3615 4254 omnia
3645 4201 3671 4253 ἲ

2117 4297 2279 4350 Nemo
2309 4308 2483 4349 autem
2518 4305 2717 4362 peccat,
2749 4294 2850 4347 nisi
2888 4293 3143 4346 adversus
3189 4291 3332 4345 illam
3375 4289 3619 4359 faciendo
3652 4306 3666 4340 :

460 4391 631 4442 omnis
652 4389 835 4441 vivens
867 4427 880 4449 ,
911 4395 966 4438 et
995 4396 1165 4437 tamen
1205 4385 1376 4453 justus
1404 4399 1471 4437 ex
1504 4382 1603 4437 ﬁde
1628 4383 1758 4435 vivit
1785 4399 1797 4434 :
1841 4389 1892 4435 et
1933 4381 2009 4433 in-
2041 4370 2092 4427 D
2116 4388 2259 4455 quia.
2287 4386 2395 4439 Non
2422 4386 2742 4438 adulter-abis
2763 4425 2777 4449 ,
2827 4399 2930 4436 non
2963 4373 3300 4436 homicidium
3329 4380 3494 4435 facies
3517 4423 3532 4444 ,
3562 4397 3668 4434 non

460 4480 567 4533 doti
598 4489 718 4532 sunt
745 4479 908 4533 sancti
935 4478 1156 4546 justitia,
1189 4476 1323 4528 alius
1352 4476 1536 4544 magis,
1567 4475 1699 4527 alius
1724 4474 1928 4537 minus,
1955 4482 2011 4525 et

461 4583 616 4621 nemo
645 4569 724 4621 hic
772 4567 895 4620 vivit
953 4567 1068 4618 sine
1117 4561 1365 4632 peccato,
1397 4565 1577 4617 ethoc
1628 4565 1764 4616 alios
1815 4561 2008 4629 magis,

460 4660 593 4711 alius
625 4661 790 4709 minus
822 4672 836 4710 :
869 4657 1097 4724 Optimus
1123 4664 1297 4707 autem
1328 4664 1426 4717 est,
1473 4655 1558 4721 qui
1587 4655 1879 4707 minimum.
1905 4652 2010 4707 Sed

458 4749 580 4816 quid
610 4763 736 4813 μεθ,
773 4755 1013 4812 tanquam
1040 4747 1233 4798 oblitus
1263 4745 1346 4798 cui
1373 4746 1591 4810 loquor,
1633 4744 1836 4797 doctori
1861 4743 2009 4797 simi-

459 4845 520 4894 lis
551 4841 718 4892 factus
749 4854 862 4891 sum
889 4879 903 4901 ,
949 4854 1064 4890 cum
1097 4839 1455 4906 proposuerim
1499 4837 1620 4904 quid
1651 4854 1678 4889 a
1731 4848 1779 4891 te
1805 4837 2012 4891 discere

459 4933 652 4985 velim?
680 4931 780 4985 Sed
809 4933 927 4995 quia
968 4931 1033 4983 de
1077 4943 1413 4998 peccatorum
1461 4932 1763 4997 parilitate,
1796 4931 1935 4984 unde
1960 4931 2011 4982 in

457 5027 505 5076 id
549 5025 688 5092 quod
721 5023 940 5090 agebam
973 5021 1148 5073 incidit
1193 5026 1440 5085 quaestio,
1471 5022 1867 5074 examinandam
1919 5022 2009 5074 tibi

455 5113 768 5166 sententiam
813 5126 984 5163 meant
1016 5124 1252 5174 promete
1278 5121 1584 5168 statueram,
1614 5111 1717 5175 jam
1751 5125 1864 5162 eam
1898 5121 2011 5161 tan-

452 5204 570 5258 dem
636 5203 915 5271 aliquando
968 5201 1276 5253 concludam
1306 5218 1317 5252 :
1352 5201 1471 5268 quia
1521 5201 1618 5252 etsi
1667 5216 1846 5252 verum
1899 5211 2004 5259 est.

453 5311 570 5349 cum
604 5296 688 5363 qui
744 5294 897 5346 habet
947 5307 1122 5350 unam,
1158 5305 1339 5342 omnes
1381 5290 1573 5343 habere
1601 5291 1815 5342 virtutes
1844 5331 1856 5350 ,
1889 5306 2005 5340 cum

367 5401 372 5403 ·
453 5388 537 5452 qui
570 5401 722 5437 unam
755 5401 854 5437 non
889 5384 1079 5446 habet,
1131 5381 1323 5431 nullam
1373 5379 1600 5444 habere;
1641 5368 1734 5432 nec
1766 5380 1840 5432 sic
1887 5394 2008 5445 pec-

453 5489 565 5528 cata
598 5486 717 5528 sunt
750 5477 888 5542 paria
924 5493 934 5525 :
966 5474 1084 5539 quia
1115 5471 1200 5524 niti
1235 5472 1395 5521 virtus
1429 5469 1565 5520 nulla
1599 5481 1699 5534 est,
1729 5470 1852 5521 nihil
1892 5469 2007 5535 qni-

452 5565 568 5616 dem
601 5575 801 5618 rectum
824 5573 933 5625 est,
971 5577 1064 5614 nec
1099 5571 1181 5613 ta"
1209 5576 1272 5612 en
1308 5558 1424 5610 ideo
1456 5573 1556 5609 non
1588 5568 1666 5609 est
1697 5573 1855 5623 pravo
1887 5573 2006 5626 pra-

456 5652 588 5718 tius,
613 5655 936 5720 d.stortoqnc
963 5648 1326 5705 di:l«wtiu~.Si
1346 5653 1542 5710 autem,
1566 5645 1702 5713 qUod
1733 5655 1856 5711 puto
1883 5659 1999 5699 csse

2119 4477 2414 4540 furtti'et'is,
2469 4492 2570 4529 non
2626 4477 2987 4541 Concupisces,
3035 4486 3087 4528 et
3130 4474 3172 4526 si
3212 4473 3353 4540 quod
3395 4483 3478 4526 est
3523 4473 3664 4526 aliud

2117 4567 2440 4629 mandatum,
2470 4567 2519 4616 in
2555 4564 2651 4616 hoc
2676 4578 2920 4616 sermone
2950 4561 3343 4627 recapitulatur,
3373 4562 3424 4611 in
3448 4561 3664 4628 eoqu-td

2113 4663 2193 4708 est
2222 4695 2237 4716 ,
2272 4655 2466 4723 Diliges
2509 4652 2800 4720 proximum
2833 4662 2976 4704 tuum
3005 4661 3248 4719 tanquam
3273 4661 3322 4703 te
3349 4651 3542 4718 ipsum.
3579 4652 3668 4704 Di-

2118 4746 2271 4797 lectio
2303 4744 2524 4810 pr~ximi
2544 4744 2734 4794 malum
2759 4757 2858 4791 non
2885 4753 3157 4808 operatur;
3190 4740 3464 4804 plenitudo
3487 4750 3663 4792 autem

2119 4836 2266 4900 legis,
2295 4833 2538 4883 charitas.
2572 4830 2735 4884 Nonio
2763 4839 2936 4882 autem
2984 4830 3152 4898 diligit
3197 4831 3490 4896 proximum
3519 4869 3533 4889 ,
3567 4827 3664 4882 nisi

2113 4926 2334 4990 diligens
2365 4923 2550 4985 Deum,
2583 4933 2635 4972 ut
2668 4923 2784 4983 hoc,
2814 4932 3063 4986 quantum
3095 4928 3282 4983 potest,
3302 4919 3543 4982 proximo
3573 4919 3664 4970 im-

2114 5015 2324 5082 pendat,
2355 5028 2511 5079 quem
2537 5011 2706 5062 dili.it
2744 5020 2990 5076 tanquam
3022 5011 3251 5074 seipsum
3273 5051 3286 5073 ,
3316 5019 3448 5060 utet
3477 5009 3562 5061 ille
3585 5007 3664 5059 di-

2075 5101 2077 5103 ’
2112 5105 2237 5170 ligat.
2281 5105 2442 5156 Deum
2472 5119 2484 5162 ;
2520 5117 2673 5164 quem
2705 5102 2746 5152 si
2797 5101 2906 5166 ipse
2950 5117 3050 5150 non
3083 5099 3288 5166 diligit,
3343 5113 3439 5151 nec
3477 5112 3533 5150 se
3567 5112 3662 5150 nec

2114 5195 2406 5260 proximum
2452 5191 2647 5256 diligit;
2678 5204 2736 5238 ac
2767 5206 2860 5257 per
2885 5189 3011 5251 hoc,
3039 5189 3126 5256 qui
3159 5196 3320 5239 totam
3353 5187 3518 5252 legem
3551 5202 3663 5238 scr-

2115 5285 2341 5342 taverit,
2377 5283 2418 5334 si
2455 5281 2503 5331 in
2530 5295 2630 5330 uno
2653 5277 2928 5331 olTenderit
2953 5317 2966 5336 ,
2997 5278 3051 5329 lit
3077 5275 3312 5328 omnium
3343 5291 3462 5327 rcus
3490 5292 3502 5324 :
3537 5279 3661 5340 quia

2110 5379 2291 5423 c-intra
2334 5368 2639 5422 charitatem
2671 5367 2793 5418 facit
2813 5407 2828 5429 ,
2863 5367 2998 5418 unde
3026 5376 3129 5417 tota
3160 5365 3236 5417 lex
3283 5365 3508 5432 pendet;
3539 5380 3660 5418 reus

2113 5464 2288 5528 itaque
2335 5459 2391 5510 ﬁt
2435 5458 2687 5516 omnium,
2721 5454 2962 5509 faciendo
2993 5466 3173 5506 contra
3218 5465 3537 5522 pra'ccptnm
3564 5497 3578 5514 .
3607 5457 3660 5508 in

2109 5565 2209 5618 quo
2252 5548 2486 5616 pendent
2517 5547 2712 5599 omnia.
2763 5545 2866 5596 Cur
2905 5559 3031 5610 ergo
3077 5561 3178 5595 nou
3221 5545 3464 5596 dican'ur
3517 5547 3660 5607 paria

2109 5651 2316 5711 peccata
2341 5641 2360 5693 ?
2387 5656 2449 5695 an
2476 5638 2605 5693 forte
2633 5639 2814 5707 quiam
2836 5638 2928 5705 igis
2955 5637 2974 5688 ί
3003 5637 3070 5688 cit
3103 5647 3284 5687 centra
3318 5638 3656 5701 clmri'att-m,
