3862 6222
156 296 252 350 563

1445 293 1874 350 TllESAURUS.
1915 294 2068 354 CAP.
2113 297 2170 352 ll.

3265 301 3366 355 570

153 409 236 471 qui
266 406 476 474 gravius
523 412 743 472 peccat,
789 401 958 454 minus
989 400 1075 466 qui
1119 400 1282 454 levlus
1317 441 1330 462 ,
1371 412 1422 454 et
1469 403 1567 454 hoc
1595 403 1707 470 ipso
1737 408 1784 463 Α
1814 404 1921 460 Rex
1967 408 2140 474 justus
2181 408 2375 462 sederit
2431 411 2479 461 iu
2535 412 2756 475 Il~r0tt0,
2797 412 2910 479 quis
2954 411 3256 480 gloriabitur
3282 425 3368 462 ca-

155 499 292 565 qnod
320 496 550 550 admittit
580 496 630 546 iit
676 492 884 558 quidem
931 493 1160 542 oumium
1213 506 1354 552 rcus,
1379 491 1469 543 sed
1494 493 1703 560 gravius

156 588 500 655 peccans,vel
531 587 580 637 in
613 584 846 652 pluribus
878 597 1118 648 peccans,
1154 582 1319 649 magis
1349 595 1500 643 reus;
1542 582 1707 633 levius

153 689 328 730 autem
348 677 426 738 vel
451 677 500 727 in
537 673 868 741 paucioribus
909 686 1152 738 peccans,
1187 672 1358 722 minus
1380 685 1530 722 reus:
1562 681 1707 722 tanto

133 765 356 833 'majore
384 765 582 817 scilicet
615 772 783 823 reatu,
809 772 1002 826 quanto
1023 760 1248 825 amplius
1279 776 1292 822 ;
1321 770 1464 814 tanto
1480 762 1704 827 minore,

154 856 532 921 quanlominus
556 854 887 920 peccaverit:
920 859 1092 902 tamen
1117 850 1318 902 etiamsi
1341 850 1388 900 in
1417 867 1519 901 uno
1543 851 1707 902 oﬂ'en-

153 947 313 1007 derit,
347 957 467 998 rens
493 942 724 995 omnium
745 949 846 1003 est,
873 940 989 1004 quia
1017 949 1200 989 contra
1225 954 1337 989 eam
1370 937 1489 989 facit
1519 940 1568 990 in
1608 954 1705 1004 qua

153 1041 387 1107 pendent
400 1038 598 1089 omnia?
613 1039 736 1101 Quae
752 1035 795 1086 si
813 1048 934 1086 vera
950 1043 1159 1093 sunt,co
1173 1033 1326 1084 modo
1339 1043 1392 1085 et
1412 1033 1532 1084 illud
1547 1032 1710 1084 absol-

155 1133 317 1194 ritur,
335 1131 474 1199 quod
491 1132 558 1182 ait
575 1129 900 1182 liomoetiam
921 1125 1218 1194 apo~toliem
1231 1125 1410 1191 gratia:
1433 1141 1444 1176 :
1463 1124 1514 1176 ln
1533 1125 1707 1177 multis

153 1224 475 1276 ollendimus
493 1236 695 1273 omnes.
717 1219 911 1271 Omnes
938 1217 1076 1268 enim
1108 1215 1546 1279 oll'emliiuns,sed
1575 1215 1707 1265 alius

154 1317 388 1380 gravius,
422 1314 555 1364 alius
583 1312 766 1370 levius,
797 1317 992 1375 quanto
1015 1309 1233 1374 quis-ine
1265 1307 1427 1371 magis
1471 1307 1708 1358 minusve

154 1407 460 1472 pcccmerit
487 1445 502 1461 .
556 1411 697 1453 tanto
732 1404 780 1452 in
823 1409 1036 1465 peccato
1084 1396 1463 1448 conitnittt'ndo
1517 1397 1707 1458 major,

151 1502 350 1558 quanto
380 1493 430 1542 in
469 1489 730 1557 diligendo
762 1489 865 1539 Deo
891 1497 941 1538 et
972 1485 1218 1554 proximo
1261 1485 1430 1535 minor
1467 1501 1480 1534 :
1511 1492 1566 1534 et
1598 1499 1705 1532 rur-

156 1595 252 1632 sus
283 1590 427 1647 tanto
451 1578 503 1646 Α
531 1578 702 1628 minor
748 1577 798 1630 iu
829 1576 1030 1641 peccati
1077 1577 1483 1642 reriietratione,
1515 1583 1710 1640 quanto

153 1667 328 1735 major
361 1667 409 1717 iu
447 1666 532 1717 Dei
584 1676 636 1717 ct
688 1665 911 1731 proximi
967 1664 1265 1716 dilectione.
1318 1664 1487 1713 'l'anto
1534 1663 1708 1729 itaque

1810 507 1948 548 stum
1979 513 2035 550 se
2059 498 2254 550 habere
2278 501 2403 551 cor?
2433 509 2519 551 aut
2552 501 2666 566 quis
2694 501 3005 568 gloriabitur
3032 502 3280 551 mundum
3311 517 3368 551 se

1810 600 1928 638 esse
1954 602 1980 637 τι
2011 589 2404 654 peccato?Qu:e
2434 591 2589 656 igitur
2611 606 2730 656 spes
2746 600 2860 657 est,
2892 591 2986 643 nisi
3013 589 3369 657 superexaltct

1813 675 2234 729 misericordiam
2264 677 2500 744 judicio?
2523 681 2611 731 sed
2641 695 2759 748 erga
2792 682 2905 733 illus
2930 683 3017 748 qui
3067 684 3367 733 miserico-

1809 766 1948 817 diam
1974 769 2207 820 fecerunt
2239 771 2498 822 veraciter
2527 770 2782 824 dicendo:
2814 772 3018 824 lliniitte
3044 772 3193 824 nobis
3217 772 3366 824 drbi-

1814 860 1860 905 ta
1885 866 2083 918 nostra,
2112 858 2246 908 sicut
2274 867 2324 909 et
2360 873 2455 911 nos
2485 859 2816 923 dimittimus,
2844 869 2896 912 et
2927 865 3038 912 sine
3067 878 3364 913 murmura-

1813 947 1954 1000 tione
1979 950 2174 1001 dando.
2204 949 2426 1002 llilarem
2460 954 2598 1005 cnim
2630 955 2862 1006 datorem
2891 953 3055 1019 diligit
3089 929 3239 1006 licus.
3265 955 3366 1008 De-

1812 1038 1970 1103 nique
1999 1050 2211 1091 szmctus
2233 1039 2456 1093 Jacobus
2478 1041 2588 1110 jam
2615 1059 2678 1095 ex
2710 1043 2809 1096 isto
2837 1046 2951 1096 loco
2974 1045 3038 1095 de
3068 1046 3365 1095 misericor-

1810 1126 1911 1178 dite
1941 1129 2189 1194 operibus
2219 1130 2476 1196 loquitur,
2523 1142 2576 1182 Ill
2601 1147 2734 1198 quos
2766 1132 3104 1185 vehementer
3131 1133 3213 1184 illa
3244 1145 3365 1182 scn-

1813 1220 1974 1268 tentia
2026 1228 2284 1272 terruerat
2327 1223 2667 1286 consoletur;
2725 1238 2843 1276 cum
2920 1207 3167 1276 admoin-t
3240 1239 3367 1290 quo-

1811 1308 1967 1358 modo
1997 1310 2152 1360 etiam
2197 1321 2405 1376 peccata
2436 1312 2758 1376 quotidiana,
2791 1315 2904 1366 sine
2928 1316 3118 1381 quibus
3150 1329 3249 1364 non
3285 1313 3366 1364 hic

1813 1397 2040 1459 vivitur,
2087 1399 2406 1470 quotidiani!
2452 1403 2696 1454 remediis
2727 1405 3024 1470 expientur,
3076 1419 3140 1455 ne
3186 1404 3360 1460 homo,

1810 1485 1896 1546 qui
1945 1500 2062 1537 cum
2115 1488 2164 1537 in
2215 1503 2317 1538 uno
2373 1465 2652 1541 offenderit
2710 1492 2760 1542 lil
2814 1491 3046 1542 omnimn
3096 1508 3246 1553 rens,
3316 1493 3365 1543 in

1812 1576 1991 1624 ntn'tis
2014 1577 2334 1627 aliendi-nilo
2363 1581 2502 1642 (quia
2533 1580 2579 1628 in
2614 1579 2790 1629 multis
2821 1580 3048 1631 olli-uilio
3075 1597 3133 1630 us
3160 1581 3364 1641 oiuucs)

1815 1659 2056 1728 magnum
2085 1681 2328 1733 :tggo'rettt
2356 1678 2531 1719 reatus
2566 1670 2646 1719 sui
2677 1671 2967 1720 minutatim
2998 1686 3026 1722 c
3050 1673 3271 1721 illectum
3303 1672 3365 1722 ad

153 1756 367 1822 plenior
399 1753 706 1821 iniquitatis,
737 1762 930 1818 quanto
960 1754 1162 1804 iuanivr
1191 1753 1487 1814 chaiilatis;
1518 1763 1568 1803 et
1593 1761 1712 1807 tunc
1743 1755 1788 1811 Β
1820 1756 2041 1806 tribunal
2074 1759 2200 1809 tanti
2250 1759 2443 1824 jndicis
2477 1762 2729 1826 pervellat
2751 1801 2763 1823 ,
2796 1772 2848 1813 et
2891 1778 3004 1814 eam
3057 1779 3209 1827 quam
3265 1779 3364 1814 nun

155 1844 580 1914 perfectissimus
613 1846 662 1894 iu
708 1846 991 1903 cbantate,
1046 1847 1253 1909 quat-do
1284 1843 1409 1895 nihil
1455 1852 1613 1895 restat
1642 1858 1705 1896 ex

150 1933 483 1988 inﬁrmitate.
515 1932 617 1984 Nec
648 1947 806 1992 sane,
831 1947 930 1998 qua
975 1933 1380 1996 tutn.arbitror,
1416 1935 1706 2000 putandum

149 2038 236 2079 est
269 2030 382 2079 leve
413 2040 531 2078 esse
565 2035 836 2087 precatum
865 2065 879 2086 ,
924 2023 974 2075 in
1014 2038 1356 2091 personarum
1401 2026 1709 2092 acceptione

149 2116 357 2169 habere
389 2116 542 2167 ﬁdem
579 2115 779 2166 Domini
834 2115 992 2164 nostri
1044 2114 1167 2166 .lesu
1216 2115 1442 2178 Christi,
1491 2117 1534 2168 si
1567 2117 1707 2168 illaut

147 2207 463 2262 distantiam
504 2205 718 2258 sedendi
742 2213 790 2257 et
817 2204 988 2256 standi
1017 2206 1079 2256 ad
1114 2205 1342 2258 honores
1388 2205 1709 2258 ecclesiasti~

147 2314 247 2353 eos
275 2296 726 2361 rei’eramus.Quis
741 2295 876 2349 enim
906 2295 1034 2348 ferat
1057 2296 1176 2365 eligi
1200 2297 1418 2351 divitem
1446 2297 1509 2350 ad
1532 2297 1708 2351 sedi-in

149 2390 382 2443 honoris
418 2389 666 2441 Ecclesiae
697 2427 710 2449 ,
762 2394 1062 2453 contempto
1099 2390 1329 2454 paupere
1375 2387 1711 2441 instructiore

147 2489 319 2548 atque
341 2462 637 2530 sanctiore?
683 2475 739 2527 Si
781 2482 952 2526 autem
986 2476 1051 2526 de
1091 2474 1408 2542 quotidianis
1451 2475 1713 2528 consessi-

148 2570 256 2622 bus
286 2567 546 2635 loquitur,
569 2564 685 2630 quis
715 2579 816 2615 non
850 2563 969 2615 hinc
992 2570 1190 2629 peccat,
1223 2564 1266 2615 si
1300 2571 1470 2616 tamen
1507 2571 1708 2630 peccat,

148 2659 260 2714 nisi
289 2674 408 2712 cum
433 2657 568 2725 apud
586 2658 812 2724 seipsum
829 2655 966 2709 intus
990 2655 1059 2707 ita
1077 2654 1294 2722 judicat,
1313 2657 1427 2709 utei
1446 2667 1589 2709 tanto
1605 2674 1712 2711 me-

148 2755 471 2818 liorquanto
492 2751 650 2803 ditior
677 2749 892 2802 illoesse
918 2747 1190 2816 videatur?
1217 2746 1325 2800 [loc
1344 2746 1483 2800 enim
1507 2747 1713 2802 videtur

116 2896 129 2902 -
149 2844 488 2914 signiﬁcasse
527 2841 748 2894 dicendo
780 2841 997 2893 :Nonne
1019 2838 1266 2906 judicatis
1295 2838 1430 2905 apud
1473 2848 1712 2891 vosmet-

152 2937 333 3003 ipsos,
361 2942 415 2986 et
452 2931 574 2984 facti
601 2932 729 2984 estis
753 2929 956 2997 judices
986 2928 1356 2995 cogitationum
1389 2925 1716 2994 iniquarum?

153 3025 268 3078 Lex
300 3027 475 3086 itaque
499 3021 786 3080 libertatis,
820 3020 899 3072 lex
920 3017 1193 3071 cbaritatis
1209 3026 1309 3077 est,
1338 3017 1404 3069 de
1429 3031 1527 3083 qua
1555 3011 1714 3068 dicit:

1812 1845 1934 1897 fecit
1967 1846 2383 1900 misuricordiutu
2433 1867 2534 1900 non
2583 1851 2832 1916 inveniat,
2863 1853 2952 1904 sed
2982 1854 3158 1918 potius
3195 1855 3366 1904 dmit-

1813 1937 1970 1986 tendo
2023 1945 2178 2003 atque
2230 1938 2403 1989 dando
2455 1948 2721 1991 mereatur
2767 1941 2864 1992 sibi
2919 1941 3110 1995 dimitti
3161 1943 3363 2006 delita,

1811 2024 2066 2092 reddique
2112 2028 2388 2090 promissa.
2434 2029 2590 2080 Multa
2641 2031 2746 2081 dixi
2799 2031 2984 2099 quLbus
3016 2032 3104 2082 tibi
3155 2034 3364 2084 tmdiunt

1813 2112 2047 2166 fortassis
2079 2115 2450 2182 inlerrem,qui
2481 2118 2614 2182 lucc,
2647 2135 2763 2186 qiue
2814 2130 2916 2172 tam
2946 2123 3228 2188 approbas,
3262 2140 3364 2174 nou

1811 2214 2087 2268 exspectas
2115 2204 2350 2268 discere,
2392 2207 2509 2274 quia
2539 2222 2597 2260 ea
2637 2209 2825 2260 docere
2849 2209 3130 2264 consuesti.
3164 2212 3214 2264 Si
3243 2213 3366 2275 quid

1812 2303 1985 2346 autem
2015 2303 2094 2346 est
2125 2294 2175 2347 in
2206 2296 2572 2364 eis,quautum
2596 2298 2659 2350 ad
2689 2314 2772 2352 res
2802 2299 2940 2364 ipsas
2973 2303 3196 2367 pertinet
3221 2305 3362 2368 (nam

1812 2384 1951 2451 quali
1981 2384 2190 2448 eloquio
2214 2387 2470 2450 explicata
2515 2391 2619 2440 sint
2644 2405 2746 2440 non
2792 2389 2944 2441 nimis
2971 2389 3144 2459 curo),
3169 2392 3211 2442 si
3242 2391 3366 2458 quid

1816 2486 1942 2540 ergo
1972 2482 2053 2524 est
2080 2473 2132 2526 in
2162 2475 2237 2526 eis
2260 2474 2397 2542 quod
2413 2476 3009 2530 ertnlitionentoll'endat
3038 2487 3198 2538 tuam,
3224 2495 3366 2545 qna!-

1815 2579 1876 2618 so
1922 2575 1980 2617 ut
2032 2567 2374 2620 rescribendo
2416 2567 2729 2630 admoneas,
2760 2578 2813 2622 et
2853 2584 2936 2622 me
2973 2570 3238 2637 corrigere
3264 2587 3366 2623 non

1814 2657 2072 2725 graveris.
2116 2656 2297 2710 infelix
2329 2668 2409 2711 cst
2458 2660 2595 2711 enim
2657 2659 2742 2726 qui
2793 2675 2895 2712 non
2948 2667 3142 2713 tantos
3170 2672 3223 2713 et
3264 2672 3366 2713 tant

1817 2755 2027 2798 sanctos
2052 2755 2258 2800 tuorum
2282 2747 2574 2800 studiorum
2609 2749 2814 2802 labores
2851 2760 2903 2803 et
2933 2751 3088 2817 dlgne
3119 2751 3366 2819 honorat,

1818 2843 1871 2886 et
1897 2834 1962 2887 de
1987 2836 2065 2886 bis
2090 2836 2309 2888 Domino
2332 2837 2435 2889 Deo
2455 2852 2662 2900 nostro,
2697 2839 2844 2906 cujus
2876 2855 3092 2894 munere
3121 2841 3240 2894 talis
3265 2857 3322 2895 es
3349 2883 3366 2905 ,

1819 2925 2011 2991 gratias
2039 2927 2164 2992 agit.
2197 2925 2348 2980 Unde
2381 2942 2498 2980 cum
2548 2928 2792 2980 libentius
2821 2928 3042 2983 debeam
3072 2945 3098 2981 a
3140 2932 3369 3000 quolibet

1821 3016 2028 3070 discere
2089 3017 2226 3085 quod
2278 3020 2530 3072 inutiliter
2608 3020 2832 3088 ignoro,
2890 3038 3045 3089 quam
3119 3026 3370 3093 promptis

152 3115 212 3168 Si
247 3123 422 3164 tamen
454 3111 622 3176 legem
653 3110 827 3177 perlici
857 3109 899 3162 is
925 3109 1198 3185 ‘regalem.
1242 3107 1528 3168 secundum
1577 3107 1717 3162 Scri-
1743 3099 1789 3160 Ο
1823 3108 2087 3174 quoslibet
2116 3107 2308 3162 docere
2337 3111 2473 3179 quod
2523 3113 2632 3164 scio
2658 3153 2672 3174 ,
2714 3123 2910 3182 quanto
2939 3113 3132 3180 justius
3176 3115 3272 3169 abs
3318 3127 3370 3173 te
3435 3121 3438 3124 ’

154 3217 372 3269 pluras,
404 3202 602 3268 D.liges
631 3200 924 3268 proximum
954 3210 1096 3250 tuum
1134 3197 1270 3250 sicut
1300 3198 1544 3264 teipsum,
1584 3198 1717 3250 bene

153 3294 347 3346 facitis.
387 3291 442 3346 Si
473 3302 648 3342 autem
694 3303 948 3356 personas
989 3288 1247 3354 aecipitis,
1290 3295 1559 3355 peccatum
1587 3301 1717 3353 ope-

153 3384 389 3444 nmini,
434 3379 696 3445 redarguti
738 3393 768 3432 a
817 3378 930 3442 lege
979 3377 1127 3444 quasi
1176 3387 1610 3443 transgressores.
1656 3376 1720 3428 Et

156 3484 274 3540 post
307 3473 446 3524 illam
470 3469 804 3533 sententiam,
836 3468 898 3520 ad
917 3467 1304 3533 intelligendum
1329 3467 1718 3528 difﬁcillimam,

155 3561 223 3614 de
250 3576 352 3627 qua
394 3561 524 3612 satis
561 3559 668 3610 dixi
722 3557 860 3625 quod
901 3557 1180 3609 dicendum
1234 3556 1409 3624 putavi
1435 3592 1460 3622 ,.
1481 3555 1719 3607 eamdem

159 3651 332 3716 legem
366 3649 622 3702 libertatis
665 3662 1082 3709 commemorans
1117 3664 1130 3700 :
1164 3647 1249 3701 Sic
1298 3647 1604 3714 loquimini,
1638 3648 1718 3700 in-

156 3744 298 3809 quit,
326 3751 377 3794 et
425 3757 450 3792 s
472 3756 500 3793 e
534 3740 686 3793 facile
715 3783 728 3804 ,
759 3741 892 3792 sicut
925 3755 1016 3807 per
1057 3740 1222 3807 legem
1257 3739 1515 3793 libertatis
1538 3782 1551 3802 ,
1588 3741 1721 3794 inci-

159 3838 365 3900 pientes
388 3831 634 3898 judicari.
661 3830 719 3883 Et
749 3831 992 3897 quoniam
1021 3829 1143 3896 quid
1177 3831 1332 3897 paulo
1358 3840 1480 3882 ante
1510 3831 1719 3894 dixerit,

159 3924 329 3984 novit,
359 3923 618 3988 Quoniam
649 3922 698 3973 in
727 3922 905 3973 multis
946 3921 1260 3973 offendimus
1290 3936 1502 3986 omnes,
1538 3937 1724 3989 sugge-

157 4015 231 4068 rit
252 4015 588 4076 dominicam,
624 4024 866 4079 tanqnam
889 4012 1240 4079 quotidianam
1266 4013 1601 4079 quotidianis,
1623 4014 1722 4067 etsi

158 4105 452 4158 levioribus
481 4147 498 4169 ,

157 4196 302 4247 ciunt
333 4195 496 4254 enim,
560 4194 765 4260 inquit,
805 4194 918 4245 sine
955 4191 1314 4245 misericordia
1380 4193 1452 4244 illi
1485 4195 1569 4260 qui
1620 4209 1721 4246 non

167 4289 300 4341 facit
332 4286 766 4340 misericordiam.
794 4283 924 4335 llinc
953 4283 1089 4334 enim
1118 4290 1174 4334 et
1211 4281 1460 4333 Dominus
1491 4296 1502 4331 :
1541 4281 1724 4334 Dimit-

159 4384 288 4442 tite,
322 4379 511 4446 inquit,
541 4386 593 4430 et
632 4376 920 4428 dimittetur
947 4374 1130 4436 vobis;
1163 4373 1282 4425 date
1323 4382 1374 4425 et
1400 4373 1608 4425 dabitur
1634 4389 1725 4425 vo-

565 4115 737 4155 tamen
818 4103 1148 4166 vulneribus,
1203 4103 1536 4156 medicinam.
1578 4103 1725 4156 .ludi-

1820 3197 1917 3249 hoc
1946 3197 2213 3251 charitatis
2242 3199 2473 3252 debitum
2505 3201 2866 3269 ﬂagi.o,cujus
2888 3203 3037 3255 doctr
3061 3219 3150 3267 na,
3183 3206 3232 3256 in
3269 3221 3366 3257 no-

1821 3287 1962 3341 mine
1991 3297 2045 3342 et
2074 3289 2336 3356 adjutorio
2370 3290 2596 3354 Domini,
2633 3302 2831 3345 tantum
2878 3293 2931 3346 in
2964 3292 3146 3346 Latina
3171 3276 3369 3363 lingua

1821 3380 2196 3432 ecclesiastica:
2227 3379 2415 3432 littera:
2436 3380 3053 3450 adjutmsunt,quantuni
3087 3398 3372 3451 numquam

1821 3477 1972 3521 antea
2003 3476 2280 3536 potuerunt
2309 3469 2323 3520 ε
2359 3470 2580 3523 Maxime
2609 3479 2784 3523 tamen
2827 3473 2978 3524 istam
3010 3474 3324 3526 sententiam
3360 3490 3373 3504 ·

1823 3562 2129 3629 Quicunque
2155 3571 2313 3614 totam
2344 3560 2511 3628 legem
2540 3563 2849 3626 servaverit,
2877 3563 3106 3615 oll‘endat
3129 3573 3303 3616 autem
3325 3566 3374 3618 in

1824 3665 1949 3713 uno,
1978 3650 2144 3703 factus
2172 3661 2253 3704 est
2280 3651 2515 3702 omnium
2548 3666 2688 3714 reus,
2722 3653 2764 3704 si
2794 3667 2897 3720 quo
2928 3652 3034 3704 alio
3084 3654 3241 3704 modo
3270 3668 3377 3705 mc-

1825 3740 1926 3793 lius
1969 3743 2160 3808 exponi
2193 3755 2345 3807 posse
2393 3742 2536 3793 novit
2565 3741 2775 3793 dilectio
2801 3751 2886 3794 tua
2908 3779 2922 3802 ,
2970 3758 3063 3810 per
3095 3742 3377 3798 Dominum

1823 3831 2045 3884 obsecro
2073 3842 2128 3884 ut
2159 3830 2208 3883 id
2240 3831 2512 3884 nobiscum
2544 3834 2936 3886 communicare
2963 3834 3216 3897 digneris.

2444 3959 2668 4014 CAPUT
2706 3960 2766 4013 ll.

1826 4051 1902 4102 De
1934 4050 2183 4115 praedictis
2204 4061 2418 4118 quatuor
2434 4051 2718 4108 virtutibus.
2747 4067 2869 4117 quas
2899 4053 2949 4103 in
2977 4053 3223 4115 superiori
3251 4053 3378 4107 libro

1896 4122 2143 4172 distinxit.
2177 4118 2239 4171 lu
2273 4120 2425 4172 Libro
2470 4125 2529 4172 de
2560 4119 2785 4171 Moribus
2834 4118 3073 4172 Ecclesia:
3115 4123 3378 4174 catholica:

1892 4189 2180 4255 disputans,
2211 4193 2279 4240 ad
2301 4205 2451 4242 unum
2475 4206 2558 4241 eus
2589 4191 2882 4241 mandatum
2908 4191 3093 4252 retulit,
3123 4190 3376 4244 charitati.

1894 4279 2030 4333 Nihil
2055 4279 2208 4346 igitur
2235 4279 2372 4332 aliud
2397 4289 2476 4331 est
2498 4281 2751 4346 Optimum
2773 4280 2998 4331 hominis
3017 4319 3030 4341 ,
3061 4281 3143 4332 cui
3173 4280 3379 4336 luerero

1823 4369 2184 4421 beatissimum
2211 4368 2299 4429 sit,
2330 4368 2430 4420 nisi
2456 4367 2614 4420 Deus.
2640 4367 2731 4420 Cui
2760 4367 2962 4421 haerere
2988 4379 3128 4421 recte
3164 4385 3266 4421 non
3292 4386 3380 4422 va-

158 4472 268 4522 liis.
302 4468 668 4534 Sopeiexaltat
698 4473 869 4517 autem
905 4462 1317 4516 misericordiam
1344 4461 1561 4529 judicio.
1607 4460 1719 4514 Non
1753 4457 1802 4516 D
1831 4460 1998 4510 lemus
2028 4458 2128 4510 nisi
2159 4458 2442 4511 dilectione
2473 4447 2486 4509 Ξ
2520 4472 2747 4526 namque
2778 4458 2900 4511 illud
2929 4474 3045 4526 quae
3072 4459 3380 4526 quadripar-

155 4561 360 4613 dictum
383 4567 488 4620 est,
524 4556 683 4608 vincit
705 4546 1121 4641 miscricordiqm
1144 4551 1396 4616 judicium
1417 4593 1432 4616 ,
1459 4566 1560 4604 non
1583 4552 1718 4603 enim

160 4661 245 4703 cst
277 4649 493 4700 adversi
516 4646 747 4714 judicio,’
766 4645 853 4697 sed
881 4641 1253 4711 superexaltat,
1282 4644 1402 4710 quia
1433 4645 1604 4710 plures
1632 4660 1723 4708 per

163 4737 588 4791 misericordiam
638 4735 984 4800 colliguntur,
1040 4733 1130 4785 sed
1163 4731 1252 4798 qui
1307 4731 1720 4784 mi~ericordiani

163 4829 549 4898 pra-stiternnt.
584 4826 726 4877 Beati
752 4825 891 4876 enim
922 4822 1307 4878 mirericordes.
1343 4821 1457 4887 quia
1489 4824 1719 4888 ipsorum

163 4916 505 4971 miserebitur
539 4913 697 4974 Dens.
740 4912 802 4963 Et
848 4912 945 4963 hoc
975 4911 1150 4976 utique
1177 4909 1372 4977 justum
1415 4920 1491 4962 est
1519 4950 1533 4971 ,
1563 4919 1617 4973 ut
1645 4910 1722 4960 di-

163 5007 408 5058 mittatur
439 5003 544 5066 eis,
569 5003 684 5069 quia
715 5001 1056 5066 dimiserunt,
1085 5011 1137 5052 et
1163 4999 1316 5050 detur
1337 5000 1412 5050 eis
1434 5040 1447 5062 ,
1481 4998 1600 5064 quia
1628 4998 1721 5049 de-

164 5101 384 5149 derunt.
419 5095 556 5146 Inest
586 5094 775 5160 quippe
835 5091 939 5143 Deo
980 5103 1027 5142 et
1062 5091 1420 5144 miscriCordia
1446 5089 1722 5158 jndicanti,

164 5201 214 5239 ct
243 5185 498 5253 judicium
527 5179 836 5236 misera-vti;
870 5193 1079 5246 propter
1120 5181 1256 5247 quod
1289 5181 1333 5231 ei
1365 5180 1554 5232 dicitur
1587 5197 1598 5230 ε
1631 5180 1723 5231 Mi-

154 5273 510 5329 serzciirdmn
539 5271 859 5336 etjudicium
892 5273 1125 5322 cantabo
1159 5270 1273 5331 tibi,
1314 5271 1558 5333 Domine;
1600 5286 1716 5321 nam

153 5366 406 5434 quisquis
430 5368 568 5415 velut
614 5362 830 5412 nimium
870 5361 1044 5426 ju~tus
1071 5359 1322 5425 judicium
1361 5361 1474 5410 sine
1517 5363 1720 5413 miseri-

158 5453 348 5511 cordia
395 5453 539 5519 quasi
589 5466 803 5504 securus
853 5461 1121 5514 exspecmt
1150 5490 1162 5512 ,
1209 5449 1335 5500 itam
1378 5450 1631 5516 justissitn
1672 5467 1719 5501 m

161 5551 420 5614 provocat
440 5580 454 5604 ,
481 5555 633 5607 quam
664 5542 852 5590 timens
883 5539 968 5589 illi:
994 5539 1120 5588 dicit
1147 5554 1158 5587 :
1186 5537 1259 5587 Ne
1304 5539 1465 5591 inttes
1505 5540 1553 5590 in
1579 5538 1716 5603 judi-

158 5652 249 5687 ctu
285 5646 405 5682 cum
437 5645 586 5682 servo
615 5640 721 5680 tuo.
759 5628 901 5680 Unde
929 5627 1119 5678 dicitur
1163 5625 1351 5693 populo
1379 5627 1671 5677 tuntntnztt'i
1706 5645 1714 5675 :

160 5724 306 5790 uit-1
361 5719 509 5772 vultis
557 5733 756 5772 mecum
796 5715 991 5785 jildiClU
1040 5727 1162 5770 cont
1199 5715 1393 5768 uderc?
1423 5716 1548 5768 Cum
1582 5717 1716 5768 cnizu

1828 4549 1918 4599 tita
1950 4547 2137 4600 dicitur
2181 4548 2380 4613 virtus,
2415 4563 2478 4600 ex
2530 4548 2693 4616 ipsius
2743 4549 2940 4600 amoris
2982 4551 3124 4600 vario
3157 4550 3377 4615 quodam

1826 4639 2016 4691 affectu
2048 4637 2274 4706 dicitur,
2335 4648 2390 4691 ut
2421 4641 2763 4707 temperantia
2804 4641 2871 4692 sit
2919 4655 3062 4691 amor
3118 4642 3378 4706 integrum

1827 4745 1883 4782 se
1917 4730 2156 4796 praabeus
2201 4730 2250 4783 ei
2280 4730 2418 4797 quod
2447 4743 2690 4792 amatur;
2725 4731 2995 4794 lortitudo,
3024 4747 3171 4783 amor
3225 4731 3379 4785 facile

1829 4822 2060 4871 tolerans
2091 4822 2265 4872 omnia
2298 4829 2512 4888 prepter
2541 4821 2678 4888 quod
2724 4832 2956 4884 amatur;
2985 4821 3186 4891 ju~titia
3232 4837 3381 4876 amor

1825 4909 1923 4959 soli
1958 4920 2133 4960 amato
2163 4912 2402 4962 si-rviens
2427 4954 2440 4976 ,
2473 4920 2527 4963 et
2575 4919 2849 4978 propterea
2887 4923 3024 4974 recte
3055 4912 3333 4964 dominans
3363 4928 3377 4965 ε

1830 4999 2107 5064 prudentia
2136 5039 2149 5063 ,
2185 5016 2332 5051 amor
2376 5016 2434 5052 ea
2467 5001 2655 5067 quibus
2681 4999 2960 5067 adjuvatnr
2998 4999 3063 5052 ab
3092 5004 3168 5052 cis
3190 5002 3377 5067 quibus

1827 5087 2110 5152 impeditur
2155 5090 2414 5156 sagaciter
2444 5093 2640 5156 eligens
2674 5106 2686 5143 :
2719 5089 2807 5141 sed
2844 5090 2979 5142 hunc
3009 5105 3239 5141 amorem
3275 5108 3376 5146 non

1824 5174 2102 5242 cnjnslibet
2129 5217 2142 5240 ,
2177 5176 2267 5228 sed
2326 5178 2413 5229 Dei
2452 5193 2570 5230 esse
2611 5177 2873 5243 diximus,
2930 5177 2976 5229 id
3026 5187 3139 5240 est,
3185 5183 3378 5232 smnmi

1824 5265 1944 5316 boni
1975 5306 1988 5329 ,
2044 5281 2264 5318 summa:
2310 5268 2624 5332 sapientim,
2680 5282 3005 5333 summa-que
3057 5271 3373 5323 concordiae.

1824 5354 1994 5417 Quare
2039 5353 2257 5407 delinire
2284 5360 2439 5408 etiam
2472 5358 2549 5410 sic
2581 5359 2719 5417 licet,
2779 5365 2833 5406 ut
2873 5357 3272 5422 temperantiam
3298 5359 3377 5410 di-

1824 5456 2002 5494 cimus
2027 5457 2144 5495 esse
2173 5458 2404 5495 amorem
2443 5445 2548 5496 lleo
2575 5460 2631 5497 se
2679 5444 2936 5510 integrum
2994 5445 3377 5510 incorruptum-

1823 5546 1923 5597 qnc
1949 5543 2266 5595 servantem;
2299 5531 2651 5584 fortitudinem
2677 5547 2929 5597 amorem,
2956 5548 3127 5584 omnia
3163 5545 3376 5600 propter

1831 5621 1990 5672 lli-um
2025 5621 2175 5674 facile
2226 5624 2573 5688 perferentem
2603 5640 2614 5684 ;
2644 5624 2919 5689 jnsti'ium,
2973 5638 3207 5674 amorem
3269 5624 3373 5678 Deo

1829 5722 2023 5766 tantum
2057 5716 2397 5783 servientem,
2425 5724 2475 5769 ct
2503 5715 2568 5768 ob
2599 5717 2693 5766 huc
2741 5716 2869 5768 bene
2902 5724 3240 5782 tnq-e:antem
3271 5729 3368 5767 ut-
