3862 6222
487 271 582 326 επ
1566 267 1628 321 o.
1672 265 1987 322 EUGYPPll
2027 229 2315 343 assaris
2354 265 2671 346 unicam
3617 270 3711 325 572

487 386 614 440 teris.
638 399 758 453 qua:
785 383 982 438 homini
1007 383 1239 451 subjecta
1268 387 1410 444 sunt;
1438 379 1792 447 prudentiam,
1814 392 2050 431 amorem
2086 381 2126 437 Λ
2155 392 2273 445 qum
2315 377 2685 444 pra-tereundo
2708 375 2760 429 in
2785 377 3036 430 memoria
3068 376 3462 445 derelinquent,
3491 376 3713 444 reperio.

435 511 439 519 ι
489 475 1034 542 benediscernemein
1065 489 1125 526 ea
1153 472 1345 541 quibus
1385 470 1673 539 adjuvetur
1705 472 1758 523 itt
1791 471 1952 524 Deum
1986 467 2053 519 ab
2158 483 2277 521 tnus
2310 487 2323 519 :
2358 469 2475 537 quia
2525 479 2574 521 et
2611 477 2734 521 tunc
2792 469 3012 530 trinitas
3045 470 3170 532 erit,
3211 486 3334 523 cum
3387 468 3512 524 illud
3542 471 3710 538 quale-

494 564 577 625 his
603 567 792 634 quibus
835 563 1074 630 impediri
1127 569 1321 628 potest.
1356 560 1494 624 Quid
1523 559 1751 627 amplius
1793 560 1861 611 de
1898 558 2055 609 mori-

495 660 595 712 hus
622 658 931 726 disputem?
961 657 1015 710 Si
1041 672 1182 710 enun
1225 656 1360 708 Deus
1399 662 1482 708 est
1525 668 1786 706 summum
1825 648 2056 702 hominis

495 751 689 803 bonum
712 789 726 810 ,
757 748 896 813 quod
939 748 1117 816 negari
1152 761 1257 799 non
1291 755 1496 813 potest,
1541 746 1779 812 sequitur
1803 741 2053 810 quoniam

395 843 398 847 ’
494 855 756 893 sutntnutu
791 839 981 890 bonum
1011 849 1264 904 apt-clere
1291 847 1373 891 est
1402 836 1536 889 bene
1574 836 1750 886 vivere
1773 871 1788 894 ,
1832 842 1887 884 ut
1927 831 2054 883 nihil

496 932 567 982 sit
588 929 727 981 aliud
758 929 893 981 bene
921 930 1105 981 vivere
1144 944 1300 996 quam
1336 936 1445 979 toto
1492 924 1683 983 corde.
1715 931 1824 976 tota
1856 925 2054 982 anima,
2095 952 2098 955 -

494 1026 603 1071 tota
636 1023 813 1073 mente
856 1018 1082 1088 diligere
1122 1018 1287 1072 Deum
1327 1031 1356 1068 a
1395 1029 1499 1083 quo
1540 1013 1760 1077 existit,
1795 1024 1850 1066 ut
1881 1014 2060 1066 inror-

494 1119 684 1177 ruptus
711 1110 761 1161 in
788 1123 853 1163 eo
890 1125 1042 1164 amor
1080 1116 1239 1175 atque
1278 1107 1480 1173 inti-ger
1517 1103 1880 1169 cuStodiatur,
1919 1102 2056 1171 quod

496 1206 580 1252 est
603 1199 999 1267 temperantiae;
1037 1196 1194 1250 nullis
1225 1197 1494 1264 frangatur
1522 1193 1892 1255 incommodis,
1919 1190 2059 1260 quod

467 1287 1038 1358 estfortitudinis;oulli
1052 1287 1137 1340 alii
1156 1285 1523 1355 serviat,quod
1539 1295 1620 1339 est
1627 1285 1867 1353 iustitiae;
1884 1283 2062 1350 vigilet

495 1383 551 1437 in
589 1381 955 1437 discernendis
995 1381 1188 1444 rebus,
1227 1394 1294 1433 ne
1333 1379 1538 1432 fallacia
1568 1375 1819 1446 paulatim
1843 1374 2062 1428 dolusve

500 1475 772 1543 subrepat,
803 1474 941 1544 quod
968 1482 1049 1528 est
1089 1471 1406 1541 prudentite.
1443 1471 1564 1525 llaec
1592 1479 1674 1524 cst
1702 1468 1933 1522 hominis
1959 1482 2060 1520 una

500 1566 788 1637 perfectio,
846 1580 966 1634 qua:
1005 1566 1118 1619 sola
1160 1565 1405 1633 impetrat
1467 1572 1522 1615 ut
1564 1560 1803 1615 veritatis
1844 1558 2062 1612 sinceri.

502 1668 607 1713 tate
636 1656 957 1727 perfruatur.
993 1657 1114 1710 Hinc
1146 1656 1299 1709 nobis
1327 1643 1666 1708 Testamento
1689 1662 1911 1719 utroque
1937 1665 2063 1702 con-

2157 573 2364 626 cnnque
2409 558 2725 624 vestigium,
2794 567 2849 610 et
2914 561 3224 613 memoriter
3275 562 3616 623 retinebitur,
3663 571 3713 614 et

2158 659 2472 717 agnoscetur
2500 650 2760 703 veraciter
2788 689 2803 712 ,
2833 659 2884 703 et
2917 649 3018 703 hoc
3046 659 3328 719 utrumque
3357 652 3508 704 tertia
3536 651 3710 704 volun-

2159 747 2264 792 tate
2286 735 2560 808 j'ungetur.

2770 827 2994 884 CAPUT
3028 829 3116 885 IV.

2160 919 2238 973 De
2261 929 2480 987 quatuor
2505 919 2880 985 adet-tionibus,
2911 935 3040 987 quas
3068 936 3099 971 α
3119 919 3362 972 Cicerone
3391 920 3712 986 perturbetis-

2232 1007 2338 1053 nes,
2365 991 2424 1041 ob
2451 992 2568 1042 aliis
2601 991 2862 1050 passiones
2907 991 3212 1058 appella'as,
3267 989 3512 1058 Virgilius
3544 991 3710 1042 notitiai

2230 1076 2357 1180 $0};
2379 1076 2434 1113 er
2463 1075 2666 1112 carnem
2687 1062 2848 1113 inesse
2869 1060 3000 1112 dixit
3023 1075 3042 1123 ;
3070 1075 3129 1114 ex
3154 1059 3284 1113 libro
3310 1077 3397 1114 stv
3433 1063 3496 1112 de
3525 1059 3710 1113 Cirim:

2284 1148 2349 1182 et.

2178 1254 2180 1256 -
2230 1219 2596 1298 Aggravamur
2623 1235 2750 1288 ergo
2775 1219 3107 1288 corruptibili
3156 1234 3416 1286 corpore,
3465 1229 3518 1274 et
3557 1219 3702 1288 ipsius

2162 1309 2550 1377 aggravationis
2586 1324 2800 1363 causam
2821 1351 2837 1376 ,
2869 1324 2974 1364 non
3004 1319 3248 1364 naturam
3279 1310 3710 1376 substantiamque

2163 1401 2426 1468 corporis,
2465 1401 2557 1453 sed
2605 1399 2723 1470 ejus
2767 1401 3163 1467 corruptionem
3205 1401 3459 1464 scientes,
3491 1401 3711 1453 nolumus

2163 1506 2387 1559 corpore
2417 1490 2724 1556 exspoliari,
2757 1492 2850 1545 sed
2882 1490 3000 1561 ejus
3026 1491 3426 1545 immortalitate
3451 1490 3640 1544 vestiri:
3665 1499 3712 1543 et

2168 1590 2292 1634 tunc
2321 1580 2462 1633 enim
2492 1582 2614 1642 erit,
2662 1580 2754 1635 sed
2786 1581 2906 1649 quia
2934 1581 3279 1649 corruptibile
3308 1596 3413 1633 non
3461 1583 3580 1641 erit,
3624 1593 3712 1631 una

2170 1671 2431 1737 gravabit.
2475 1671 2745 1739 Aggravat
2793 1686 2921 1740 ergo
2963 1687 3102 1726 nunc
3135 1671 3368 1725 animam
3405 1686 3596 1739 corpus
3613 1685 3713 1724 cor-

502 1752 729 1815 ciniiur.
771 1751 884 1803 haec
925 1748 1079 1802 nobis
1119 1749 1240 1818 hinc
1277 1757 1435 1815 atque
1473 1744 1898 1800 indesuadewr.
1935 1743 2063 1796 οίιί-
2099 1741 2144 1799 Β
2173 1760 2438 1827 magno,
2490 1771 2544 1814 ei
2592 1761 2846 1829 deprimit
2896 1772 3104 1816 tertena
3159 1762 3476 1816 ίιιιηιιίωιεο
3526 1777 3714 1816 sensum

501 1857 688 1910 gamus
716 1842 874 1911 igitur
906 1843 1066 1896 Deum
1090 1856 1157 1894 ex
1191 1849 1302 1892 toto
1322 1837 1513 1898 corde,
1540 1850 1608 1890 es
1637 1844 1744 1888 tota
1771 1834 1968 1911 anima.
1999 1846 2065 1886 ex

504 1941 612 1986 tota
635 1942 844 1994 mente,
878 1933 1173 1999 quicunque
1216 1928 1281 1981 ad
1312 1930 1472 1980 vitam
1503 1935 1756 1980 aeternam
1787 1923 2068 1993 pervenire

404 2035 408 2040 '
504 2023 898 2090 proposuimus.
928 2021 1052 2074 llxc
1079 2029 1180 2084 est,
1211 2017 1383 2085 inquit
1405 2016 1672 2079 Salvator,
1705 2015 1814 2068 vita
1846 2023 2065 2076 aeterna,

505 2124 564 2168 ut
599 2122 918 2182 cognoscant
961 2122 1010 2165 te
1048 2126 1230 2164 verum
1271 2109 1458 2173 Deum,
1495 2120 1548 2163 et
1570 2123 1725 2176 quem
1757 2106 1941 2160 misisti
1983 2105 2072 2159 Jea-

504 2219 622 2259 sunt
658 2205 949 2257 (gliristutn.
992 2202 1209 2254 Eierna
1239 2201 1398 2268 igitur
1435 2201 1538 2252 vita
1571 2209 1655 2254 est
1691 2200 1800 2268 ipsa
1839 2197 2072 2265 cognitio

507 2296 764 2358 veritatis;
781 2294 1125 2364 quamobrem
1146 2308 1301 2362 quam
1322 2291 1560 2360 perversi
1577 2301 1736 2360 atque
1761 2288 2073 2356 prmpostori

464 2376 466 2378 ’
513 2372 670 2450 sunt,
693 2387 780 2454 qui
808 2401 866 2440 se
887 2386 1215 2452 arbitrantur
1243 2384 1334 2438 Dei
1373 2383 1730 2454 cognitionem
1773 2381 1983 2435 tradere
2016 2386 2074 2432 ot

508 2476 1084 2546 perfectissimus,em
1115 2475 1471 2548 perfecturum
1511 2475 1627 2536 ipsa
1655 2470 1722 2524 sit
1747 2470 2028 2537 praemium
2054 2469 2069 2520 l

513 2567 650 2634 Quid
665 2581 794 2635 ergo
810 2551 1104 2634 agendum,
1133 2563 1229 2616 nisi
1256 2573 1312 2614 ut
1332 2577 1452 2614 eum
1483 2561 1654 2628 ipsum
1693 2574 1849 2627 quem
1874 2572 2074 2622 σοπηο-

490 2673 664 2713 scere
685 2657 951 2721 volumus,
992 2656 1136 2723 prius
1157 2655 1362 2708 sincera
1385 2651 1446 2705 ei
1460 2654 1650 2705 aritate
1666 2648 1987 2719 diligamus?

1016 2745 1066 2815 5
1111 2741 1334 2796 CAPUT
1376 2740 1461 2792 tn.

511 2839 590 2891 An
612 2837 819 2889 virtutes
846 2834 1024 2899 quibus
1063 2834 1132 2886 ad
1167 2832 1494 2886 uternita'em
1524 2831 1750 2882 truditur
1773 2869 1786 2885 .
1838 2827 2077 2899 desituros

576 2911 696 2970 sint,
727 2897 936 2986 cum—ad
962 2915 1154 2959 interna
1182 2902 1540 2972 perduxerint;
1568 2916 1632 2953 ea:
1659 2900 1786 2952 libro
1816 2899 1879 2951 de
1902 2897 2077 2951 Ttiui-

583 2988 685 3029 tate
718 2992 801 3029 snt
832 2983 960 3028 inter
984 2984 1187 3030 tanta.
1371 2983 1376 2986 '

583 3064 769 3118 Utrum
798 3074 973 3118 autem
999 3059 1170 3116 etiam
1211 3059 1430 3114 virtutes
1457 3068 1608 3121 tunc,
1653 3052 1849 3126 quibus
1875 3054 1943 3120 ~in
1973 3041 2072 3107 hac

511 3158 832 3212 mortalitate
859 3155 996 3209 bene
1034 3153 1247 3216 vivitur,
1279 3152 1403 3220 quia
1433 3160 1485 3204 et
1517 3153 1644 3218 ipsa:
1675 3147 1932 3214 incipiunt
1952 3161 2073 3199 esse

511 3250 564 3303 in
595 3245 794 3310 animo,
825 3246 913 3313 qui
945 3260 1065 3297 cum
1094 3243 1210 3297 sine
1241 3243 1346 3296 illis
1376 3242 1522 3310 prius
1543 3249 1705 3302 esset,
1737 3247 1912 3292 tamen
1958 3235 2076 3290 ani-

513 3351 631 3392 mus
657 3316 792 3409 erat,
817 3336 1062 3404 desinant
1089 3349 1208 3388 esse
1234 3348 1354 3386 cum
1383 3332 1446 3384 ad
1477 3340 1678 3385 aeterna
1702 3327 2075 3399 perduxerint,

515 3429 768 3500 nonnulla
804 3427 1026 3496 quando
1072 3437 1174 3480 est.
1212 3423 1540 3491 Quibusdam
1584 3423 1727 3478 enim
1758 3425 1927 3475 visum
1973 3430 2075 3485 est,

516 3521 801 3584 tlesituras,
832 3530 887 3572 et
931 3520 1098 3572 bonos
1126 3520 1333 3572 animos
1370 3518 1483 3571 sola
1515 3507 1701 3570 beatos
1739 3501 1857 3569 esse
1887 3513 2075 3582 cogni-

518 3611 662 3662 tione
716 3621 769 3662 et
814 3609 1061 3672 si-ieutia,
1103 3605 1203 3676 hoc
1235 3615 1319 3661 est
1358 3607 1804 3675 contemplatione
1851 3614 2075 3667 naturae,

516 3700 568 3753 iu
600 3714 702 3768 qua
734 3697 864 3751 ttihil
893 3707 974 3751 est
1007 3697 1195 3750 melius
1224 3692 1296 3750 et
1329 3697 1606 3749 amabilius
1650 3712 1710 3750 ea
1741 3709 1930 3748 natura
1960 3709 2079 3762 qua:

514 3789 716 3841 creavit
756 3796 979 3841 cmteras
1009 3800 1194 3839 omnes
1224 3785 1556 3852 instituitque
1582 3781 1814 3838 naturas.
1852 3784 1948 3839 Cui
1992 3799 2079 3838 re-

513 3880 656 3948 genti
696 3892 815 3932 esse
853 3876 1120 3930 subditum
1163 3877 1206 3928 si
1247 3873 1454 3943 justitia
1486 3883 1590 3940 est,
1643 3874 1957 3928 immortalis
1998 3883 2082 3927 est

516 3969 736 4036 omnino
759 3967 979 4037 justitia,
1026 3982 1122 4021 nec
1145 3969 1195 4019 in
1225 3968 1321 4020 illa
1341 3981 1463 4022 esse
1492 3965 1820 4020 beatitudine
1847 3955 2077 4028 desinet,

517 4063 610 4118 aed
642 4063 764 4117 talis
797 4077 861 4116 ac
891 4072 1030 4115 tanta
1059 4063 1189 4132 erit,
1242 4071 1297 4114 ut
1342 4059 1625 4127 perfectior
1668 4068 1719 4112 et
1757 4060 1924 4126 major
1961 4071 2083 4112 esse

519 4169 624 4208 non
657 4153 843 4221 possit.
883 4151 1159 4205 Fortassis
1188 4160 1240 4209 et
1268 4151 1382 4204 alin
1413 4162 1521 4206 tres
1551 4152 1791 4212 virtutes,
1847 4147 2077 4216 pruden-
2124 4178 2129 4184 -

517 4247 588 4299 tia
620 4245 737 4298 sine
761 4244 869 4311 lam
899 4243 1010 4296 ullo
1037 4241 1270 4306 periculo
1294 4242 1510 4304 erroris,
1545 4240 1801 4293 fortitudo
1825 4240 1942 4292 sine
1969 4254 2084 4292 mo—

476 4360 479 4364 ’
519 4337 668 4390 Iestia
709 4334 1101 4387 tolerandi-rum
1132 4331 1414 4398 malorum,
1456 4331 1802 4396 temperantia
1832 4331 1946 4383 sine
1987 4344 2085 4383 re-

524 4427 847 4497 pugnatioue
897 4424 1200 4487 libidinum,
1249 4432 1406 4476 erunt
1453 4421 1506 4476 in
1548 4423 1637 4476 illa
1692 4421 1964 4476 felicitate.
2016 4419 2083 4475 Ut

523 4518 815 4588 prudentia:
855 4517 924 4570 sit
986 4515 1185 4569 nullum
1239 4515 1434 4568 bonum
1485 4514 1595 4567 Deo
1639 4528 1948 4582 pra-ponere
1995 4514 2080 4566 vel

457 4661 463 4667 ,
520 4622 734 4677 πτιωτθ
765 4623 778 4671 ;
813 4605 1151 4669 fortitudinis,
1192 4605 1240 4657 ci
1283 4603 1583 4656 firmissime
1608 4602 1879 4656 cohmrere
1905 4617 1920 4667 ;
1949 4609 2082 4654 tem-

523 4701 798 4770 perantia,
830 4699 970 4751 nullo
999 4697 1202 4750 defectu
1234 4697 1390 4748 noxio
1415 4694 1690 4748 delectari.
1726 4686 2078 4746 Nuncautem

521 4791 665 4860 quod
697 4786 1025 4861 agitjustitia
1053 4788 1101 4838 in
1126 4784 1490 4838 subveniendo
1521 4785 1753 4846 miseris,
1793 4783 1932 4852 quod
1958 4798 2082 4850 pru—

524 4880 704 4935 dentia
748 4879 800 4930 in
855 4877 1211 4944 precavendis
1256 4868 1490 4938 insidiis,
1535 4872 1675 4941 quod
1716 4872 1975 4925 fortitudo
2027 4875 2078 4924 in

524 4968 854 5040 perferendis
876 4965 1149 5022 molestiis.
1172 4964 1311 5032 quod
1337 4965 1686 5031 temperantia
1705 4961 1757 5013 in
1771 4962 2085 5039 coercendis

521 5035 965 5116 delectationibus
990 5056 1185 5124 pravis,
1217 5072 1318 5108 non
1350 5056 1422 5107 ibi
1452 5055 1556 5108 erit
1583 5052 1672 5106 ubi
1702 5053 1831 5105 nihil
1863 5035 2083 5105 omnino

530 5153 652 5207 mali
679 5152 800 5224 erit.
832 5152 910 5203 Ac
942 5163 1032 5216 per
1063 5147 1185 5210 hoc,
1226 5146 1322 5200 ista
1356 5140 1602 5200 virtutum
1630 5160 1788 5213 opera
1816 5159 1935 5212 qua:
1962 5137 2094 5200 huic

529 5245 738 5302 mortali
780 5245 903 5297 vitae
939 5252 1065 5296 sunt
1094 5240 1414 5315 necessaria,
1468 5237 1605 5291 sicut
1635 5237 1798 5301 fides,
1830 5236 1902 5288 ad
1924 5251 2080 5308 quam

529 5337 806 5393 referenda
849 5335 900 5387 in
957 5332 1242 5402 praeteritis
1272 5329 1625 5392 habebuntur,
1656 5337 1710 5381 et
1751 5330 1906 5380 aliam
1946 5340 2105 5380 nunc

2173 1851 2335 1902 multa
2391 1850 2734 1918 cogitantem.
2795 1851 3171 1906 Verumtamen
3234 1854 3321 1921 qui
3376 1853 3550 1905 bmuia
3598 1854 3716 1905 mala

2171 1943 2359 1996 animae
2391 1958 2457 1995 ex
2496 1957 2719 2010 corpore
2750 1951 2933 2010 putant
2979 1943 3255 2008 accidisse,
3288 1945 3339 1997 in
3373 1959 3552 1997 errore
3591 1952 3714 1994 sunt.

2172 2033 2428 2096 Quamvis
2472 2034 2615 2088 enim
2651 2033 2902 2103 Virgilius
2948 2033 3275 2088 Platooieam
3308 2035 3550 2088 videatur
3588 2035 3716 2088 Iucu-

2175 2125 2333 2178 letitis
2360 2124 2602 2178 versibus
2626 2122 2901 2191 explicare
2926 2125 3265 2188 sententiam,
3301 2125 3485 2177 dicens
3515 2141 3528 2177 :

2297 2216 2480 2280 lgneus
2506 2219 2581 2266 est
2604 2216 2698 2264 illis
2721 2215 2868 2276 [ollis]
2897 2217 3052 2278 vigor,
3081 2223 3133 2280 et
3148 2217 3363 2265 ςωῐοκιίς
3387 2219 3524 2278 origo

2295 2279 2596 2339 Seminibus,
2637 2285 2866 2337 quantum
2892 2291 2985 2326 non
3009 2279 3149 2324 noxia
3168 2291 3368 2337 corpora
3397 2280 3594 2330 tardant.

2295 2339 2608 2398 Terrenique
2633 2339 2870 2387 hebetant
2887 2339 3425 2405 artus-moribundaque
3451 2340 3665 2396 membra;

2174 2435 2468 2489 omnesque
2521 2420 2642 2473 illas
2693 2419 2996 2473 notissimas
3026 2430 3253 2488 quatuor
3276 2420 3439 2474 animi
3471 2427 3714 2488 perturba-

2178 2513 2372 2578 tiones,
2417 2508 2785 2578 cupiditatem,
2826 2511 3093 2586 timorem,
3135 2509 3397 2574 laztitiam,
3449 2512 3714 2570 tristitiam,

2174 2617 2310 2671 quas
2360 2602 2594 2670 origines
2640 2600 2877 2654 omnium
2925 2609 3262 2668 peccatorum
3312 2610 3472 2668 atque
3499 2603 3719 2651 vitiorum

2174 2693 2359 2745 volens
2399 2689 2625 2761 intelligi
2672 2703 2738 2745 ex
2790 2702 3014 2758 oorpore
3062 2688 3326 2754 accidere,
3383 2688 3720 2758 sul-jungatci

2116 2827 2117 2830 η
2173 2771 2315 2837 dicat
2349 2798 2364 2834 :

2297 2893 2424 2943 Hinc
2455 2897 2714 2951 metuunt,
2740 2892 3061 2953 cupiuntque,
3089 2889 3260 2940 dolent
3292 2887 3619 2953 gaudentque.
3645 2900 3726 2937 nec

2299 3014 2583 3076 Suscipiunt
2616 3012 2924 3075 [respiciunt]
2959 3012 3138 3064 clause
3162 3011 3422 3072 tenebris,
3458 3019 3511 3062 et
3546 2951 3726 3132 ἓξὲξ

2184 3181 2359 3223 tamen
2405 3168 2558 3220 aliter
2585 3181 2645 3221 se
2683 3166 2843 3220 habet
2880 3165 3012 3219 fides
3050 3173 3229 3218 nostra
3264 3181 3280 3218 :
3309 3180 3431 3218 nam
3465 3162 3727 3232 ‘corruptio

2177 3255 2419 3324 corporis
2443 3268 2564 3323 quae
2585 3265 2834 3322 aggravat
2862 3253 3093 3307 animam
3125 3268 3227 3306 non
3262 3252 3461 3320 peccati
3487 3253 3630 3322 primi
3656 3261 3723 3306 est

2177 3360 2354 3408 causa.
2404 3344 2500 3397 sed
2542 3357 2722 3412 pinna.
2775 3343 2885 3396 Nec
2931 3358 3058 3395 caro
3104 3342 3470 3409 corruptibilis
3514 3344 3723 3394 animam

2180 3435 2552 3502 peccatricem,
2571 3433 2665 3487 sed
2687 3433 2865 3486 anima
2891 3435 3158 3502 peccatrix
3183 3431 3312 3486 fecit
3331 3449 3451 3487 esse
3481 3434 3721 3499 corrupti-

2165 3527 2340 3591 ,bilem
2395 3539 2637 3579 carnem.
2686 3525 2760 3578 Ex
2811 3540 2911 3590 qua
2962 3526 3302 3592 corruptione
3351 3526 3565 3590 carnis,
3613 3525 3723 3577 licet

2170 3605 2408 3692 existant
2437 3615 2680 3683 quaedam
2707 3613 3044 3668 inritamenta
3074 3616 3344 3678 vitiorum,
3376 3624 3436 3671 et
3465 3618 3571 3686 ipsa
3596 3616 3725 3669 desi-

2178 3708 2326 3762 deria
2370 3707 2588 3769 vitiosa,
2652 3722 2758 3760 non
2817 3716 2992 3761 tamen
3029 3709 3206 3762 omnia
3253 3709 3450 3776 iniqua:
3480 3708 3592 3761 vita
3619 3706 3724 3760 vitia

2182 3800 2461 3853 tribuenda
2505 3808 2630 3852 sunt
2660 3801 2832 3873 carui,
2873 3817 2940 3854 ne
2973 3801 3040 3853 ab
3075 3799 3160 3853 his
3187 3801 3436 3854 omnibus
3465 3813 3719 3868 purgemus

2180 3888 2467 3953 diabolum,
2499 3888 2588 3956 qui
2630 3904 2732 3942 non
2775 3892 2932 3944 habet
2959 3904 3195 3942 carnem.
3243 3889 3354 3942 Etsi
3382 3890 3530 3944 enim
3565 3889 3721 3943 diabo-

2184 3978 2288 4041 lus,
2315 3976 2426 4049 [qui
2450 3995 2552 4032 non
2575 3978 2735 4033 habet
2759 3995 2974 4041 carnem
2990 3977 3057 4050 ‘,]
3077 3979 3367 4032 fornicator
3381 3981 3725 4040 vel‘ebtiesuS,

2184 4066 2266 4122 vel
2294 4071 2338 4146 si
2359 4069 2493 4143 quid
2539 4068 2842 4138 huiusmodi
2894 4069 3016 4122 mali
3046 4079 3130 4123 est
3156 4059 3302 4136 qbod
3327 4069 3392 4122 ad
3423 4072 3594 4123 carnis
3622 4082 3722 4135 per-

2185 4161 2659 4228 tinet-voluptates,
2711 4175 2818 4214 non
2857 4171 3033 4229 potest
3058 4161 3184 4223 dici.
3212 4176 3333 4215 cum
3378 4161 3448 4213 sit
3478 4162 3627 4214 etiam
3654 4168 3721 4210 ta-

2184 4251 2312 4304 litun
2345 4264 2679 4317 peccatorum
2717 4266 2906 4304 suasor
2942 4262 2996 4305 et
3037 4251 3313 4320 instigator
3370 4252 3626 4310 occultus.
3651 4257 3720 4302 est

2187 4351 2364 4394 tamen
2406 4341 2634 4395 maxime
2671 4342 2931 4409 superbus
2965 4352 3123 4408 atque
3161 4337 3409 4395 invidus:
3445 4357 3562 4410 qua:
3598 4341 3719 4393 illum

2188 4433 2446 4486 vitiositas
2478 4432 2556 4485 sic
2587 4431 2844 4495 obtinuit,
2885 4438 2946 4484 ut
2973 4441 3186 4498 propter
3213 4431 3349 4484 hanc
3378 4440 3526 4485 esset
3547 4431 3595 4482 in
3618 4443 3715 4481 car-

2187 4525 2397 4576 ceribus
2448 4521 2716 4589 caliginosi
2794 4521 2952 4588 huius
3020 4523 3164 4576 aeris
3231 4532 3438 4575 :eterno
3491 4521 3718 4589 supplicio

2188 4614 2502 4669 destinatus.
2535 4613 2658 4666 llaec
2683 4622 2859 4665 autem
2891 4614 3040 4678 vitia,
3075 4627 3191 4680 qure
3219 4621 3401 4664 tenent
3441 4612 3493 4664 in
3539 4607 3718 4663 diabolo

2178 4706 2561 4774 principatum,
2600 4704 2753 4758 carni
2795 4703 2980 4756 tribuit
3006 4704 3311 4768 Apostolus,
3352 4717 3513 4769 quam
3542 4709 3715 4754 certain

2190 4803 2274 4848 est
2299 4793 2570 4847 diabolum
2614 4806 2720 4845 non
2757 4791 2976 4846 habere.
3026 4789 3160 4844 Dicit
3202 4790 3344 4843 enim
3369 4827 3386 4851 ,
3416 4785 3714 4844 inimicitias.

2185 4882 3713 4950 contentiones,cmulationes,animositates,invidias,ope-

2188 4991 2242 5030 ra
2268 4990 2387 5029 esse
2414 4975 2609 5039 carnis;
2633 4988 2858 5042 quorum
2877 4975 3112 5025 omnium
3135 4970 3565 5038 maloruntcaput
3583 4976 3710 5032 atque

2185 5068 2334 5133 origo
2360 5065 2606 5132 superbia
2628 5073 2731 5129 est,
2752 5078 2869 5132 qua:
2895 5062 3010 5116 sine
3027 5075 3188 5115 carne
3218 5071 3406 5128 regnat
3437 5062 3492 5114 in
3512 5054 3708 5114 diabolo.

2186 5154 2315 5220 Quis
2353 5161 2530 5206 autem
2561 5151 2651 5205 illo
2678 5159 2763 5205 est
2797 5152 3104 5204 initnieitior
3129 5150 3359 5203 Sanctis?
3384 5152 3507 5218 quis
3553 5150 3708 5198 adver-

2183 5257 2281 5305 ςυε
2320 5255 2414 5296 eos
2456 5240 2861 5310 contentiosior,
2885 5240 3194 5302 animosior.
3230 5249 3287 5293 et
3320 5241 3494 5307 magis
3527 5233 3706 5292 emulsa

2208 5344 2347 5398 .tque
2377 5329 2582 5382 invidus
2605 5327 2908 5381 invenitur?
2956 5326 3021 5379 Et
3055 5327 3168 5381 haec
3194 5328 3377 5380 omnia
3405 5342 3526 5379 cum
3552 5323 3707 5376 habent

525 5432 731 5488 faciunt
773 5426 1079 5491 trinitatem,
1110 5440 1228 5479 cum
1255 5437 1313 5478 ea
1343 5420 1620 5485 prasentia
1654 5430 1913 5474 tenemus.
1940 5432 2108 5473 amna
2191 5424 2308 5476 sine
2353 5436 2537 5484 carne,
2584 5420 2852 5484 quomodo
2889 5430 3012 5472 sunt
3055 5418 3154 5472 ista
3185 5435 3345 5487 opera
3384 5424 3582 5480 carnis,
3627 5409 3705 5466 nisi

527 5540 664 5586 mus,
694 5521 1002 5588 aspicimus,
1059 5518 1214 5570 aliain
1262 5524 1388 5567 tunc
1436 5509 1635 5563 factura
1681 5520 1823 5575 sunt,
1873 5525 1993 5563 cum
2023 5522 2083 5560 ea

527 5631 632 5668 non
677 5626 796 5664 esse
837 5588 930 5662 sed
977 5606 1075 5656 tuis
1106 5621 1154 5667 c,
1201 5618 1294 5672 per
1332 5601 1573 5671 quxdam
1620 5613 1800 5652 eorum
1843 5602 2084 5667 vestigia,

2191 5516 2309 5582 quia
2336 5527 2493 5582 opera
2534 5519 2665 5564 sunt
2695 5510 2924 5562 hominis
2943 5548 2959 5573 ,
2989 5527 3166 5578 quem,
3196 5513 3332 5565 sicut
3357 5513 3488 5575 disi.
3535 5506 3708 5564 nomine

2189 5603 2368 5658 carnis
2411 5598 2686 5676 appensi?
2717 5597 2831 5653 Non
2859 5599 3003 5653 enim
3049 5600 3290 5656 habendo
3318 5616 3551 5663 carnem,
3577 5603 3704 5665 quam

602 5759 607 5764 ’
651 5746 866 5801 chiuis
888 5744 1087 5799 inclusa
1105 5727 1296 5798 desunt
1318 5743 1370 5794 itt
1394 5739 1450 5792 5.
1486 5739 1620 5805 Aug.
1651 5736 1779 5793 cdit.
1810 5736 2006 5791 Bettcd.
2041 5737 2191 5790 Ευιτ.
