3862 6222
92 347 193 402 573

1329 320 1755 415 “russaunus.
1793 320 1942 400 Car.
1989 343 2073 400 tv.
3199 353 3304 412 574

92 472 194 511 non
224 456 381 513 habet
408 456 670 520 diabolus,
700 455 792 508 sed
823 455 1044 509 vivendo
1064 455 1350 509 secundum
1380 456 1634 523 seipsum,
1667 460 1710 520 Α
1740 446 2028 524 sanamque
2072 456 2362 509 doctrinam
2382 497 2398 522 ,
2435 458 2576 514 cives
2604 470 2804 516 sancta:
2856 463 3085 517 civitatis
3120 464 3209 518 Dei
3249 467 3302 520 in

91 543 187 598 huc
217 555 315 606 est,
350 546 638 598 secundum
674 543 959 606 hominem,
991 533 1154 596 laetus
1184 552 1263 596 est
1294 547 1452 595 homo
1490 543 1637 596 simi-

91 639 154 692 lis
201 637 438 703 diabolo,
486 637 607 703 quia
645 645 699 688 et
733 636 818 690 ille
861 635 1149 688 secundum
1193 638 1421 701 seipsum
1461 636 1640 688 vivere

90 727 280 789 voluit,
308 728 517 794 quando
542 727 592 779 in
619 728 838 780 veritate
876 741 980 779 non
1012 725 1149 779 stctii
1174 765 1188 786 ,
1213 737 1266 777 ut
1298 740 1400 779 non
1430 725 1496 779 de
1526 725 1636 790 Dei,

87 818 282 872 aaddc
310 834 408 872 suo
454 819 783 872 mendacium
824 818 1148 884 loqueretur,
1185 819 1270 884 qui
1317 833 1419 870 non
1467 805 1649 870 solum

87 905 342 968 mendas.
373 922 553 960 verum
582 906 740 959 etiam
790 906 1046 958 mendacii
1091 918 1237 972 pater
1281 915 1405 982 est:
1440 909 1638 972 primus

87 1007 165 1050 est
192 997 387 1064 quippe
411 995 683 1059 mentitus,
720 1003 772 1047 ct
799 1009 826 1046 a
856 1011 960 1062 quo
991 1007 1286 1062 peccatum,
1319 996 1385 1048 ah
1414 997 1503 1049 illo
1531 1011 1639 1050 coa-

85 1083 157 1149 pit
176 1096 298 1136 esse
323 1082 676 1134 mendacium.
701 1078 829 1133 Cum
859 1095 986 1148 ergo
1016 1081 1142 1132 vivit
1173 1080 1328 1134 homo
1349 1083 1635 1134 secumlum

85 1173 369 1236 hominem,
401 1189 503 1224 non
535 1172 821 1226 secundum
854 1173 1036 1238 Deum,
1065 1173 1253 1225 similis
1283 1182 1363 1224 est
1404 1174 1634 1227 diabolo.

83 1259 192 1313 Non
223 1275 291 1314 ex
319 1275 480 1315 carne
508 1271 707 1314 tantntn
740 1258 968 1314 afﬁcitur
990 1263 1181 1325 anima,
1213 1271 1266 1314 ut
1295 1263 1494 1329 cupiat,
1529 1279 1639 1316 me-

93 1355 224 1412 tuat,
270 1349 500 1415 laetetur,
543 1359 816 1419 :rgrescat,
844 1366 1024 1405 verum
1057 1351 1215 1404 etiam
1245 1364 1307 1404 ex
1343 1353 1515 1419 seipsa
1557 1352 1638 1406 his

85 1441 507 1504 potest/motibus
535 1442 741 1510 agitari.
773 1441 999 1496 Interest
1025 1451 1202 1496 autem
1256 1443 1428 1508 qualis
1451 1443 1520 1498 sit
1548 1460 1639 1498 vo-

86 1527 258 1582 luntas
285 1529 673 1596 hominis,quia
697 1531 738 1583 si
770 1544 1013 1598 perversa
1042 1542 1140 1596 est,
1169 1547 1448 1598 perversos
1480 1534 1638 1588 babe-

85 1617 158 1669 bit
192 1621 290 1671 hos
315 1628 489 1673 motus
527 1636 542 1685 ;
568 1619 610 1672 si
636 1627 811 1672 autem
840 1629 980 1673 reeta
1007 1629 1108 1683 est,
1143 1635 1242 1672 non
1272 1620 1638 1672 solnm'incnl-

86 1709 316 1775 pabiles,
360 1727 540 1766 verum
583 1713 742 1766 etiam
810 1713 1096 1767 laudabiles
1141 1725 1330 1778 erunt;
1391 1715 1634 1768 voluntas

1743 545 1900 614 hujus
1928 546 2048 598 vita:
2093 547 2537 616 peregrinatione,
2587 553 2876 608 secundum
2924 554 3089 608 Deum
3123 557 3303 610 viven-

1741 646 1854 698 tes,
1899 643 2136 688 metuunt
2182 637 2572 708 cupiuntque,”
2603 640 2780 696 dolent
2828 646 3199 714 gaudentque;
3251 657 3301 700 οι

1738 727 1857 794 quia
1890 723 2063 779 rectus
2093 738 2170 779 est
2203 743 2353 781 amor
2391 744 2596 793 eorum,
2629 732 2755 785 istas
2783 748 2964 789 omnes
2994 737 3304 791 allectiones

1738 825 1913 868 rectas
1962 814 2193 868 habent:
2229 825 2472 871 metuunt
2511 834 2719 886 ptenam
2763 834 3035 891 aeternam,
3085 830 3306 895 eupiunt

1739 906 1895 958 vitam
1919 915 2190 969 :eternam,
2220 906 2403 960 dolent
2428 909 2478 960 in
2511 925 2586 974 re,
2614 911 2736 980 quia
2775 901 2871 980 ipsi
2921 914 2970 965 in
3003 917 3302 980 semetipsis

1742 996 1916 1050 adhuc
1945 999 2658 1068 ἰιιεειιιίεινιιιιιβόοριίοηειῐι
2679 1012 3069 1071 exspectantes.
3097 1009 3304 1060 tedem-

1741 1087 1971 1153 ptionem
2020 1088 2260 1154 corporis
2310 1091 2422 1155 sui;
2471 1093 2699 1158 gaudent
2745 1093 2796 1145 in
2853 1110 2976 1162 spe,
3032 1098 3151 1163 quia
3212 1097 3302 1148 liet

1737 1192 1917 1231 sermo
1939 1180 2024 1246 qui
2071 1180 2299 1245 scriptus
2328 1190 2409 1232 est
2435 1198 2446 1231 :
2481 1182 2737 1249 Absiirpta
2782 1193 2862 1236 est
2885 1201 3026 1238 mors
3056 1187 3106 1238 in
3137 1186 3306 1238 vii-to-

1737 1271 1890 1323 riam.
1935 1268 2061 1322 Item
2093 1279 2336 1323 metuunt
2381 1261 2632 1337 peccare,
2667 1275 2882 1340 cupiunt
2929 1288 3299 1341 perseverare,

1737 1357 1919 1413 dolent
1965 1360 2017 1412 in
2065 1361 2314 1426 peccatis,
2365 1364 2591 1429 gaudent
2635 1365 2683 1418 in
2723 1366 2970 1435 operibus
3013 1367 3183 1420 bonis.
3237 1367 3305 1421 Ut

1736 1452 1877 1504 enim
1907 1461 2142 1504 metuant
2192 1465 2432 1518 peccare,
2478 1456 2699 1507 audiunt
2731 1473 2743 1507 :
2771 1457 3029 1521 Quoniam
3060 1458 3297 1510 abunda-

1711 1541 1814 1600 bit
1845 1541 2118 1607 iniquitas,
2154 1541 2464 1611 refrigescet
2501 1544 2734 1598 charitas
2766 1547 3072 1602 multorum.
3111 1548 3177 1600 Ut
3207 1564 3301 1600 cu-

1742 1629 1886 1695 piant
1918 1645 2262 1696 perseverare
2281 1671 2294 1692 .
2340 1633 2560 1686 audiunt
2587 1636 2724 1702 quod
2762 1637 3015 1704 scriptum
3057 1649 3136 1690 est
3163 1655 3174 1688 :
3200 1637 3299 1702 Qui

1745 1725 2159 1786 persevuraverit
2191 1736 2356 1787 usque
2396 1725 2445 1774 in
2491 1723 2677 1788 linem,
2723 1728 2898 1777 Salvus
2927 1728 3046 1780 erit.
3095 1727 3162 1781 Ut
3200 1728 3300 1779 dn-

82 1802 270 1868 quippe
290 1811 371 1856 est
397 1803 447 1854 in
478 1803 743 1866 omnibus.
791 1802 899 1856 imo
923 1817 1106 1856 omnes
1138 1803 1267 1856 nihil
1296 1805 1436 1856 aliud
1469 1819 1625 1874 quam
1665 1806 1710 1863 Β
1742 1808 1886 1861 lcant
1915 1810 1965 1861 itt
1996 1810 2246 1876 peccatis,
2281 1813 2498 1865 audiunt
2527 1832 2540 1865 :
2569 1814 2621 1867 Si
2654 1816 2939 1870 tlixctimus
2962 1819 3079 1885 quia
3117 1833 3301 1886 pecco-

83 1893 375 1947 voluntates
406 1904 552 1949 sunt.
599 1894 725 1948 Nam
764 1895 887 1962 quid
930 1905 1011 1949 est
1051 1896 1311 1964 cupiditas
1337 1906 1392 1950 et
1423 1899 1624 1964 laetitia,

86 1982 180 2035 nisi
213 1984 460 2039 voluntas
485 1987 536 2038 in
562 1999 744 2039 eorum
773 1986 1121 2040 ’consensione
1142 2001 1258 2055 quae
1283 1988 1552 2040 volumus?
1580 2000 1632 2042 et

85 2070 202 2137 quid
231 2082 313 2124 est
355 2081 527 2126 metus
556 2084 712 2143 atque
747 2075 984 2139 tristitia,
1035 2075 1136 2128 nisi
1163 2076 1406 2130 voluntas
1437 2078 1485 2130 in
1527 2078 1632 2131 dis-

88 2164 331 2217 sensione
358 2164 427 2217 ab
451 2164 530 2218 his
552 2181 670 2233 qua:
697 2164 972 2219 nubimus?
992 2165 1093 2219 Sed
1121 2182 1240 2219 cum
1267 2166 1632 2221 consentimus

83 2252 370 2320 appetendo
399 2268 458 2306 ea
498 2269 616 2322 qua:
655 2255 918 2318 volumus,
957 2253 1240 2321 cupiditas;
1288 2272 1406 2309 cum
1453 2271 1626 2310 au'em
1668 2291 1672 2294 η

84 2343 433 2396 consentimus
463 2343 682 2398 fruendo
705 2345 783 2397 his
813 2360 931 2413 quae
951 2347 1210 2410 volumus,
1261 2348 1440 2399 laetitia
1475 2363 1631 2400 voca-

83 2440 180 2484 tur.
237 2435 464 2501 ltemque
518 2449 636 2488 cum
702 2436 1039 2489 dissentimus
1104 2437 1171 2490 ab
1233 2452 1298 2491 eo
1358 2441 1496 2507 quod
1543 2456 1628 2492 ac-

82 2521 250 2577 cidere
311 2525 592 2588 nolumus,
643 2527 761 2579 talis
823 2529 1061 2582 voluntas
1112 2539 1280 2582 metus
1336 2545 1445 2595 es';
1508 2546 1626 2585 cum

81 2630 247 2675 autem
303 2623 642 2677 dissentimus
696 2625 764 2675 ab
822 2640 884 2678 eo
939 2626 1077 2694 quod
1136 2627 1434 2681 nolentibus
1490 2629 1630 2683 acci-

83 2717 174 2780 (lit.
200 2720 317 2773 talis
359 2723 602 2775 voluntas
652 2722 862 2774 tristitia
893 2734 1011 2786 est;
1044 2733 1096 2777 et
1141 2726 1374 2791 omnino,
1423 2743 1514 2792 pro
1545 2743 1634 2780 ta-

85 2816 261 2874 rietate
313 2836 490 2875 rerum
549 2835 665 2888 qua:
729 2830 1046 2891 appetuntur
1100 2833 1256 2892 atque
1315 2825 1626 2893 luginntur,

83 2915 214 2970 sicut
235 2919 462 2973 allicitur
502 2919 585 2972 vel
623 2919 904 2973 offenditur
924 2924 1162 2975 voluntas
1187 2924 1434 2989 hominis,
1474 2927 1539 2977 ita
1576 2926 1626 2980 in

88 3018 175 3069 bos
200 3018 278 3070 vel
310 3017 359 3071 in
382 3018 502 3072 illos
529 3019 748 3095 affectus
770 3029 1000 3074 mutatur
1022 3031 1075 3075 et
1095 3004 1332 3077 vertitur.
1349 3026 1626 3094 Quaprop-

90 3123 161 3166 ter
180 3114 352 3180 homo,
375 3119 462 3184 qui
486 3118 772 3171 secundum
797 3119 982 3192 Deum,
1008 3136 1107 3174 ιιοιι
1135 3126 1420 3178 secundum
1459 3127 1626 3179 hemi-

86 3228 196 3268 nem
217 3215 362 3281 vivit,
385 3227 589 3285 oportet
613 3227 667 3270 ut
707 3219 775 3270 sit
800 3229 1005 3272 amator
1029 3222 1170 3284 boni,
1201 3225 1337 3276 unde
1363 3226 1416 3276 lit
1440 3241 1627 3279 conse-

88 3327 237 3380 quens
257 3326 310 3369 ut
328 3317 521 3370 malum
545 3314 714 3371 oderit
738 3334 750 3370 :
774 3328 823 3372 et
845 3309 1092 3387 qtioniaan
1119 3338 1273 3375 nemo
1298 3323 1504 3389 natura,
1528 3326 1623 3378 sed

87 3403 306 3474 quisquis
330 3407 496 3459 malus
518 3415 617 3469 est,
645 3408 769 3460 vitio
801 3411 968 3464 malus
1008 3413 1422 3480 e~t,'perl‘ertum
1448 3417 1623 3469 odium

89 3505 230 3560 debet
276 3508 426 3560 malis
447 3510 533 3576 qui
561 3510 848 3563 secundum
869 3512 1027 3565 Deum
1052 3514 1197 3578 vivit,
1218 3526 1269 3565 ut
1301 3531 1398 3568 nec
1417 3526 1628 3584 propter

89 3595 257 3653 Vitium
277 3589 449 3654 oderit
478 3599 768 3664 hominem,
796 3617 892 3656 nec
919 3615 1054 3656 amet
1085 3606 1265 3658 vitium
1293 3618 1505 3674 propter
1531 3609 1626 3660 ho-

89 3687 287 3758 minem,
319 3690 411 3745 sed
436 3690 608 3744 oderit
635 3692 817 3744 vitium
854 3703 905 3746 et
932 3704 1073 3746 amet
1109 3694 1402 3760 hominum;
1435 3706 1621 3750 sanato

88 3779 210 3832 enim
237 3783 380 3842 vitio.
415 3791 582 3835 tetum
603 3783 742 3849 quod
761 3797 968 3850 amare,
1003 3785 1132 3838 nihil
1155 3796 1332 3839 autem
1363 3789 1502 3854 quod
1528 3789 1623 3841 de-

88 3863 194 3921 beat
223 3857 416 3934 odistse,
460 3871 772 3924 remanebit.
817 3873 945 3926 Nam
984 3865 1134 3941 cuius
1173 3879 1497 3943 propositum
1542 3890 1624 3933 est

88 3965 245 4013 amare
275 3957 463 4027 Deum,
493 3970 546 4011 et
567 3975 669 4013 non
699 3951 984 4016 sccundum
1009 3966 1290 4030 hominem,
1315 3968 1405 4019 Sed
1438 3983 1624 4022 secun-

89 4044 198 4100 dum
240 4049 402 4103 Deum
439 4064 618 4102 amare
646 4052 963 4117 proximum,
1013 4056 1148 4108 sicut
1173 4057 1335 4112 etiam
1364 4059 1620 4129 seipsum,

90 4139 409 4200 proculdubio
449 4151 666 4207 propter
703 4141 842 4194 hunc
894 4159 1128 4198 amorem
1158 4148 1351 4201 dicitur
1378 4149 1620 4204 volunta-

89 4215 146 4279 tis
168 4227 333 4292 boum,
360 4244 478 4296 qua:
508 4230 750 4283 usitatius
776 4233 825 4283 itt
852 4232 1137 4302 Scripturis
1163 4238 1362 4291 sanctis
1388 4239 1626 4294 chat-itas

89 4320 394 4388 appellatur;
425 4322 519 4376 sed
549 4336 698 4375 amor
727 4339 933 4393 quoque
972 4329 1259 4380 secundum
1287 4331 1498 4384 easdem
1527 4345 1634 4386 sa-‘

88 4420 190 4464 cras
215 4411 412 4466 litteras
449 4410 661 4466 dicitur.
693 4412 943 4468 Nonnulli
984 4416 1303 4471 arbitrantur
1329 4420 1470 4473 aliud
1500 4436 1619 4476 esse

91 4495 430 4566 dilectionem,
462 4502 574 4556 sive
601 4502 931 4568 charitatem,
962 4506 1101 4558 aliud
1131 4521 1362 4562 amorem
1393 4525 1406 4561 ε
1439 4509 1617 4564 dicunt
1645 4514 1695 4572 1)
1722 4495 1877 4595 ιηηίη
1906 4531 2109 4592 mundi.
2161 4531 2245 4583 cui

90 4588 212 4643 enim
248 4589 595 4645 dilectionem.
622 4593 982 4660 accipiendam
1013 4597 1062 4658 in
1089 4596 1247 4662 bono,
1297 4614 1533 4654 amorem
1562 4601 1614 4656 in

91 4679 226 4734 Italo.
272 4681 367 4736 Sic
392 4691 566 4735 autem
593 4696 689 4736 nec
717 4683 860 4752 ipsos
896 4696 1140 4740 auctores
1167 4687 1496 4742 szecularium
1529 4691 1615 4744 lit-

90 4774 293 4825 terarum
323 4772 527 4826 locutos
552 4785 671 4828 esse
709 4775 1058 4828 certissimum
1103 4784 1207 4830 est.
1247 4776 1408 4831 Recta
1441 4778 1616 4846 itaque

91 4857 310 4914 Voluntas
356 4869 436 4914 est
483 4859 652 4914 bonus
678 4876 847 4929 amor,
879 4871 934 4942 et
962 4866 1199 4919 voluntas
1226 4881 1470 4933 perversa
1501 4885 1614 4922 ma-

89 4954 157 5012 lus
171 4976 331 5016 amor.
355 4962 409 5031 6
431 4962 591 5016 Amor
613 4975 740 5030 ergo
763 4962 979 5041 inhians
1007 4965 1198 5020 habere
1221 4966 1359 5035 quod
1380 4976 1610 5032 amatur,

89 5060 325 5125 cupiditas
354 5070 474 5124 est;
507 5060 557 5114 id
607 5070 784 5115 autem
815 5060 1014 5116 habens
1051 5072 1208 5131 atque
1255 5064 1452 5131 fruens,
1485 5067 1616 5119 laeti-

90 5149 144 5201 tia
161 5161 236 5206 est
264 5169 279 5205 :
311 5153 514 5220 lugiens
539 5150 676 5220 quod
696 5153 742 5206 ei
764 5153 1087 5215 adversatur.
1118 5156 1272 5208 timor
1300 5165 1381 5209 est
1410 5173 1422 5207 :
1458 5156 1614 5223 idque

90 5239 124 5288 si
148 5243 384 5299 acciderit
411 5243 670 5307 sentiens,
698 5242 908 5295 tristitia
935 5255 1034 5298 est.
1065 5243 1290 5299 Proinde
1329 5247 1464 5298 mala
1492 5256 1614 5299 sunt

92 5327 189 5392 ista,
214 5332 257 5384 si
285 5333 450 5385 malus
489 5345 641 5384 amor
675 5341 756 5384 est
784 5347 799 5391 ;
825 5333 982 5399 bona,
1009 5321 1048 5386 si
1078 5335 1264 5388 bonus.
1299 5334 1485 5386 Verum
1533 5334 1613 5387 his

95 5419 410 5492 philosophis.
437 5423 576 5490 quod
598 5425 662 5477 ad
691 5426 841 5478 istam
863 5425 1200 5493 qna-stionem
1221 5426 1288 5480 de
1313 5427 1469 5479 animi
1499 5441 1614 5494 per-

97 5516 452 5586 turbationibus
471 5516 677 5580 attinet,
690 5516 796 5584 jam
825 5517 1194 5585 respondimus
1211 5518 1272 5586 in
1294 5533 1432 5571 nono
1459 5517 1612 5582 hujus

92 5583 414 5670 opetis'libro
441 5645 456 5670 ,
508 5583 850 5661 ostendentes
892 5583 988 5661 eos
1033 5622 1136 5661 non
1187 5583 1289 5659 tam
1338 5607 1404 5661 de
1452 5606 1610 5660 rebus

95 5711 220 5760 quam
251 5699 314 5754 de
351 5697 547 5760 verbis,
597 5697 893 5765 cupidiorcs
921 5713 1040 5752 esse
1067 5698 1417 5752 Contentionis
1445 5713 1602 5765 quam

96 5799 228 5842 tenta
256 5790 316 5843 is.
349 5787 494 5858 Apud
538 5802 636 5843 nos
659 5785 853 5853 autem,
884 5788 1027 5857 juxta
1056 5788 1356 5857 Scriptores
1395 5797 1602 5842 sanctas

1736 1910 1842 1952 tum
1875 1918 1974 1952 nun
2003 1901 2278 1966 habemus,
2307 1904 2549 1971 nosipsos
2578 1906 2902 1974 seducimus,
2934 1918 2986 1962 et
3009 1910 3204 1963 veritas
3236 1909 3291 1963 in

1735 1989 1888 2043 nobis
1927 2004 2028 2042 non
2059 1999 2162 2043 est.
2208 1991 2275 2045 Ut
2303 1993 2566 2059 gaudeant
2617 1996 2666 2046 in
2699 1998 2952 2063 operibus
2990 1999 3160 2063 lmnis,
3209 2015 3302 2052 au-

1732 2080 1884 2133 dittttt
1917 2097 1928 2131 :
1968 2082 2194 2134 Hilarem
2227 2084 2465 2137 datorem
2492 2085 2660 2152 diligit
2694 2087 3026 2151 Deus-Item,
3053 2091 3209 2144 sicuti
3240 2107 3300 2144 se

1734 2171 2012 2225 inlirmitas
2036 2188 2218 2225 eorum
2265 2174 2585 2256 ﬁrmitasque
2612 2180 2876 2243 habuerit,
2913 2191 3152 2235 metuunt
3183 2194 3295 2236 teu-

1735 2265 1854 2323 tari,
1896 2263 2112 2329 cupiunt
2151 2266 2341 2318 tcutari
2372 2283 2385 2318 :
2416 2268 2594 2320 dolent
2629 2271 2676 2321 itt
2725 2272 3119 2337 tentatiOnilius,
3161 2292 3294 2344 gau-

1732 2354 1856 2406 dent
1887 2355 1937 2407 in
1973 2359 2368 2412 Ieulatiouihus.
2403 2359 2468 2413 Ut
2507 2363 2643 2412 ιιιιῖιιι
2672 2374 2903 2415 metuant
2946 2370 3157 2431 tentari,
3189 2386 3285 2421 att-

1733 2444 1884 2498 diunt
1917 2462 1928 2496 :
1954 2445 2008 2498 Si
2030 2449 2149 2513 quis
2181 2463 2574 2516 prmovcupatm
2603 2451 2757 2506 fuerit
2789 2456 2838 2507 in
2862 2437 3038 2524 aliquo
3069 2459 3232 2512 delict
3253 2481 3288 2530 t,

1733 2548 1826 2585 vos
1857 2535 1943 2602 qtti
1965 2535 2232 2600 spiritales
2260 2540 2412 2602 estis,
2443 2541 2683 2594 instt'uite
2708 2544 3005 2610 ltujusmudi
3032 2548 3079 2599 itt
3102 2551 3294 2616 Spiritu

1733 2628 2169 2690 mansuetudinis,
2219 2630 2496 2685 intendens
2531 2637 2885 2703 temetipsum,
2921 2655 2985 2693 ne
3015 2650 3066 2693 et
3097 2651 3148 2694 tu
3181 2653 3293 2696 ten-

1733 2717 1879 2769 teris.
1907 2717 1974 2770 Ut
2000 2727 2176 2772 autem
2208 2721 2420 2788 cupiant
2442 2728 2881 2788 tentari,audinnt
2910 2731 3078 2786 virum
3110 2750 3296 2802 quem-

1730 2805 1850 2856 dam
1920 2806 2107 2860 l'ortem
2163 2810 2390 2864 civitatis
2450 2812 2539 2866 Dei
2581 2815 2842 2871 dicentem
2897 2837 2913 2872 :
2971 2821 3137 2873 l’roba
3179 2839 3285 2889 me,

1735 2893 1974 2960 Domine,
2005 2906 2056 2950 et
2088 2907 2228 2958 tenta
2264 2916 2347 2952 me
2377 2917 2390 2964 ;
2425 2919 2516 2956 ure
2548 2920 2701 2959 renes
2731 2923 2875 2961 meos
2899 2921 2952 2963 et
2976 2925 3068 2964 cor
3097 2928 3292 2970 meum.

1731 2983 1799 3038 Ut
1818 2986 2032 3040 dol'eant
2071 2988 2121 3040 in
2153 2980 2554 3062 tentationibus,
2597 2998 2776 3052 vident
2807 2999 3014 3056 Petrum
3046 3003 3292 3073 ﬂentem;

1732 3084 1785 3128 ut
1823 3079 2084 3144 gaudeant
2123 3081 2174 3133 in
2216 3085 2616 3151 tentationibus,
2659 3091 2876 3144 audiunt
2913 3080 3168 3150 Jacohnm
3215 3099 3267 3151 di

1657 3168 1700 3228 C
1734 3177 1942 3220 centcm
1985 3170 2202 3224 :Otnne
2254 3174 2499 3240 gaudium
2557 3179 2874 3246 existimate,
2900 3177 3120 3237 "fratres
3166 3187 3290 3249 mei,

1730 3270 1848 3308 cum
1874 3257 1921 3309 in
1951 3262 2267 3315 tentationes
2291 3266 2460 3317 vari-is
2489 3267 2797 3324 iuci-leritis.
2844 3271 2883 3322 Ν
2925 3288 2953 3323 ιι
2982 3288 3006 3324 s
3029 3277 3150 3325 ιιιιιιι
3185 3290 3279 3328 au-

1724 3355 1835 3400 tem
1881 3361 2095 3418 propter
2145 3356 2348 3421 seipsos
2397 3357 2476 3410 his
2526 3374 2804 3413 moventur
2850 3363 3146 3430 aﬂcctibus,
3198 3384 3290 3421 ve-

1728 3441 2004 3492 rttmetiatn
2053 3456 2266 3510 propter
2296 3461 2386 3497 eos
2431 3464 2562 3512 quos
2609 3451 2822 3504 liberari
2861 3453 3096 3520 cupiunt,
3128 3468 3181 3509 et
3227 3475 3291 3513 ne

1731 3542 1945 3596 pereant
1972 3543 2228 3597 metuunt,
2261 3546 2313 3588 et
2341 3538 2526 3608 dolent
2555 3541 2613 3592 si
2634 3555 2872 3607 pereant,
2902 3557 2954 3597 et
2983 3547 3216 3612 gaudent
3245 3551 3289 3602 si

1728 3621 2036 3674 liberantur.
2072 3624 2220 3677 Illum
2248 3628 2441 3694 quippe
2471 3631 2632 3698 optim
2659 3650 2722 3684 ιιι]
2754 3642 2808 3686 ct
2836 3633 3179 3690 fortissimum
3213 3642 3286 3692 vi-

1727 3726 1861 3772 rum,
1893 3716 1978 3778 qui
2014 3712 2065 3766 in
2097 3717 2208 3766 suis
2233 3716 2624 3774 inﬁrmitatibus
2654 3723 2926 3789 gloriatur,
2957 3737 3008 3778 nt
3034 3743 3155 3782 eum
3192 3747 3285 3795 po-

1727 3801 1984 3856 tissitnum
2014 3817 2515 3875 commemoramus,
2545 3813 2632 3880 qui
2675 3815 2724 3866 itt
2752 3816 3038 3870 Ecclesium
3087 3819 3286 3876 Chriin

1722 3907 1783 3946 ex
1808 3895 2048 3961 gentibus
2065 3897 2322 3960 venimus,
2343 3900 2615 3954 Ductorem
2632 3907 2866 3972 gemiqu
2899 3909 2951 3960 in
2976 3908 3077 3962 llde
3116 3919 3170 3963 ct
3197 3927 3286 3963 vc-

1723 3984 1897 4046 ritate,
1926 3985 2013 4063 qui
2041 3998 2093 4040 et
2123 3988 2238 4055 plus
2254 3991 2500 4043 omnibus
2527 3994 2638 4046 suis
2663 3997 2978 4062 coapostolis
3005 3999 3282 4063 laboravit,

1721 4088 1786 4126 ex
1836 4060 2068 4142 pluribus
2103 4072 2365 4156 Epistolis"
2403 4081 2623 4148 populos
2665 4060 2776 4145 Dei,
2821 4100 2923 4139 non
2954 4103 3047 4140 eos
3079 4060 3284 4146 tantum

1721 4163 1807 4232 qui
1841 4175 2124 4233 presentes
2149 4168 2231 4231 ab,
2259 4169 2350 4222 illo
2379 4171 2710 4236 videbantur,
2740 4189 2920 4229 verum
2958 4178 3117 4232 etiam
3158 4182 3281 4236 illos

1719 4256 1807 4324 qui
1839 4255 1996 4310 futuri
2032 4260 2460 4324 przevidebantur
2501 4261 2792 4327 instruxit;
2827 4265 2998 4331 illum,
3037 4270 3271 4337 inquam,

1720 4346 1908 4411 virum,
1939 4347 2194 4401 athletam
2235 4350 2457 4414 Christi,
2486 4351 2696 4406 doctum
2727 4355 2795 4409 ab
2821 4358 2928 4420 illo,
2963 4371 3176 4414 unctum
3209 4364 3277 4417 de

1716 4437 1834 4502 illo,
1863 4438 2179 4492 cruciﬁxum
2203 4455 2320 4494 cmn
2353 4443 2764 4510 illo.gloriosum
2799 4447 2850 4500 itt
2873 4447 2980 4515 illo,
3004 4451 3053 4502 iu
3079 4452 3282 4505 theatro

2291 4535 2648 4600 spectaculum
2688 4514 2858 4590 [aetiis
2886 4514 2973 4591 est
2994 4542 3197 4608 angelis
3226 4552 3282 4596 et

1721 4615 2045 4680 hominibus,
2080 4617 2308 4686 legitime
2338 4635 2583 4689 magnum
2612 4637 2833 4690 agonem
2864 4637 3193 4693 certantem,
3221 4640 3276 4684 et

1722 4705 1951 4771 palmam
1982 4721 2226 4776 superna:
2251 4712 2544 4769 vocationis
2573 4713 2625 4765 in
2663 4717 2933 4769 anteriora
2965 4729 3278 4786 sectantem,

1718 4797 1883 4849 oculis
1951 4797 2071 4851 ﬁdei
2143 4799 2494 4854 libentissime
2544 4814 2823 4871 spectant,
2869 4807 3097 4875 gaudere
3154 4824 3276 4864 cum

1716 4885 2105 4951 gaudentibus,
2159 4887 2288 4942 ﬂere
2336 4905 2455 4943 cum
2499 4891 2770 4958 ﬂentibus,
2820 4894 2952 4949 foris
3000 4897 3277 4954 habentem

1718 4989 1942 5044 pugnas,
1991 4976 2134 5030 intus
2183 4979 2417 5045 timores,
2467 4983 2764 5050 cupientem
2812 4983 3024 5039 dissolvi
3068 4997 3121 5040 et
3159 5003 3279 5042 csse

1717 5076 1838 5115 cum
1866 5063 2102 5128 Christo,
2134 5066 2526 5122 desiderantem
2563 5070 2743 5144 videre
2773 5068 3061 5138 Romanos,
3093 5083 3150 5127 ut
3179 5077 3276 5128 ali-

1715 5168 1870 5222 quem
1904 5156 2131 5210 fructum
2163 5157 2356 5212 habeat
2405 5170 2459 5213 et
2497 5161 2549 5214 in
2577 5162 2702 5225 illis,
2737 5161 2873 5218 sicut
2901 5172 2955 5218 et
2985 5166 3035 5218 in
3065 5168 3276 5223 cznteris

1714 5244 1979 5311 gentibus,
2006 5248 2343 5303 :emulantem
2369 5249 2693 5317 Corinthios,
2722 5265 2773 5308 et
2797 5254 2908 5322 ipsa
2937 5258 3278 5312 aemulatione

1716 5349 2062 5402 metuentem,
2095 5355 2160 5394 ne
2189 5343 2508 5396 seducautur
2547 5359 2730 5398 eorum
2781 5356 2984 5401 mentes
3028 5363 3055 5400 a
3083 5352 3273 5403 casti-

1719 5435 1822 5481 tate
1841 5443 1959 5497 qua:
1988 5428 2038 5481 in
2064 5428 2276 5485 Christo
2304 5442 2416 5498 est,
2451 5448 2692 5502 magnam
2723 5438 2991 5490 tristitiam
3022 5449 3074 5494 et
3101 5443 3274 5494 conti-

1715 5533 1875 5572 nuum
1925 5520 2165 5574 dolorem
2215 5523 2393 5576 rordis
2436 5525 2519 5578 sui
2563 5524 2628 5578 de
2675 5523 2927 5581 lsraclitis
2965 5528 3269 5598 habentem,

1710 5608 1849 5675 quod
1877 5608 2180 5675 ignorantes
2213 5612 2300 5666 Dei
2324 5610 2607 5680 justitiam,
2637 5626 2687 5668 et
2715 5629 2860 5669 suam
2889 5618 3133 5673 volentes
3163 5631 3272 5673 sta-

1710 5707 1877 5763 nere,
1905 5699 2126 5765 iustitia:
2167 5701 2260 5754 Dei
2294 5717 2396 5756 non
2426 5697 2533 5758 sint
2560 5706 2803 5773 sulqecti,
2837 5722 2933 5760 nec
2960 5709 3132 5764 solum
3174 5710 3273 5765 do-

1706 5788 1892 5855 lurcm,
1926 5804 2105 5846 verum
2149 5792 2306 5848 etiam
2338 5793 2534 5849 luctum
2568 5810 2718 5851 suum
2748 5795 3146 5856 denuntiantem
3200 5799 3272 5857 du
