3862 6222
533 222 632 273 5-75

1619 216 1679 267 D.
1723 214 2033 268 I'ZL'GYPPII
2075 211 2360 268 ABDATIS
2401 213 2710 268 AFliICAM

3614 210 3706 260 :75!

531 333 836 400 quibusdam
870 333 954 400 qui
988 342 1105 385 ante
1137 338 1482 397 peccaverunt
1507 337 1560 382 et.
1584 344 1685 381 nou
1717 337 1938 396 egerunt
1966 344 2074 396 pm—
2105 329 2151 385 Α
2178 337 2227 378 et
2259 327 2427 378 amavi
2460 335 2526 380 te.
2557 326 2658 381 Sed
2687 325 2942 380 elcuelum
2971 334 3021 378 et
3053 332 3212 389 terra,
3241 332 3294 377 et
3320 322 3497 374 omnia
3526 338 3637 388 quae
3661 325 3703 370 ii

533 424 805 476 nitentiam
836 439 990 490 super
1019 420 1346 473 immunditia
1384 429 1436 473 et
1478 418 1908 472 fornicationilins
1946 419 2073 471 suis.

536 511 594 564 lli
629 529 676 564 ni
704 524 821 575 .tus,
875 512 923 564 hi
955 510 1196 570 atl'cctus,
1244 509 1310 560 de
1357 524 1538 561 amore
1570 508 1691 560 boni
1725 516 1778 559 ct
1806 507 1870 559 de
1900 518 2078 558 saneta

533 604 785 664 charitate
825 601 1114 661 venientes,
1163 601 1205 652 si
1241 601 1363 652 vitia
1394 599 1626 652 vocanda
1659 608 1802 658 sunt,
1845 598 2078 648 sinamus

535 701 588 744 nt
627 708 686 744 ea
721 707 838 757 qua:
880 706 1000 744 vere
1044 691 1168 742 vitia
1209 700 1330 742 sunt
1377 693 1594 743 virtutes
1641 697 1933 740 vocentur:
1985 687 2076 738 sed

536 797 648 832 cum
699 789 892 832 rectam
932 780 1185 831 rationem
1229 790 1516 847 sequantur
1581 779 1693 829 ista:
1754 773 2089 838 affectiones,

534 868 739 930 quando
778 868 860 918 ubi
892 878 1100 934 oportet
1146 868 1484 924 adhibentur,
1537 865 1655 930 quis
1684 879 1773 916 eas
1812 864 2078 916 m‘orliiilas

534 974 624 1010 seu
666 961 878 1011 vitiosas
926 962 1191 1026 paSsiones
1223 961 1411 1009 audi-at
1459 957 1672 1008 dicere?
1723 955 2078 1020 Quamobrem

533 1050 688 1097 etiam
723 1049 830 1114 ipse
894 1051 1141 1101 Iinuiiuus
1190 1050 1238 1100 in
1290 1047 1454 1098 forma
1490 1045 1576 1096 Dei
1622 1061 1775 1112 agere
1815 1045 1973 1095 vitam
2003 1041 2080 1094 di-

537 1148 724 1202 gnatus
768 1148 844 1190 est
895 1137 1191 1196 liuntanzun,
1243 1134 1334 1187 sed
1382 1134 1580 1186 nullum
1631 1133 1828 1186 habens
1866 1133 2080 1183 omnino

539 1238 833 1291 peccatum,
861 1227 1093 1275 adhibuit
1139 1238 1228 1274 eas
1275 1224 1356 1273 ubi
1390 1221 1715 1274 adhibendas
1741 1236 1858 1272 esse
1883 1221 2080 1286 judica-

539 1315 631 1365 \it.
662 1315 836 1380 quuc
860 1315 994 1364 cnim
1030 1313 1092 1363 in‘
1113 1326 1213 1376 quo
1242 1325 1419 1361 verum
1460 1318 1573 1360 erat
1607 1308 1831 1361 hominis
1860 1325 2075 1375 corpus.

539 1415 587 1453 ct
625 1417 775 1452 verus
816 1401 1038 1451 hominis
1067 1399 1292 1461 animus,
1340 1396 1502 1449 falsus
1542 1406 1654 1448 erat
1697 1395 1956 1448 humanus
1999 1397 2079 1447 al"-

543 1494 725 1542 tut-tus.
759 1490 886 1541 Cum
922 1504 1046 1555 ergo
1077 1489 1190 1554 ejus
1232 1487 1282 1538 in
1319 1486 1597 1553 Evangelia
1627 1485 1725 1538 ista
1757 1485 2079 1547 referuntur,

538 1581 671 1646 quod
703 1594 860 1643 super
889 1578 1130 1630 duritiam
1161 1574 1334 1628 contis
1361 1575 1659 1627 Iudaeorum
1701 1591 1818 1628 cum
1848 1574 1924 1626 ira
1951 1590 2079 1627 con-

2179 416 2256 468 eis
2285 426 2426 479 sunt,
2453 431 2575 476 ecce
2607 417 2834 483 undique
2866 415 2989 469 milii
3019 414 3199 468 dicunt
3247 423 3305 468 ut
3327 423 3378 466 te
3401 427 3590 474 amem,
3620 427 3705 463 ncc

2180 514 2389 558 ecssant
2436 506 2612 559 dicere
2644 506 2908 565 omnibus,
2943 515 2996 556 ut
3027 506 3128 557 sint
3175 503 3574 558 inexcusabilcs.
3623 503 3702 554 Al-

2180 593 2284 645 tius
2313 603 2485 645 autem
2517 603 2567 645 tu
2600 592 2933 646 misereberis
2981 592 3064 644 cui
3099 592 3346 645 misertus
3385 591 3509 654 eris,
3539 601 3590 645 et
3613 607 3702 644 mi-

2179 683 2518 735 scricordiam
2564 682 2838 750 prastabis
2880 682 2962 734 cui
3009 681 3308 733 misericors
3359 681 3516 733 fueris
3547 697 3560 743 ;
3590 681 3702 732 alin-

2179 772 2302 837 quin
2336 774 2523 825 ctutum
2563 782 2616 824 et
2659 781 2792 824 terra
2839 770 3011 824 surdis
3047 770 3330 837 loquuntur
3369 768 3546 823 Iaudes
3581 781 3701 822 tuas.

2179 859 2310 925 Quid
2342 871 2514 914 autem
2544 875 2683 923 amo,
2727 875 2844 912 cum
2876 868 2926 913 te
2954 859 3108 910 anno?
3137 873 3240 911 non
3280 859 3507 923 specicm
3539 872 3703 921 carpo.

2180 955 2272 1013 ris,
2304 967 2400 1003 nec
2455 951 2612 1003 decus
2646 950 2896 1018 temporis
2917 989 2930 1012 ,
2976 964 3078 1000 non
3109 948 3395 1000 candorem
3435 945 3559 997 lucis
3595 959 3703 997 ecce

2181 1043 2294 1095 istis
2319 1043 2544 1093 amicum
2575 1041 2762 1103 oculis,
2803 1055 2905 1091 nou
2939 1038 3119 1090 dulces
3156 1035 3412 1089 melodias
3441 1035 3702 1087 cantilcna-

2181 1145 2293 1182 rum
2337 1130 2784 1191 omnimodarum,
2829 1142 2931 1178 non
2969 1125 3152 1179 ﬂorum
3183 1134 3238 1178 et
3269 1134 3636 1192 unguentorum
3659 1133 3701 1174 ct

2180 1232 2473 1273 aromatum
2529 1218 2963 1282 suaveolentiam,
2996 1233 3096 1270 non
3125 1231 3314 1269 manna
3340 1226 3392 1267 et
3419 1214 3586 1273 mella,
3613 1231 3700 1262 non

2183 1313 2417 1364 membra
2462 1309 2802 1378 acceptabilia
2847 1309 3022 1361 carnis
3062 1307 3388 1372 amplexibus
3417 1319 3433 1366 ;
3461 1318 3559 1356 non
3605 1301 3700 1352 brc

2181 1416 2322 1463 amo,
2364 1416 2481 1453 eum
2521 1416 2641 1453 aruo
2696 1402 2856 1453 Deum
2901 1413 3095 1452 meum.
3151 1397 3200 1466 7
3254 1397 3319 1448 Et
3374 1404 3544 1446 tamen
3599 1408 3701 1444 auin

2181 1490 2461 1555 quamdam
2503 1490 2692 1551 lucem,
2724 1472 2777 1541 et
2815 1487 3093 1556 quamdam
3119 1500 3324 1551 vocem,
3366 1493 3420 1536 et
3446 1482 3697 1544 quemdam

2181 1579 2396 1632 odurrm
2425 1621 2438 1643 ,
2491 1592 2544 1634 et
2597 1580 2869 1648 quemdam
2915 1579 3126 1638 cibum,
3173 1585 3227 1629 et
3287 1574 3560 1642 quemdam
3607 1587 3699 1623 aui-

538 1672 772 1721 tri.~tatus
804 1671 909 1729 sit;
952 1668 1088 1735 quod
1135 1667 1325 1717 dixerit
1354 1681 1366 1716 :
1397 1665 1629 1718 Gaudeo-
1658 1681 1770 1733 pro:
1794 1673 1872 1717 ter
1899 1680 1989 1717 Vos
2028 1673 2082 1716 ut
2115 1661 2155 1717 Ii
2187 1668 2434 1735 plexum,
2488 1683 2606 1721 cum
2657 1682 2774 1723 amo
2827 1668 2986 1719 Deum
3031 1680 3229 1730 meum,
3273 1664 3464 1726 lucem,
3519 1675 3697 1722 vocem,

537 1761 793 1819 Credatis;
837 1757 975 1823 quod
1018 1757 1264 1809 Lazarum
1311 1756 1656 1806 susci'aturus
1701 1758 1855 1808 etiam
1908 1754 2078 1822 lacry-

537 1864 646 1899 tuas
681 1849 902 1908 fuderit;
957 1851 1092 1915 quod
1125 1845 1480 1910 concupiverit
1518 1832 1634 1895 cuin
1666 1845 1939 1910 disi'ipulis
1969 1845 2078 1894 suis

537 1939 855 1990 manducare
923 1939 1154 2002 [insi-lia;
1206 1935 1339 2002 quod
1399 1931 1783 2001 propinquante
1838 1935 2079 2000 passione

539 2025 704 2075 tristis
736 2025 888 2075 fuerit
919 2026 1087 2075 anima
1112 2023 1242 2090 ejus,
1273 2038 1373 2072 non
1403 2022 1530 2073 ta'so
1553 2021 1726 2087 utique
1758 2020 2074 2074 referuntur.

541 2111 728 2162 Verum
764 2112 848 2164 ille
878 2111 971 2163 hos
987 2122 1157 2162 motus
1172 2125 1326 2163 certa-
1345 2109 1755 2177 dispensationis
1777 2112 1966 2178 gratia,
1985 2112 2076 2174 ita,

540 2214 659 2250 cum
691 2199 872 2258 voluit,
899 2198 1128 2266 suscepit
1156 2199 1330 2249 animo
1348 2198 1596 2261 humano,
1639 2206 1715 2260 ut,
1747 2213 1864 2251 cum
1894 2200 2077 2263 voluit,

541 2289 706 2340 factus
735 2300 814 2339 est
855 2289 1027 2340 homo.
1059 2289 1297 2350 l‘roinde,
1325 2289 1460 2354 qunti
1495 2288 1760 2342 fatendum
1793 2298 1892 2350 est.
1922 2293 2079 2345 etiam

542 2393 652 2431 cum
676 2390 843 2430 rectas
868 2392 921 2433 et
947 2379 1234 2433 secundum
1268 2380 1427 2431 Deum
1445 2379 1699 2433 habemus
1729 2379 1822 2432 has
1843 2381 2081 2443 affectio-

542 2483 651 2529 nes,
689 2469 842 2534 hujus
871 2469 991 2520 vita:
1017 2479 1118 2529 est,
1149 2485 1252 2520 non
1294 2469 1428 2521 illius
1466 2485 1620 2535 quam
1651 2469 1875 2521 futuram
1905 2484 2084 2536 spera-

542 2569 673 2615 mus,
724 2565 776 2606 ct
814 2569 951 2621 sa'pe
983 2555 1082 2606 illis
1121 2558 1277 2608 etiam
1310 2553 1454 2606 inviti
1481 2555 1735 2608 cedimus.
1779 2556 1959 2624 Itaque
1984 2559 2082 2611 ali-

544 2645 777 2710 quando,
818 2645 1054 2712 quamvis
1087 2659 1191 2697 non
1237 2645 1482 2710 culpabili
1512 2645 1822 2712 cupiditate,
1853 2647 1947 2700 sed
1975 2647 2084 2699 Iau-

545 2733 699 2785 dalvili
753 2734 1006 2787 charitate
1034 2749 1357 2797 moveamur,
1390 2735 1547 2788 etiam
1580 2735 1701 2788 dum
1724 2735 1966 2788 nolumus
1989 2737 2081 2790 ﬂev-

544 2839 676 2876 mus.
732 2824 991 2876 Ilahemus
1018 2839 1142 2892 ergo
1170 2838 1258 2878 eas
1286 2839 1348 2878 ex
1382 2824 1622 2877 humana:
1659 2826 1977 2877 conditionis
2008 2826 2083 2877 in-

545 2914 948 2966 Iiruiitateznon
995 2923 1170 2967 autem
1214 2916 1282 2966 ita
1327 2912 1580 2968 Dominus
1625 2913 1798 2980 Iesus,
1839 2916 1988 2981 cujus
2034 2923 2086 2967 et

2178 1759 2416 1819 odorem,
2465 1759 2659 1821 cibum,
2707 1757 3006 1825 amplexum
3031 1755 3298 1807 interioris
3330 1753 3548 1806 hominis
3572 1753 3697 1802 mei:

2179 1847 2266 1899 ubi
2297 1846 2457 1914 fulget
2485 1848 2675 1899 animae
2707 1859 2838 1899 meae
2876 1843 3013 1912 quod
3050 1859 3151 1896 non
3178 1844 3318 1910 capit
3347 1842 3511 1902 locus,
3543 1850 3591 1892 et
3627 1839 3697 1890 ubi

2187 1949 2345 1990 sonat
2371 1939 2509 2006 quod
2542 1953 2645 1990 non
2674 1938 2810 2004 rapit
2837 1947 3059 2004 tempus,
3087 1947 3139 1989 et
3169 1937 3253 1988 ubi
3285 1936 3395 1988 olet
3438 1932 3569 2000 Quod
3613 1945 3698 1983 nun

2180 2031 2377 2096 spargit
2417 2029 2588 2086 tlatus,
2626 2037 2678 2080 et
2723 2029 2808 2079 ubi
2853 2027 2987 2094 sapit
3036 2027 3175 2094 quod
3228 2041 3333 2078 non
3379 2024 3560 2076 minuit
3593 2024 3697 2073 eda-

2180 2120 2348 2181 citas,
2378 2128 2430 2170 et
2456 2116 2541 2170 ubi
2584 2117 2746 2170 haeret
2774 2116 2912 2183 quod
2943 2130 3047 2169 non
3087 2117 3291 2169 dLveIlit
3336 2115 3575 2171 satietas;
3619 2112 3698 2162 hoc

2182 2218 2264 2260 est
2303 2207 2443 2274 quod
2495 2221 2636 2271 amo,
2686 2220 2803 2259 cum
2854 2207 3015 2258 Deum
3065 2219 3237 2258 meum
3291 2217 3432 2256 amo.
3491 2200 3552 2254 Et
3593 2199 3697 2267 quid

2181 2307 2263 2351 est
2316 2296 2448 2350 hoc?
2492 2297 2806 2365 Interrogavi
2857 2305 3048 2348 terrain
3074 2335 3090 2360 ,
3131 2303 3186 2347 et
3221 2293 3398 2347 dixit:
3440 2291 3546 2344 Non
3569 2306 3696 2351 sum,

2182 2397 2237 2440 et
2281 2400 2606 2455 qua'cunque
2637 2388 2684 2437 in
2723 2383 2906 2439 eadem
2945 2393 3087 2446 sunt,
3127 2383 3264 2437 idem
3307 2382 3544 2435 confessa
3579 2387 3697 2432 sunt.

2186 2475 2505 2544 Interrogavi
2549 2489 2692 2529 mare
2728 2481 2780 2528 et
2831 2473 3070 2542 abyssos,
3117 2483 3170 2526 et
3205 2469 3410 2538 reptiiia
3439 2468 3698 2521 animarum

2184 2547 2442 2628 vivarum,
2495 2572 2548 2618 et
2584 2559 3141 2631 responderunt:Non
3185 2572 3370 2611 sumus
3412 2556 3545 2609 Deus
3581 2565 3698 2616 tuus,

2183 2668 2359 2722 qurere
2379 2649 2536 2720 super
2558 2665 2673 2704 nos.
2697 2648 3012 2717 Interrogavi
3048 2661 3202 2701 auras
3230 2645 3452 2708 ﬂabiles,
3483 2654 3534 2698 et
3560 2642 3700 2710 inquit

2184 2739 2458 2793 unive:sus
2512 2753 2603 2790 aer
2657 2753 2772 2792 cum
2828 2737 3019 2791 incolis
3048 2733 3173 2789 'suis
3214 2751 3226 2785 :
3271 2733 3492 2787 Fallitur
3537 2732 3700 2784 Anaxi-

2185 2846 2402 2898 menes,
2438 2845 2543 2884 non
2566 2845 2679 2884 sum
2724 2829 2880 2883 Deus.
2927 2828 3242 2896 Interrogavi
3280 2826 3477 2880 calum
3499 2864 3513 2887 ,
3537 2824 3700 2883 solem,

2185 2925 2405 2990 limam,
2463 2922 2647 2976 stellas
2703 2919 2939 2988 :«Ncque
3008 2932 3106 2971 nos
3148 2930 3334 2975 sumus
3384 2915 3522 2969 Deus
3574 2929 3700 2982 quem

546 3007 819 3058 infirmitas
849 3006 943 3059 fuit
967 3022 1030 3060 ex
1063 3016 1344 3074 potestate;
1393 3006 1486 3060 sed
1514 3005 1638 3059 dum
1667 3007 1786 3059 vita:
1818 3006 1971 3072 hujus
2004 3008 2084 3059 in-
2113 3013 2156 3071 C
2186 3014 2378 3081 qttmris
2400 3053 2414 3075 ,
2445 3011 2709 3092 inquiunt.
2752 3010 2816 3063 Et
2839 3007 2947 3061 dixi
2985 3008 3230 3062 omnibus
3257 3005 3484 3074 liis-quae
3508 3006 3701 3059 circurn-

547 3097 845 3148 tirtnitatem
873 3098 1124 3165 gerimus,
1154 3097 1196 3149 si
1219 3112 1309 3151 eas
1336 3095 1554 3150 omnino
1579 3095 1748 3150 nullas
1778 3096 2083 3158 habeamus,

549 3193 670 3235 tunc
703 3186 876 3249 potius
923 3179 1024 3236 non
1059 3197 1202 3239 recte
1229 3185 1470 3238 vivimus.
1505 3186 1839 3252 Vituperabat
1871 3187 2007 3239 enim
2039 3199 2090 3240 et

547 3273 908 3325 detestabatur
963 3275 1242 3338 Apostolus
1293 3276 1489 3338 (Rom.
1522 3275 1580 3343 ι)
1632 3276 1908 3343 quosdam,
1961 3293 2092 3344 quos

547 3361 701 3415 etiam
727 3376 844 3415 esse
872 3363 1003 3416 dixit
1033 3363 1145 3417 sine
1171 3365 1463 3417 affectione.
1518 3365 1760 3433 Culpavit
1785 3367 1943 3420 etiam
1972 3367 2092 3420 illos

549 3465 700 3503 sacer
745 3452 1005 3517 Psalmus,
1059 3455 1125 3507 de
1169 3454 1356 3521 quibus
1379 3456 1452 3506 ait
1481 3471 1496 3507 :
1523 3454 1776 3518 Sustinui,
1806 3455 1894 3522 qui
1934 3454 2090 3508 simul

553 3541 1048 3603 contristaretnr,et
1070 3555 1172 3592 non
1203 3541 1318 3594 fuit.
1350 3541 1475 3593 Nam
1513 3544 1727 3595 omnino
1756 3543 2088 3605 non'tlolere,

549 3627 673 3678 dum
703 3641 883 3680 smnus
912 3628 962 3680 in
993 3627 1091 3681 hoc
1114 3629 1228 3683 loco
1259 3630 1510 3695 miserim,
1540 3631 1950 3698 profecto,sicut
1979 3635 2093 3701 qui-

550 3716 670 3766 dam
715 3717 874 3768 etiam
924 3715 1059 3784 apud
1108 3718 1284 3771 saeculi
1337 3719 1486 3784 hujus
1534 3721 1793 3775 litteratos
1831 3723 1995 3775 sensit
2042 3731 2096 3776 et

551 3803 702 3865 dixit,
737 3820 840 3857 non
880 3806 994 3858 sine
1042 3809 1285 3860 mercede
1341 3808 1620 3876 contingit,
1667 3810 2005 3864 immanitatis
2044 3813 2094 3866 in

551 3894 749 3955 animo,
774 3897 1002 3960 stuporis
1019 3899 1320 3963 incorpore.
1346 3899 1618 3964 Quocirca,
1647 3899 1725 3950 illa
1753 3914 1867 3967 quae
1882 3902 2097 3957 ἀπάθεια

553 3984 735 4040 Graece
772 3986 980 4048 dicitur,
1009 4003 1146 4052 qum,
1190 3985 1232 4038 si
1261 3989 1441 4041 Latine
1472 3998 1678 4056 posset,
1707 3990 2098 4055 itnpassibilitas

553 4075 847 4134 diceretur,
879 4075 920 4126 si
943 4063 1020 4126 'ita
1060 4076 1392 4142 intelligenda
1429 4085 1510 4128 est
1553 4079 1628 4146 (in
1667 4079 1843 4131 animo
1883 4080 2094 4148 quippe,

554 4178 656 4215 non
691 4163 741 4215 in
773 4178 994 4230 corpore
1037 4165 1328 4232 accipitur),
1355 4174 1411 4218 ut
1455 4165 1567 4219 sine
1614 4167 1692 4220 his
1735 4167 2098 4223 aﬂ'ectiouibus

571 4257 778 4306 vivatur
816 4271 928 4321 qua:
968 4266 1148 4308 contra
1197 4254 1452 4308 rationem
1491 4257 1735 4310 accidunt
1765 4271 2098 4328 mentemque

2189 3114 2329 3158 stant
2374 3100 2520 3156 fores
2550 3102 2724 3155 carnis
2749 3117 2912 3154 mete:
2945 3098 3113 3153 Dicite
3157 3096 3280 3151 mihi
3309 3096 3377 3150 de
3424 3095 3529 3148 Deo
3572 3107 3702 3157 meo,

2188 3196 2324 3263 quod
2360 3211 2454 3247 vos
2479 3209 2582 3247 non
2615 3195 2769 3256 estis,
2801 3191 2958 3245 dicite
3003 3191 3130 3243 mihi
3162 3189 3230 3241 de
3275 3187 3370 3240 ilio
3407 3183 3611 3254 aliquid.
3653 3182 3702 3235 Et

2190 3279 2626 3338 exclamaverunt
2654 3296 2780 3336 voce
2805 3295 2987 3350 magna
3024 3296 3038 3331 :
3073 3279 3187 3345 Ipse
3213 3277 3334 3330 fecit
3363 3291 3482 3329 nos.
3513 3274 3702 3328 Intem-

2192 3378 2330 3443 gatio
2358 3389 2471 3429 mea
2499 3415 2512 3436 ,
2560 3372 2782 3425 intentio
2811 3386 2923 3424 mea
2950 3385 2964 3434 ;
2997 3381 3047 3423 et
3075 3368 3351 3438 responsio
3387 3382 3586 3427 eorum,
3611 3378 3702 3428 spc-

2191 3465 2298 3516 cies
2324 3478 2527 3515 eorum.
2571 3463 2635 3514 Et
2662 3460 2826 3512 direxi
2871 3472 2954 3511 me
2997 3459 3060 3510 ad
3086 3473 3199 3522 me,
3228 3467 3281 3510 et
3309 3457 3419 3509 dixi
3449 3455 3576 3508 mihi
3601 3472 3613 3507 :
3641 3453 3700 3506 Tu

2192 3556 2312 3618 quis
2339 3555 2438 3608 es?
2470 3555 2528 3606 Et
2554 3551 2825 3621 respondi,
2862 3551 3027 3604 Ilomo
3059 3568 3071 3602 :
3100 3561 3154 3605 et
3178 3565 3303 3612 ecce
3329 3564 3521 3616 corpus
3548 3556 3600 3602 et
3615 3547 3701 3599 atii-

2196 3659 2279 3697 ma
2312 3644 2362 3696 in
2391 3659 2473 3697 me
2495 3645 2622 3702 milii
2655 3650 2844 3708 praesto
2863 3650 3008 3708 sunt,
3048 3657 3206 3695 unum
3234 3641 3498 3704 exterius,
3525 3648 3576 3693 et
3598 3640 3701 3692 alte-

2196 3750 2307 3787 rum
2340 3735 2561 3786 interius
2605 3717 2772 3802 :quid
2816 3732 2998 3785 borum
3042 3740 3124 3785 est
3162 3732 3300 3786 unde
3323 3745 3560 3800 quaerere
3577 3729 3700 3782 debili

2200 3823 2360 3874 Dium
2390 3838 2585 3884 meum,
2607 3838 2760 3888 quem
2799 3821 2906 3888 jam
2959 3823 3302 3889 qumsiveram
3354 3835 3450 3888 per
3484 3833 3652 3887 corpus
3678 3831 3700 3868 ι

2199 3922 2334 3966 terra
2366 3928 2528 3980 usque
2555 3913 2620 3965 ad
2649 3912 2861 3978 caelum,
2885 3926 3158 3981 quousque
3182 3912 3322 3979 potui
3363 3910 3567 3963 mittere
3598 3923 3700 3961 nun-

2199 4001 2318 4064 tios,
2340 4001 2516 4055 radios
2543 4000 2814 4055 oculorum
2845 3998 3106 4051 meorum?
3132 3998 3239 4052 Sed
3268 3999 3461 4050 melius
3496 3996 3618 4066 quod
3639 3997 3699 4048 iu-

2199 4091 2360 4143 terius
2381 4127 2396 4153 ,
2425 4090 2473 4143 ci
2500 4091 2692 4158 quippe
2713 4088 3083 4143 renuntiabant
3103 4102 3286 4140 ninnes
3316 4088 3480 4140 nuntii
3501 4099 3700 4152 corpora-

2200 4180 2305 4241 les,
2352 4181 2652 4247 prte~identi
2678 4188 2730 4233 et
2767 4179 3022 4246 judicanti
3053 4178 3119 4231 de
3162 4178 3580 4244 responsionibus
3607 4172 3698 4227 coeli

2200 4281 2251 4323 et
2283 4280 2470 4332 terrai,
2509 4282 2562 4323 et
2604 4271 2834 4322 omnium
2864 4283 2980 4335 qua:
3021 4269 3071 4321 in
3119 4269 3201 4322 eis
3249 4277 3374 4322 sunt
3406 4267 3696 4342 dicentium:

560 4345 886 4408 perturbant,
919 4344 1052 4396 bona
1077 4345 1127 4411 pl
1148 4361 1229 4396 sne
1278 4355 1333 4398 et
1361 4346 1586 4398 maxime
1614 4350 1838 4415 optanda
1867 4358 1968 4412 est,
1999 4352 2087 4405 sed

2199 4361 2307 4414 Nnu
2337 4378 2517 4415 sumus
2556 4361 2718 4423 Deus,
2746 4361 2838 4414 sed
2868 4357 2978 4427 ipse
3006 4359 3125 4413 fecit
3170 4373 3284 4412 nos.
3331 4359 3499 4411 Homo
3521 4355 3697 4410 interiur

565 4445 662 4482 nec
693 4431 801 4496 ipsa
837 4433 987 4500 hujus
1029 4443 1109 4486 est
1136 4434 1272 4487 vitae.
1329 4435 1443 4488 Non
1483 4436 1622 4489 enim
1660 4439 2099 4508 qualiumcunqne

563 4516 830 4571 hominum
860 4535 957 4572 vox
991 4531 1102 4586 est,
1147 4524 1238 4575 sed
1271 4525 1498 4578 maxime
1531 4525 1730 4592 piorum
1779 4530 2102 4594 multumque

562 4608 818 4675 iustorum
862 4620 1018 4677 atque
1046 4622 1344 4666 sanctorum
1376 4631 1390 4668 :
1444 4616 1498 4670 Si
1537 4616 1826 4670 dixerimus
1854 4623 2100 4684 quoniam

563 4708 834 4764 peccatum
869 4716 968 4752 non
1002 4705 1274 4768 habemus,
1316 4706 1556 4773 nosipsos
1587 4708 1902 4773 seducinius,
1936 4721 1986 4762 ct
2018 4727 2104 4763 ve-

562 4791 691 4861 ritas
723 4793 770 4844 in
809 4793 956 4844 nobis
987 4810 1084 4846 non
1114 4806 1212 4850 est.
1241 4800 1383 4852 'l‘uuc
1413 4798 1586 4865 itaque
1614 4801 1826 4855 ἀπάθεια
1859 4803 1950 4855 ista
1981 4804 2100 4863 eiit,

564 4883 772 4948 quando
801 4895 1066 4949 peccatum
1109 4885 1161 4937 in
1191 4889 1398 4940 homine
1428 4891 1624 4940 nullum
1653 4893 1769 4941 erit.
1805 4893 1949 4944 Nunc
1980 4908 2105 4944 vero

571 4974 698 5024 Satis
733 4975 864 5025 bt-ne
897 4976 1157 5033 vivitur,si
1177 4977 1287 5028 sine
1313 4979 1549 5039 crimine;
1569 4981 1680 5030 sine
1699 4989 1909 5045 peccato
1930 4990 2102 5031 autem

567 5065 653 5131 qtti
695 5079 752 5118 se
777 5065 952 5118 vivere
981 5065 1259 5128 existimat,
1292 5083 1390 5119 non
1419 5069 1468 5120 id
1494 5070 1598 5137 agit
1625 5077 1679 5121 ut
1703 5079 1969 5135 peceatum
2003 5058 2104 5123 non

569 5154 900 5218 It:tbeat,,sed
932 5165 986 5209 ut
1009 5156 1209 5208 veniam
1238 5170 1338 5208 non
1366 5172 1408 5207 at
1429 5160 1603 5225 cipiat.

1192 5328 1410 5381 CAPUT
1451 5329 1511 5379 ν.

573 5434 646 5490 ΩΑ
684 5453 899 5505 qumque
938 5439 1159 5505 corporis
1197 5439 1415 5490 sensibus
1439 5478 1452 5500 ,
1491 5455 1550 5490 ex
1587 5437 1713 5489 libro
1752 5455 1780 5490 x
1821 5438 2107 5509 Confessio-

1281 5526 1346 5559 ηιι
1355 5527 1420 5560 ιη.

643 5612 880 5680 Domine,
914 5631 1031 5671 amo
1056 5624 1136 5679 te;
1166 5619 1465 5685 percussisti
1491 5633 1579 5671 cor
1610 5632 1782 5671 meum
1813 5618 1971 5673 verbo
1998 5629 2103 5683 tun,

2202 4468 2296 4518 cog
2323 4455 2446 4504 -ovit
2473 4453 2582 4505 lia-c
2612 4467 2702 4518 per
2731 4451 3006 4503 exterioris
3031 4451 3379 4503 ministerium
3431 4466 3442 4500 :
3481 4463 3571 4516 ego
3598 4449 3697 4500 intc-

2204 4538 2310 4591 rinr
2348 4541 2563 4602 Cognovi
2588 4539 2718 4602 lucc,
2738 4553 2855 4605 ego,
2879 4553 2977 4606 ego
3013 4539 3236 4597 animus.
3268 4555 3359 4604 pcr
3389 4553 3596 4591 sensum
3616 4548 3699 4584 cor-

2205 4642 2346 4693 por.s
2370 4629 2491 4678 inci.
2517 4626 2832 4692 Interrogavi
2864 4626 3040 4678 mundi
3081 4629 3266 4678 molem
3297 4627 3364 4679 de
3390 4628 3493 4679 Deo
3529 4627 3697 4686 insint!

2204 4716 2470 4782 respondit
2501 4716 2624 4766 mihi
2658 4733 2669 4765 :
2706 4719 2812 4768 Non
2854 4730 2952 4782 ego
2991 4729 3104 4765 sum
3128 4754 3142 4777 ,
3189 4715 3277 4767 sed
3319 4715 3432 4781 ipse
3469 4728 3548 4767 me
3585 4709 3694 4764 fecit.

2207 4808 2393 4859 Nonne
2433 4805 2674 4858 omnibus
2700 4806 2889 4872 quibus
2927 4807 3128 4874 integer
3166 4820 3352 4858 sensus
3379 4815 3490 4868 est,
3527 4810 3696 4868 apparet

2209 4900 2318 4949 lia-c
2368 4895 2605 4960 species?
2651 4893 2756 4948 Cur
2805 4909 2906 4948 non
2961 4896 3202 4947 omnibus
3244 4894 3424 4946 eadem
3475 4890 3696 4960 loquitur?

2208 4986 2462 5039 Animalia
2506 4985 2688 5052 pusilla
2725 4994 2776 5038 et
2817 4999 2999 5052 magna
3033 4982 3207 5036 vident
3251 4995 3368 5034 eam
3394 5021 3409 5042 .
3449 4981 3534 5032 sed
3572 4981 3694 5032 intrr-

2211 5092 2394 5142 rogare
2436 5086 2717 5143 nequeunt,
2760 5089 2862 5126 non
2913 5075 3052 5126 enim
3119 5072 3395 5139 pra'posita
3440 5081 3515 5123 est
3571 5071 3609 5119 iu
3640 5064 3696 5115 eis

2213 5166 2570 5220 nuntiantibus
2602 5167 2841 5218 sensibus
2876 5164 3037 5231 judex
3086 5163 3236 5214 ratio.
3285 5159 3529 5212 Homines
3562 5167 3693 5208 autem

2216 5267 2431 5322 possunt
2463 5259 2814 5322 interrogare,
2855 5263 2909 5306 ut
2954 5250 3229 5305 invisibilia
3271 5249 3365 5303 Dei
3409 5264 3499 5316 per
3537 5263 3592 5299 ea
3615 5255 3696 5310 qui”

2216 5348 2344 5398 facta
2376 5354 2496 5397 sunt
2545 5345 2806 5397 intellecta
2855 5341 3213 5408 conspiciant;
3261 5339 3352 5390 sed
3397 5350 3570 5388 amore
3603 5331 3691 5384 stult;

2213 5439 2406 5489 duntur
2426 5438 2523 5498 eis,
2553 5445 2604 5487 et
2628 5433 2818 5486 subditi
2841 5431 3076 5500 judicare
3106 5443 3208 5480 non
3250 5436 3490 5493 pos-unt;
3528 5435 3611 5473 nec
3636 5428 3692 5466 rc-

2214 5529 2469 5593 Spoudcnt
2507 5527 2603 5579 ista
2631 5523 3077 5590 interrogantibus
3119 5517 3218 5572 nisi
3243 5514 3604 5585 judicantihus,
3626 5516 3693 5556 nec

2215 5633 2391 5674 vuccui
2422 5633 2566 5672 suam
2608 5623 2823 5678 mutant,
2857 5613 2903 5666 id
2950 5621 3030 5666 est
3074 5609 3304 5679 speciem
3341 5619 3501 5662 suam.
3539 5600 3583 5654 si
3601 5595 3695 5650 alius
