3862 6222
516 213 617 266 579

1584 207 1641 254 li.
1686 204 1817 257 EL‘G
1829 203 1864 254 Υ
1877 200 2000 256 l‘l‘il
2044 204 2078 253 .\

2183 197 2327 252 ATlS
2364 196 2682 252 Al-‘RICANI
3673 205 3775 258 3.5.]

516 327 754 381 scientia.
787 325 1020 393 requiem
1046 323 1340 379 redeamus,
1391 318 1608 386 ipsaque
1643 316 1895 368 distantia
1929 326 2082 381 rcpc-
2119 318 2165 375 Α
2194 311 2311 378 pttla
2335 320 2510 364 autem
2543 326 2918 380 nonnunquam
2943 312 3179 381 subrepit
3209 326 3368 368 servo
3399 322 3515 379 tuo;
3542 318 3766 372 niis-cn-

516 419 714 472 riamus
768 432 862 471 nos
900 432 1002 469 non
1034 413 1244 472 fecisse,
1291 410 1428 476 quod
1469 419 1643 462 tamen
1675 408 1726 461 in
1759 407 1912 462 nobis
1940 422 2076 476 quo-

518 510 786 578 quomodo
816 509 1005 560 factum
1035 519 1154 558 esse
1178 499 1736 567 do!eamus.Nnnquid
1763 514 1867 552 non
1892 495 2080 565 pou-ns

516 611 598 654 est
629 614 812 653 manus
842 607 948 660 tua,
982 595 1119 647 Deus
1148 593 1504 656 omnipotens,
1549 603 1738 642 sanare
1759 601 1943 641 omnes
1972 587 2082 636 lan-

520 701 713 757 guures
760 686 951 738 anima:
992 697 1145 745 mem,
1177 692 1338 746 atque
1380 677 1766 732 abundantiorc
1795 676 1964 743 gratia
1991 685 2077 723 tua

515 780 947 832 lascivos'motus
978 775 1136 827 etiam
1161 774 1263 826 mei
1296 771 1534 835 corporis
1566 765 1942 835 exstinguere?
1975 769 2080 816 Au-

511 871 682 936 gebis,
715 869 952 928 Domine,
986 866 1149 930 magis
1191 864 1458 928 magisque
1499 861 1553 915 in.
1595 873 1679 941 me
1711 869 1930 908 munera
1967 864 2076 913 tua,

523 970 574 1011 ut
607 961 780 1010 anima
822 971 935 1008 nica
988 965 1238 1020 sequatur
1287 966 1367 1001 tne
1398 951 1460 999 ad
1504 959 1590 1013 te,
1631 942 2080 1011 concupiscentia:

518 1051 664 1101 visco
694 1046 964 1113 expedita,
1003 1053 1057 1095 nt
1083 1057 1186 1094 non
1216 1043 1282 1093 sit
1325 1038 1538 1091 iebcllis
1575 1037 1695 1100 sibi,
1727 1047 1883 1103 atque
1934 1044 1988 1084 ut
2029 1035 2078 1085 in

514 1138 717 1191 soinnis
740 1140 900 1188 etiam
933 1153 1032 1187 non
1066 1135 1235 1186 solum
1271 1146 1374 1182 non
1405 1138 1676 1198 perpetret
1708 1129 1832 1180 istas
1856 1141 2080 1193 corrup-

513 1229 740 1282 telarum
774 1227 1144 1293 turpitudines,
1176 1237 1266 1290 per
1317 1220 1570 1288 imagines
1618 1219 1877 1271 animales
1918 1232 2081 1284 usque

514 1320 580 1373 ad
612 1320 786 1372 carnis
820 1320 1037 1378 lluxuni,
1070 1314 1162 1366 sed
1199 1330 1263 1366 ne
1306 1312 1603 1364 Consentiat
1651 1309 1867 1376 quidem
1910 1325 1924 1359 :
1958 1322 2078 1359 nam

516 1420 574 1462 ut
601 1410 725 1461 nihil
750 1409 852 1460 tale
869 1407 947 1458 νισι
975 1404 1230 1456 tantulum
1259 1404 1417 1455 libeat
1438 1402 1744 1469 quantulum
1767 1399 1929 1466 possit
1952 1409 2080 1449 nutu

513 1500 770 1558 coliilicri,
816 1499 973 1548 etiam
1040 1497 1088 1546 in
1129 1505 1275 1547 casto
1330 1492 1648 1545 dormientis
1703 1477 1919 1556 affectu,
1973 1506 2078 1542 non

515 1598 715 1640 tantum
745 1588 794 1638 in
823 1586 918 1638 hac
950 1585 1076 1647 vita,
1110 1585 1201 1636 sed
1235 1584 1390 1635 etiam
1421 1583 1471 1633 in
1497 1583 1594 1633 bac
1623 1589 1795 1639 tritate.
1829 1593 1931 1632 non
1969 1595 2078 1630 ma-

2187 401 2352 464 bcris,
2379 415 2429 453 ui
2460 401 2614 469 longe
2639 401 2728 453 fiat
2755 416 2783 453 a
2816 418 2919 455 me.
2939 402 3105 456 Nemo
3128 405 3269 457 enim
3298 414 3472 472 potem
3491 419 3620 460 ease
3641 424 3770 462 con-

2188 492 2386 555 tinens,
2410 492 2507 544 nisi
2542 501 2594 544 tu
2620 491 2712 544 des
2739 508 2752 555 ;
2787 494 2947 545 multa
2979 494 3131 548 nobis
3152 494 3432 548 orantibus
3456 496 3680 558 tribuis.
3711 511 3768 554 et

2191 582 2442 652 quidquid
2477 583 2602 635 boni
2632 591 2912 650 antequam
2959 597 3235 638 uraremus
3281 589 3614 654 accepimus,
3648 605 3677 641 a
3715 602 3763 643 te

2188 675 2513 743 accepimus.
2547 675 2607 726 Et
2630 685 2686 726 ut
2715 675 2815 728 boc
2847 685 3025 739 postea
3055 690 3524 744 cognosceremus.
3545 697 3576 733 a
3604 690 3658 736 te
3682 699 3763 736 ac-

2186 763 2443 831 cepimus.
2495 763 2745 816 Ebriosus
2795 781 3061 832 nunquam
3110 766 3208 829 fui,
3250 769 3344 820 sed
3375 770 3634 825 ebriosos
3659 787 3761 827 ate

2185 853 2353 907 factos
2393 855 2602 910 sobrios
2626 872 2724 925 ego
2781 859 2935 923 novi;
2975 874 3102 927 ergo
3141 875 3169 912 a
3221 868 3273 914 te
3316 859 3515 914 factum
3575 878 3655 916 est
3707 875 3760 918 at

2185 942 2285 997 hoc
2334 960 2438 998 non
2470 957 2649 1000 essent
2677 951 2764 1014 qui
2795 964 3061 1018 nunquam
3097 952 3333 1015 fuerunt,
3377 967 3408 1005 a
3437 968 3546 1021 quo
3571 955 3756 1009 factum

2182 1047 2267 1088 est
2303 1046 2363 1090 ut
2420 1036 2521 1090 hoc
2563 1053 2666 1090 non
2709 1053 2922 1106 semper
2951 1049 3131 1094 essent
3173 1042 3261 1110 qui
3303 1041 3542 1109 fuerunt,
3580 1059 3611 1098 a
3660 1063 3758 1114 qm

2181 1125 2340 1180 etiam
2407 1125 2604 1180 factum
2660 1139 2742 1182 est
2797 1140 2851 1182 ut
2898 1129 3097 1184 scirent
3135 1132 3400 1200 ulriquea
3431 1149 3538 1200 quo
3567 1134 3755 1191 factum

2181 1227 2282 1272 est.
2309 1217 2504 1271 Audivi
2534 1218 2692 1271 aliam
2717 1235 2898 1274 vocem
2928 1231 3067 1275 tuam
3099 1241 3112 1274 :
3147 1222 3275 1277 Post
3295 1225 3753 1292 concupiscentia

2184 1316 2297 1359 tuas
2326 1323 2429 1359 non
2457 1322 2571 1368 eas,
2604 1317 2658 1361 et
2696 1323 2724 1360 a
2781 1311 3057 1363 voluntate
3104 1319 3190 1364 tua
3232 1321 3434 1367 vetare.
3480 1315 3673 1368 Audivi
3702 1328 3751 1369 et

2184 1397 2330 1449 illam
2362 1414 2424 1449 ex
2463 1414 2682 1453 munere
2706 1408 2816 1466 tuo,
2848 1417 3005 1469 quam
3036 1396 3259 1456 multum
3285 1409 3479 1469 amavi,
3508 1408 3686 1475 Neque
3707 1413 3745 1462 si

2188 1490 2687 1544 tnandncavcrimus
2712 1492 3120 1557 abundabimus,
3152 1510 3326 1562 neque
3380 1497 3424 1547 si
3473 1501 3746 1551 neruiue-a-

2186 1582 2419 1632 verinins
2443 1580 2804 1634 deeritnobis.
2839 1583 2948 1636 Hoc
2976 1592 3057 1636 cst
3093 1585 3296 1650 dicere,
3317 1585 3423 1639 Nec
3448 1588 3530 1641 illa
3562 1606 3645 1641 res
3668 1606 3742 1641 me

516 1695 675 1747 gnum
702 1688 784 1730 est
828 1673 1208 1742 Oinmpotenii,
1238 1675 1323 1741 qui
1356 1675 1499 1725 vales
1534 1671 1706 1723 facere
1735 1683 1890 1736 supra
1923 1683 2079 1736 quam
2113 1678 2159 1735 Β
2186 1673 2457 1738 copiosum
2494 1673 2670 1734 faciet,
2704 1689 2802 1728 nec
2832 1675 2918 1728 illa
2961 1690 3343 1731 mrumnosum.
3389 1679 3576 1732 Audivi
3603 1693 3650 1734 et
3675 1688 3740 1733 a‘-

518 1773 746 1839 petimus
792 1779 843 1822 ct
898 1767 1258 1836 intelligimus.
1310 1765 1454 1816 Nunc
1488 1767 1682 1822 tamen,
1737 1759 1860 1826 quid
1907 1759 2079 1812 adhuc

514 1863 612 1914 sint
643 1864 692 1912 in
720 1863 815 1912 lioc
845 1874 1041 1927 genere
1076 1856 1194 1908 ntali
1222 1857 1348 1916 mei,
1377 1852 1484 1905 disi
1516 1855 1652 1905 bono
1681 1851 1908 1904 Domino
1935 1864 2076 1918 meo,

514 1954 786 2007 exsultans
815 1968 932 2005 cum
968 1961 1195 2005 tremore
1236 1951 1284 2000 in
1328 1962 1392 1999 co
1421 1945 1560 2015 quod
1597 1946 1805 1999 donasd
1835 1945 1986 2010 milii,
2027 1953 2082 2000 et

518 2044 706 2112 ingens
736 2044 786 2094 in
820 2058 884 2095 eo
913 2042 1048 2109 quod
1078 2043 1525 2092 inconsummatus
1547 2052 1688 2098 sum,
1719 2050 1938 2104 sperans
1963 2051 2083 2103 per-

517 2134 776 2186 fecturum
803 2131 922 2186 tein
953 2148 1035 2183 me
1064 2126 1450 2183 misericordias
1472 2138 1781 2194 tuas,usque
1807 2126 1871 2178 ad
1898 2140 2078 2193 pacem

517 2224 833 2292 ple-nariam,
864 2239 1019 2290 quam
1046 2230 1218 2272 tct'ttnt
1255 2221 1523 2272 habebunt
1568 2220 1820 2272 interiora
1853 2227 1907 2270 et
1935 2227 2080 2270 exte-

517 2318 651 2367 riora
683 2329 821 2377 tnea,
855 2328 973 2366 cum
1003 2312 1248 2379 absmpta
1283 2311 1437 2363 luerit
1473 2321 1615 2363 mors
1645 2311 1695 2362 in
1719 2310 1959 2362 victoria.
1989 2308 2084 2361 Est

514 2407 614 2458 alia
647 2405 841 2458 malitia
873 2405 1002 2467 diei,
1037 2420 1152 2469 qua:
1195 2403 1392 2453 utinam
1419 2398 1659 2452 snfticiat
1693 2399 1741 2452 ei
1772 2404 1785 2451 l
1820 2399 2084 2452 n-ltcinms

515 2496 657 2548 enim
686 2493 1019 2562 quatidianas
1042 2492 1222 2543 ruinas
1253 2489 1492 2556 corporis
1520 2489 1728 2541 edendo
1749 2497 1802 2540 et
1823 2486 2079 2550 bibendo,

526 2587 831 2654 priusquam
867 2597 1015 2637 escas
1046 2595 1096 2635 et
1118 2592 1355 2632 ventrem
1382 2581 1644 2645 destruas,
1683 2593 1801 2631 cum
1825 2576 2114 2640 occideris-

522 2675 865 2744 indigentiam
893 2685 1061 2724 meant
1093 2670 1335 2738 satietate
1365 2669 1607 2731 mirifica,
1637 2673 1692 2719 et
1741 2664 2083 2734 corruptibile

525 2764 624 2817 hoc
656 2762 889 2817 indueris
945 2761 1335 2827 incisrruptione
1363 2762 1707 2827 sempiterna.
1738 2756 1885 2811 Nunc
1906 2765 2089 2809 autem

521 2857 694 2911 suavis
707 2866 783 2909 est
802 2854 926 2908 mihi
952 2854 1578 2917 necessitas,etadversus
1598 2854 1748 2906 istam
1766 2853 2080 2905 suavitatem

518 2957 714 3013 pugno,
748 2957 814 2996 ne
863 2941 1064 3009 capiar,
1103 2949 1158 2994 et
1187 2940 1551 3008 quotidianum
1597 2941 1791 2994 bellum
1844 2954 1992 3009 gero,
2029 2940 2080 2993 in

2185 1763 2508 1833 tcram:Ego
2522 1765 2660 1817 enim
2689 1766 2849 1820 didici
2882 1767 2931 1819 in
2965 1769 3155 1836 quibus
3181 1784 3300 1823 sum
3324 1771 3593 1826 sufficiens
3609 1789 3737 1835 esse,

2184 1863 2236 1906 et
2277 1852 2547 1906 abundare
2577 1853 2696 1906 novi
2746 1865 2797 1907 et
2832 1858 3104 1924 penuriam
3153 1860 3277 1925 pati.
3313 1860 3500 1913 Omnia
3540 1876 3735 1928 possunt

2149 1957 2154 1962 ·
2193 1943 2242 1995 in
2274 1958 2339 1996 eo
2369 1943 2456 2010 qui
2488 1959 2571 1996 me
2618 1945 2897 1998 eonfortat.
2965 1948 3099 2000 Ecce
3131 1949 3283 2001 miles
3311 1959 3599 2004 castrorum
3625 1967 3728 2006 cu:-

2183 2032 2416 2096 lestium,
2475 2049 2578 2088 non
2634 2035 2803 2100 pulvis
2851 2037 2990 2104 quod
3023 2051 3118 2091 nos
3153 2041 3725 2104 snmns;sedmemeu-

2185 2131 2260 2186 to,
2294 2121 2538 2190 Domine,
2563 2126 2680 2191 quia
2714 2128 2882 2193 pulvis
2914 2141 3122 2188 sumus,
3150 2138 3203 2180 et
3225 2129 3295 2181 de
3339 2130 3552 2195 pulvere
3577 2129 3728 2184 fecisti

2188 2212 2482 2275 hominem,
2519 2223 2570 2266 et
2604 2214 2832 2279 perierat
2858 2225 2910 2269 et
2968 2217 3213 2270 inventus
3243 2229 3345 2271 est.
3375 2218 3479 2272 Nec
3505 2222 3584 2273 ille
3610 2222 3656 2274 in
3681 2237 3729 2276 se

2183 2302 2375 2370 potuit,
2402 2305 2522 2369 quia
2557 2303 2692 2356 idem
2737 2305 2908 2372 pulvis
2961 2305 3080 2370 fuit,
3120 2323 3276 2374 quem
3317 2311 3442 2362 talia
3489 2311 3725 2364 dicentem

2191 2396 2375 2450 afﬂatu
2405 2409 2508 2450 tuae
2562 2399 2929 2466 inspirationis
2968 2401 3210 2456 adamavi
3244 2403 3469 2456 :Omnia
3516 2419 3725 2472 possum,

2187 2487 2380 2555 inquit,
2416 2490 2465 2539 in
2499 2503 2564 2542 eo
2591 2489 2677 2556 qui
2710 2504 2795 2543 me
2842 2490 3128 2545 confortat.
3154 2489 3416 2546 ’Conforta
3445 2509 3526 2548 me
3556 2505 3727 2564 utpos-

2185 2579 2310 2646 sim,
2356 2580 2420 2634 da
2461 2583 2602 2647 quod
2633 2582 2804 2648 iubes,
2841 2593 2890 2634 et
2917 2580 3045 2650 iube
3071 2583 3212 2653 quod
3248 2585 3349 2638 vis.
3393 2585 3492 2639 Iste
3521 2600 3575 2639 se
3596 2599 3725 2639 actaeo

2188 2676 2330 2742 pisse
2356 2672 2821 2742 conﬂtetur,etqui
2846 2676 3101 2746 gloriatur
3133 2679 3182 2729 in
3219 2677 3444 2731 Domino
3471 2678 3720 2746 glorietur.

2185 2766 2374 2819 Audivi
2406 2764 2568 2816 alium
2599 2777 2870 2832 rogantem
2902 2776 2954 2817 ut
2983 2754 3208 2834 accipiat
3236 2783 3251 2819 :
3279 2769 3441 2821 Aufer
3465 2783 3495 2821 ε
3533 2783 3628 2831 ιιιε,
3653 2769 3722 2820 in-

2187 2857 2325 2925 quit,
2354 2858 2816 2924 conrnpisi-cnlias
2847 2865 3068 2911 ventris.
3096 2858 3247 2914 Unde
3291 2872 3528 2927 apparet,
3567 2870 3721 2913 sancto

2195 2946 2332 2999 Deus
2358 2961 2530 3009 mens,
2563 2957 2612 2999 te
2638 2950 2782 3010 dare,
2813 2964 2932 3000 cum
2964 2948 3021 3001 fit
3066 2950 3205 3016 quod
3234 2953 3463 3015 imperas
3489 2950 3612 3004 fieri.
3637 2949 3719 3002 flo-

515 3033 729 3104 ieiuniis
759 3037 978 3102 saepius,
1002 3033 1053 3085 in
1073 3035 1382 3086 servitutem
1401 3033 1645 3100 redigens
1666 3047 1861 3101 corpus
1885 3047 2080 3101 meum,
2114 3043 2159 3106 (ζ
2194 3036 2351 3089 cuisti
2387 3051 2491 3100 me,
2537 3037 2692 3090 Pater
2730 3037 2866 3091 bone
2899 3055 2912 3092 :
2945 3040 3130 3092 Omnia
3163 3039 3356 3093 munda
3391 3057 3492 3093 mu.
3514 3040 3606 3104 dis,
3641 3041 3718 3110 sed

516 3135 573 3179 et
619 3125 830 3178 dolores
869 3123 970 3176 ιιιεὶ
1013 3123 1284 3192 voluptate
1314 3121 1618 3191 pelluntur:
1655 3138 1773 3175 nam
1826 3122 1990 3177 fames
2027 3131 2083 3176 et

514 3215 630 3270 sitis
659 3215 873 3282 quidam
915 3213 1129 3267 dolores
1157 3223 1299 3279 sunt,
1347 3225 1527 3279 urunt,
1561 3223 1612 3268 et
1640 3215 1776 3268 sicut
1799 3214 1957 3268 febris
1990 3228 2082 3268 ne-

515 3315 658 3369 cant,
683 3304 779 3358 nisi
804 3305 1176 3358 alimentorum
1207 3304 1466 3357 medicina
1492 3305 1930 3371 succurrat.Qn:e
1949 3317 2081 3372 quo-

517 3396 656 3447 niam
687 3404 878 3462 przesto
907 3404 1012 3458 est,
1047 3408 1111 3445 ex
1142 3393 1503 3445 consolatione
1530 3407 1806 3447 munerum
1840 3403 2076 3458 tuorum,

518 3489 570 3540 in
609 3488 798 3554 quibus
827 3496 1020 3537 nostra:
1063 3483 1356 3536 infirmitati
1407 3493 1547 3536 terra
1576 3494 1629 3537 ct
1649 3498 1782 3552 aqua
1813 3493 1865 3538 et
1885 3482 2077 3537 caelum

522 3576 782 3641 serviunt,
807 3574 1136 3628 calamitates
1164 3573 1365 3627 deliciae
1393 3586 1668 3628 vocantur.
1713 3574 1824 3627 lloc
1866 3589 1949 3626 me
1986 3575 2083 3628 do-

519 3668 698 3729 cuisti,
728 3677 786 3720 ut
814 3666 1257 3731 quemadmodum
1291 3665 1700 3728 medicamenta,
1723 3666 1801 3719 sic
1829 3666 2078 3719 alimenta

496 3746 824 3824 'snmpturus
846 3755 1116 3808 accedam.
1147 3754 1251 3809 Sed
1280 3754 1404 3808 dum
1431 3754 1496 3809 ad
1549 3755 1780 3824 quietem
1825 3754 2080 3808 satietatis

439 3897 441 3900 ι
515 3864 580 3902 ex
603 3848 906 3916 indigentiae
943 3847 1179 3899 molestia
1217 3856 1450 3910 transeo.
1479 3846 1530 3899 i’n
1562 3847 1675 3912 ipso
1698 3837 1918 3899 transitu
1952 3845 2079 3898 nubi

520 3937 802 3991 insidiatur
827 3938 1042 4006 laqueus
1063 3933 1538 4002 concupiscentiae;
1582 3935 1696 4004 ipse
1720 3935 1860 3989 enim
1889 3938 2078 3989 ll‘tltsi—

500 4035 602 4079 .tus
640 4025 881 4092 voluptas
921 4035 1043 4087 est,
1073 4033 1128 4078 et
1174 4040 1278 4077 non
1327 4035 1408 4079 est
1445 4025 1581 4078 alius
1629 4039 1733 4093 quo
1777 4035 2079 4078 transeatur

513 4122 622 4185 quo
646 4119 869 4170 transire
899 4115 1039 4184 cogit
1060 4116 1348 4170 necessitas
1374 4133 1389 4181 ;
1421 4126 1474 4171 et
1499 4108 1617 4171 cum
1649 4117 1792 4171 salus
1822 4118 1893 4170 sit
1922 4131 2077 4169 causa

512 4209 702 4263 edendi
733 4222 794 4262 ac
821 4202 1055 4271 bibendi,
1095 4207 1333 4277 adiungit
1381 4224 1440 4263 se
1489 4219 1736 4277 tanquam
1789 4211 2077 4278 pedisequa

514 4298 807 4367 periculosa
833 4297 1160 4365 iucunditas,
1184 4306 1238 4352 et
1261 4298 1570 4366 plerumque
1616 4298 1805 4366 praeire
1829 4309 2072 4360 conatur,

2194 3128 2392 3182 malum
2434 3145 2553 3182 esse
2584 3129 2783 3182 homini
2811 3131 2895 3196 qui
2926 3147 3018 3199 per
3053 3130 3405 3185 offensionem
3446 3129 3715 3192 manducat.

2186 3228 2239 3271 et
2268 3234 2483 3271 omnem
2509 3232 2807 3272 creaturam
2838 3230 2978 3272 tuam
3007 3220 3197 3274 bonam
3228 3235 3368 3282 esse.
3397 3221 3616 3289 nihilque
3637 3221 3716 3271 alio

2181 3308 2483 3378 jiciendum
2516 3311 2654 3379 quod
2680 3326 2799 3364 cum
2827 3314 3112 3381 gratiarum
3136 3329 3180 3362 ac
3202 3315 3345 3365 tione
3370 3311 3650 3380 percipitur.
3665 3311 3714 3362 Et

2182 3401 2302 3467 quin
2335 3415 2458 3454 esca
2491 3416 2588 3453 nos
2617 3415 2718 3452 non
2750 3400 3081 3453 commendat
3108 3400 3236 3465 Deo,
3279 3411 3332 3453 et
3363 3411 3419 3452 ut
3453 3415 3543 3453 nos
3578 3415 3708 3450 nemo

2178 3470 2384 3559 iudicet
2416 3492 2467 3542 in
2496 3491 2614 3544 cibo
2647 3499 2696 3543 et
2721 3500 2866 3558 potu,
2902 3499 2956 3544 et
2994 3491 3081 3558 qui
3131 3491 3415 3543 mandnrat
3458 3504 3554 3543 non
3581 3503 3706 3542 man-

2183 3580 2465 3632 ducantem
2498 3595 2600 3632 non
2634 3592 2867 3646 spernat,
2894 3590 2946 3630 ct
2977 3583 3062 3648 qui
3106 3580 3392 3634 manducat
3428 3580 3709 3632 mandamu-

2190 3679 2297 3723 tem
2327 3684 2429 3721 non
2459 3668 2683 3738 indicet.
2712 3670 2872 3722 Didici
2908 3671 3042 3736 lia'c,
3070 3674 3267 3740 gr.»tias
3296 3671 3414 3736 tibi,
3449 3671 3610 3722 laudes
3633 3668 3708 3723 tibi

2184 3762 2291 3815 Deo
2323 3777 2464 3821 meo.
2500 3762 2753 3828 magistro
2783 3777 2922 3821 meo,
2965 3765 3215 3828 puiszitori
3242 3763 3448 3814 aurium
3483 3776 3704 3821 mearum,

2183 3850 2492 3904 illustratori
2524 3850 2700 3903 cordis
2725 3851 2848 3917 mei,
2872 3849 3018 3917 eripe
3040 3865 3125 3903 me
3154 3849 3222 3902 ab
3251 3851 3397 3902 omni
3436 3850 3701 3902 tentatione.

2181 3943 2290 3995 Non
2315 3957 2414 4009 ego
2440 3941 2832 3994 immunditiam
2859 3940 3064 3993 obsonii
3092 3942 3276 4004 timeo,
3322 3941 3414 3994 sed
3457 3939 3699 3994 immundi-

2195 4034 2316 4087 tiam
2349 4032 2671 4100 cupiditatis.
2702 4033 2822 4086 Scio
2859 4031 2967 4084 Noe
3006 4045 3163 4084 omne
3211 4030 3392 4084 carnis
3441 4043 3588 4101 genus
3607 4042 3696 4097 qua:

2182 4123 2236 4176 in
2288 4123 2409 4176 cibo
2459 4130 2602 4175 esset
2639 4121 2755 4174 usui
2804 4120 3123 4173 manducare
3183 4119 3526 4188 permissum;
3560 4117 3693 4170 Elian)

2184 4211 2303 4264 cibo
2323 4212 2499 4263 carnis
2525 4210 2816 4270 refectum;
2846 4208 3125 4268 Joannem,
3159 4207 3388 4260 mirabili
3428 4203 3692 4260 abstinentia

2179 4301 2478 4370 prmtlitum,
2522 4299 2861 4362 animalibus,
2910 4298 3009 4351 huc
3043 4308 3123 4352 est
3182 4299 3424 4362 locustis,
3467 4293 3512 4349 in
3554 4309 3688 4348 escam

518 4400 577 4444 ut
603 4390 718 4458 eius
747 4402 904 4442 causa
937 4389 1029 4440 ﬂat
1057 4388 1196 4456 quod
1239 4388 1424 4442 salutis
1468 4403 1629 4442 causa
1671 4403 1756 4442 me
1788 4388 1962 4450 facere
1994 4386 2073 4439 vel
2104 4398 2156 4457 1)
2179 4393 2507 4462 cedentibus,
2543 4407 2644 4452 non
2677 4390 2836 4444 fuisse
2863 4390 3120 4456 pollutum
3151 4408 3162 4440 :
3203 4405 3256 4442 et
3288 4392 3402 4444 scio
3429 4389 3552 4442 Esau
3571 4387 3688 4441 lenti-

512 4477 633 4532 dico
658 4478 740 4531 vel
770 4479 912 4531 volo.
959 4476 1068 4530 Nec
1099 4477 1286 4531 modus
1318 4478 1456 4531 idem
1492 4482 1764 4546 utriusque
1811 4489 1911 4544 est,
1955 4493 2075 4530 nam

515 4569 658 4635 quod
685 4569 839 4623 saluti
863 4572 996 4623 satis
1025 4579 1129 4634 est,
1162 4570 1495 4622 delectationi
1520 4585 1705 4637 parum
1735 4579 1838 4634 est;
1862 4559 2080 4634 etiszrpe

513 4661 776 4715 incertum
819 4659 876 4712 lit
908 4675 1079 4712 utrum
1123 4659 1297 4712 adhuc
1339 4662 1649 4720 necessaria
1685 4662 1924 4727 corporis
1953 4674 2077 4712 cura

512 4749 809 4809 subsidium
850 4749 1012 4820 petat,
1045 4766 1110 4806 an
1151 4751 1481 4821 voluptuaria
1527 4750 1833 4819 cupiditatis
1873 4751 2074 4804 fallacia

511 4843 863 4898 ministerium
916 4853 1179 4911 suppetat.
1232 4843 1315 4897 Ad
1360 4843 1461 4897 hoc
1509 4842 1772 4896 incertum
1799 4843 2070 4896 hilarcscit

511 4933 688 4987 infelix
718 4935 916 4998 annua,
936 4941 990 4986 et
1008 4934 1059 4986 in
1086 4948 1152 4987 eo
1178 4943 1437 5002 praeparat
1461 4931 1827 4986 excusationis
1851 4934 2074 4998 patrm-i-

513 5027 677 5098 nium,
703 5025 940 5095 gaudens
967 5037 1072 5077 non
1098 5037 1355 5092 apparere
1373 5023 1496 5093 quid
1511 5028 1637 5076 satis
1650 5022 2074 5076 sitmoderationi

513 5110 849 5179 valetudinis,
867 5115 1160 5189 utobtentn
1168 5114 1351 5166 salutis
1378 5114 1661 5167 obumbret
1689 5112 1954 5180 negatium
1985 5127 2075 5164 vo-

511 5208 746 5275 luptatis.
769 5206 1257 5262 llistcntationihns
1278 5204 1510 5272 quotidie
1537 5220 1704 5258 conor
1722 5205 1994 5268 resistere,
2018 5213 2076 5258 et

511 5305 703 5360 invoco
717 5303 984 5356 dexteram
1005 5311 1144 5354 tuam
1165 5299 1228 5352 ad
1243 5299 1465 5351 salutem
1482 5313 1650 5351 meam
1661 5338 1674 5360 ,
1693 5307 1744 5352 et
1758 5296 1821 5350 ad
1839 5307 1888 5350 te
1903 5295 2074 5349 refero

511 5408 675 5449 estus
705 5405 874 5456 meos,
898 5391 1015 5460 quia
1047 5390 1325 5445 consilium
1357 5387 1487 5441 mihi
1529 5389 1595 5441 de
1630 5388 1726 5441 hac
1753 5403 1810 5440 re
1837 5386 2072 5440 nondum

512 5493 636 5540 stat.
667 5482 842 5536 Audio
882 5495 1066 5535 vocem
1090 5478 1331 5548 iubentis
1351 5477 1441 5530 Dei
1469 5469 1579 5528 mei
1610 5493 1621 5526 :
1653 5476 1765 5528 Non
1793 5487 2076 5543 graventur

511 5575 674 5628 eorda
705 5584 878 5628 vestra
909 5574 959 5627 in
998 5573 1214 5639 crapula
1241 5579 1296 5626 et
1326 5570 1607 5625 ebrietate.
1639 5567 1882 5620 Ebrietas
1920 5568 2075 5636 longe

514 5675 594 5721 est
622 5679 652 5719 a
679 5679 795 5730 me;
837 5663 1191 5729 misereberis,
1236 5679 1301 5716 ne
1331 5659 1721 5728 approioinquet
1749 5657 1904 5712 milii.
1944 5656 2071 5712 Cra-

2180 4483 2311 4535 cnla:
2331 4480 2759 4548 concupiscentia
2780 4479 3079 4547 deceptum,
3100 4490 3154 4532 et
3172 4478 3335 4532 David
3359 4491 3557 4547 promer
3571 4491 3683 4546 aqua:

2184 4571 2502 4626 desiderium
2522 4587 2548 4622 a
2572 4588 2629 4625 se
2651 4573 2765 4638 ipso
2783 4571 3187 4638 reprehensum,
3202 4581 3256 4625 et
3285 4571 3477 4639 Regem
3501 4582 3682 4623 nostrum

2185 4678 2288 4714 non
2317 4662 2382 4714 de
2404 4665 2588 4727 carne,
2612 4662 2701 4714 sed
2726 4661 2791 4714 de
2807 4676 2937 4728 pane
2957 4671 3236 4714 tentatum.
3263 4661 3483 4730 Ideoque
3502 4671 3544 4713 et
3563 4673 3683 4725 popu-

2186 4753 2265 4806 lus
2287 4753 2335 4804 in
2365 4767 2565 4810 eremo.
2600 4765 2700 4804 n0n
2731 4754 2850 4816 quia
2874 4765 3064 4804 carnes
3100 4751 3444 4815 desideravit,
3485 4751 3562 4801 sed
3593 4760 3680 4815 qua

2179 4857 2315 4897 esca:
2342 4840 2610 4894 desiderio
2649 4842 2904 4895 adversus
2929 4840 3211 4893 Dominum
3242 4840 3584 4900 murtnurarii,
3603 4851 3682 4888 nico

2180 4932 2284 4985 ruit
2319 4931 2630 4999 improbari.
2691 4930 2746 4982 in
2802 4932 2882 4983 bis
2924 4947 3049 4998 ergo
3094 4931 3474 4984 tentationibns
3511 4929 3678 4996 positus.

2178 5033 2328 5077 certo
2351 5021 2584 5089 quotidie
2604 5021 2858 5074 adversus
2883 5021 3372 5086 concupiscentiam
3392 5016 3679 5072 niaiiducanili

2177 5125 2231 5168 et
2259 5114 2494 5167 bibendi.
2528 5114 2640 5165 Non
2674 5113 2813 5164 enim
2849 5120 2932 5165 est
2971 5113 3108 5180 quod
3150 5113 3315 5164 semel
3357 5109 3612 5179 pra‘cidere
3644 5116 3680 5155 rt

2177 5205 2396 5273 ulterius
2423 5219 2526 5255 non
2554 5204 2812 5267 attingere
2835 5202 3118 5255 decernam
3141 5245 3155 5267 ,
3190 5204 3329 5254 sicut
3356 5202 3423 5254 de
3453 5196 3676 5252 concubilu

2178 5296 2346 5365 potui.
2394 5295 2574 5360 Itaque
2619 5290 2754 5345 freni
2795 5292 3038 5360 gutturis,
3079 5300 3368 5358 temperata
3419 5290 3677 5343 relaxatum":

2178 5395 2232 5439 et
2282 5383 2683 5449 constrictione,
2738 5381 2948 5434 tenendi
2998 5387 3123 5434 sunt
3175 5398 3186 5430 :
3229 5389 3282 5432 et
3328 5377 3446 5446 quis
3481 5387 3565 5439 est,
3606 5376 3677 5428 Do-

2180 5474 2364 5538 mine,
2421 5473 2510 5542 qui
2565 5489 2668 5525 non
2724 5473 2958 5539 rapiatur
3009 5469 3332 5538 aliquantum
3380 5482 3517 5522 estra
3553 5478 3677 5521 metas

2179 5563 2553 5619 necessitatis?
2623 5563 2862 5631 quisquis
2926 5568 3041 5624 est,
3105 5575 3325 5628 magnus
3383 5568 3481 5623 est,
3529 5553 3674 5621 nisini-

2180 5655 2301 5711 ficet
2329 5668 2531 5709 nomen
2557 5661 2702 5708 tuum
2731 5672 2743 5708 :
2778 5665 2875 5721 ego
2918 5662 3089 5708 autem
3135 5665 3240 5706 non
3284 5665 3428 5712 sum,
3457 5646 3558 5720 quia
3588 5657 3673 5714 pct-
