3862 6222
89 197 199 250 531

1380 178 1822 260 τιιεδλωιυδς
1845 200 1996 256 CAP.
2041 199 2122 255 γι.

3273 190 3379 244 58f!

85 333 158 371 ca
194 333 270 373 or
337 323 410 391 9
462 325 615 376 homo
662 338 778 376 sum
808 339 822 385 ;
855 322 944 375 sed
985 331 1033 375 et
1083 335 1179 389 ego
1226 321 1411 388 magni
1436 336 1499 374 co
1530 333 1719 372 nomen
1749 320 1878 378 Aet
1907 332 2001 386 pro
2031 332 2125 371 me
2147 315 2283 380 ﬂete,
2317 316 2403 383 qui
2429 315 2624 384 aliquid
2659 314 2781 368 bnni
2813 312 3082 366 vobiscum
3103 310 3240 364 intus
3265 310 3376 377 agi-

85 420 254 461 tur-1m
284 451 303 473 ,
355 421 430 464 et
468 413 768 480 interpellat
794 422 845 465 te
889 412 1241 480 prospeccatis
1289 412 1418 464 meis
1462 410 1550 478 qui
1591 411 1715 463 vicit

88 507 431 567 saeculum,
481 499 878 559 numeransme
919 504 1055 558 inter
1095 491 1302 557 inﬁrma
1334 508 1571 558 membra
1598 508 1718 556 cor-

92 592 266 656 poris
322 594 459 655 sui,
488 592 608 659 quia
642 573 697 650 et
739 592 1101 661 imperfectum
1141 593 1255 658 ejus
1287 592 1532 645 viderunt
1574 591 1714 646 oculi

87 684 171 734 tui
195 723 212 746 ,
248 695 314 735 et
379 683 449 737 in
481 685 614 738 libro
642 694 729 738 tuo
770 697 955 738 omnes
997 684 1316 736 scribentur.
1352 684 1424 738 De
1467 683 1713 736 illecehra

86 771 356 824 odorum
415 754 542 826 non.
566 785 744 841 satago
768 772 921 824 nimis
945 788 960 825 :
989 787 1107 826 cum
1131 773 1326 826 absunt
1354 789 1455 826 non
1483 774 1712 841 requiro,

87 876 220 912 cmn
274 863 513 916 adsunt
542 880 645 915 non
691 877 904 931 respuo,
936 871 1147 931 paratus
1191 864 1268 918 eis
1306 866 1466 917 etiam
1503 879 1715 930 semper
1785 922 1792 934 ι

83 965 320 1005 carere.
365 954 459 1005 Ita
490 953 615 1004 tn;hi
649 955 853 1018 videor,
886 954 1104 1009 forsitan
1136 955 1318 1019 fallor;
1347 967 1467 1009 sunt
1498 959 1638 1010 enim
1659 967 1715 1012 et

83 1041 208 1094 ista:
244 1043 612 1111 plangendus,
639 1045 892 1109 tenebrae,
925 1047 974 1098 in
1005 1042 1195 1114 quibus
1225 1063 1310 1100 me
1341 1048 1466 1101 latet
1494 1048 1713 1102 facultas

84 1146 214 1182 mea
251 1145 403 1200 quae
444 1133 497 1186 in
527 1150 609 1188 me
634 1144 710 1188 est
740 1152 754 1188 :
785 1144 840 1188 ut
863 1136 1070 1191 animus
1101 1153 1246 1191 meus
1283 1139 1348 1192 de
1377 1139 1576 1193 viribus
1602 1142 1712 1194 suis

86 1224 212 1291 ipse
240 1237 312 1276 se
346 1223 701 1293 interrogans
732 1240 835 1278 non
868 1226 1019 1281 facile
1045 1228 1143 1280 sibi
1171 1229 1495 1282 credendum
1525 1232 1711 1285 existi-

88 1318 233 1372 met,
260 1311 420 1375 quia
454 1319 506 1364 et
535 1312 674 1381 quod
702 1313 835 1367 inest
859 1314 1170 1383 plerumque
1192 1317 1453 1371 occultum
1476 1328 1577 1386 est,
1607 1321 1709 1374 nisi

85 1401 471 1468 experientia
501 1403 883 1470 manifestetur;
911 1416 963 1460 et
989 1421 1142 1460 nemo
1162 1394 1386 1463 securus
1408 1425 1526 1465 esse
1551 1410 1710 1466 debet

91 1491 143 1545 in
179 1493 294 1545 ista
331 1494 486 1558 vita,
518 1509 634 1563 quae
657 1505 765 1549 tota
807 1498 1025 1550 tentatio
1054 1501 1375 1563 nominatur,
1401 1510 1577 1555 utrum
1615 1503 1706 1572 qui

90 1581 211 1634 ﬁeri
269 1583 479 1648 potuit
519 1599 582 1638 ex
627 1586 891 1643 deteriore
935 1589 1154 1651 melior,
1182 1604 1283 1642 non
1338 1592 1425 1645 liat
1453 1591 1610 1647 etiam
1636 1607 1699 1646 ex

1822 412 1912 476 tis,
1943 401 2083 465 unde
2110 409 2242 462 facta
2276 407 2589 476 procedunt.
2638 407 2765 462 Nam
2796 407 2885 476 qui
2918 420 3022 460 non
3063 404 3238 471 agitis.
3270 417 3377 456 nun

1818 515 1915 556 vos
1958 501 2072 554 hac
2125 508 2368 563 movent;
2421 508 2476 551 tu
2521 506 2698 551 autem
2754 495 2971 550 Domine
3011 494 3150 548 Deus
3179 506 3329 546 meus
3359 531 3376 554 ,

1817 590 2028 656 exaudi,
2058 581 2281 658 respice,
2312 600 2363 642 et
2392 590 2532 654 vide,
2564 596 2619 643 et
2648 588 2921 653 miserere,
2952 596 3007 640 et
3030 599 3158 639 sana
3191 598 3297 647 me,
3323 583 3376 635 in

1816 684 1968 746 cujus
1995 681 2163 734 oculis
2186 678 2315 733 mihi
2335 681 2558 747 quaestio
2588 679 2754 733 factus
2771 693 2911 740 sum,
2938 686 2990 731 et
3016 677 3129 745 ipse
3152 687 3235 729 est
3260 675 3377 729 lau-

1815 786 1947 840 guor
1964 786 2144 837 mens.
2171 771 2352 825 Restat
2378 770 2618 835 voluptas
2647 771 2923 824 oculorum
2949 769 3168 823 istorum
3195 767 3375 822 carnis

1817 875 1969 922 tineae,
1999 859 2064 913 de
2083 875 2182 928 qua
2212 862 2397 929 loquar
2437 858 2800 914 confessiones
2823 875 2958 930 quas
2978 859 3193 912 audiant
3214 873 3371 911 aures

1816 950 1996 1018 templi
2025 951 2119 1016 tui,
2150 965 2304 1003 aures
2352 949 2597 1004 fraterna:
2626 965 2687 1003 ac
2715 952 2814 1017 pia:
2835 989 2851 1013 ,
2895 959 2954 1004 ut
2994 938 3376 1003 concludamus

1816 1041 2134 1095 teotationes
2185 1027 2626 1109 concupiscentiae
2674 1041 2870 1104 carnis,
2920 1055 3034 1108 qua:
3074 1054 3160 1092 me
3200 1040 3374 1092 adhuc

1812 1131 2024 1198 pulsant
2067 1131 2502 1201 ingemiscentem
2531 1138 2589 1184 et
2631 1129 2988 1183 habitaculum
3018 1143 3192 1181 meum
3232 1126 3373 1196 quod

1810 1221 1878 1273 tle
1904 1221 2040 1275 caelo
2067 1230 2148 1275 est
2175 1220 2484 1288 superindui
2515 1221 2834 1284 cupientem.
2888 1218 3145 1272 Pulchras
3174 1217 3372 1270 fonnas

1810 1321 1865 1366 et
1893 1311 2084 1375 Varias,
2110 1310 2330 1364 .nitidos
2358 1319 2412 1363 et
2440 1323 2679 1365 ammnos
2724 1310 2931 1363 colores
2971 1316 3151 1360 amant
3194 1308 3329 1359 oculi
3356 1323 3370 1370 ;

1808 1417 1913 1455 non
1954 1409 2169 1454 teneant
2211 1401 2325 1454 haec
2353 1399 2583 1454 animam
2617 1414 2809 1463 mi-am,
2853 1406 3041 1451 teneat
3066 1411 3183 1450 eam
3234 1396 3372 1448 Deus

1807 1490 1895 1564 qui
1925 1491 2049 1545 fecit
2090 1493 2227 1555 hanc,
2259 1491 2393 1544 bona
2437 1490 2649 1560 quidem
2682 1489 2855 1553 valde,
2886 1487 2978 1543 sed
3012 1489 3122 1554 ipse
3151 1497 3234 1540 est
3272 1487 3371 1538 bo-

1809 1597 1932 1635 num
1962 1597 2162 1646 meum,
2181 1597 2286 1634 non
2313 1581 2426 1636 haec
2455 1599 2466 1634 ε
2491 1589 2784 1654 ettaugnnt
2809 1595 2894 1634 me
2917 1579 3217 1647 vigilantem
3245 1577 3373 1631 totis

95 1672 344 1727 meliore
401 1674 666 1729 deterior.
711 1674 819 1729 una
850 1692 992 1744 spes.
1037 1693 1136 1730 ιιηε,
1170 1678 1379 1744 (Μαρία,
1418 1696 1517 1734 una
1555 1681 1703 1736 arma
1745 1663 1786 1722 Β
1813 1671 2020 1736 diebus,
2050 1688 2146 1726 nec
2175 1674 2384 1741 requies
2413 1671 2481 1726 ab
2519 1672 2596 1726 eis
2623 1671 2778 1726 datur
2804 1671 2952 1730 mihi,
2985 1672 3119 1723 sicut
3155 1670 3312 1722 datur
3340 1683 3370 1722 a

97 1762 445 1825 promissio,
486 1764 844 1818 misericordia
878 1777 983 1819 tua.
1038 1766 1340 1836 Voluptates
1387 1771 1591 1824 aurium
1624 1782 1705 1826 te-

100 1851 305 1905 nacius
340 1868 446 1906 me
468 1853 866 1929 implicaverant
891 1866 944 1909 et
967 1857 1394 1926 subjugaverant,
1420 1856 1511 1914 sed
1541 1862 1705 1916 reSnl-

97 1942 222 1994 visti
250 1951 314 1994 et
348 1945 602 1997 liberasti
630 1961 736 2001 me.
761 1946 815 1998 lo
843 1946 988 2000 sonis
1015 1965 1318 2018 nunc,quos
1333 1953 1569 2013 animant
1595 1954 1706 2006 elo-

102 2030 228 2095 quia
282 2041 410 2091 tua,
468 2047 588 2086 cum
637 2031 782 2087 suavi
813 2044 864 2089 et
892 2032 1175 2090 artificiosa
1226 2054 1351 2093 voce
1402 2049 1701 2106 cantantur,

105 2119 314 2186 fateor,
354 2123 749 2190 aliquauttilum
779 2127 1081 2195 acquiesco,
1127 2142 1230 2181 non
1274 2129 1482 2198 quidem
1513 2140 1568 2184 ut
1598 2130 1705 2184 bre-

100 2226 282 2276 reatn,
336 2215 449 2267 sed
483 2225 538 2268 ut
567 2231 774 2284 surgam
805 2232 924 2271 cum
956 2221 1098 2272 volo.
1132 2222 1376 2274 Attamen
1409 2237 1526 2276 cum
1575 2223 1702 2286 ipsis

100 2304 418 2356 sententiis
448 2303 638 2372 quibus
661 2308 859 2371 vivunt,
891 2317 949 2360 ut
977 2289 1318 2363 admittantur
1340 2313 1401 2364 ad
1428 2327 1529 2376 me,
1559 2328 1704 2379 qure-

106 2404 234 2446 runt
268 2393 328 2447 in
382 2395 556 2450 corde
586 2411 705 2449 meo
735 2400 1035 2452 nonnullius
1088 2399 1358 2467 dignitatis
1409 2402 1601 2463 locum,
1649 2412 1703 2456 et

109 2489 193 2538 vix
241 2488 331 2542 eis
367 2491 591 2556 praabeo
635 2502 1034 2558 congruentem.
1089 2495 1383 2562 Aliquando
1414 2495 1553 2547 ei-iin
1587 2499 1701 2564 plus

108 2576 242 2628 mihi
296 2577 498 2630 videor
524 2578 740 2632 honoris
771 2569 849 2634 eis
879 2581 1110 2635 tribuere
1152 2598 1307 2650 quam
1355 2585 1541 2650 decet,
1571 2589 1694 2637 dum

112 2663 245 2729 ipsis
290 2669 510 2724 sanctis
576 2668 737 2723 dictis
786 2671 1076 2739 religiosius
1121 2681 1174 2728 et
1217 2675 1482 2728 ardentius
1528 2679 1701 2729 sentio

127 2759 340 2811 moveri
372 2759 588 2812 animos
610 2747 815 2814 nostros
844 2765 894 2815 in
923 2762 1182 2817 ﬂammam
1217 2766 1445 2833 pietatis,
1475 2780 1594 2822 com
1624 2769 1696 2820 ita

119 2857 442 2913 cantantnr,
491 2864 648 2916 quam
676 2851 719 2903 si
750 2849 939 2922 [quasi]
989 2869 1090 2906 non
1137 2854 1207 2906 ita
1255 2866 1614 2923 cantarentur,
1647 2867 1700 2911 ct

115 2951 309 2989 omnes
337 2939 570 2990 ati'ectns
598 2938 814 3006 spiritus
840 2942 1007 2995 nostri
1038 2957 1132 3010 pro
1160 2945 1238 2996 sui
1270 2943 1578 3000 diversitate
1599 2946 1696 3020 ha-

121 3026 248 3081 bere
292 3029 548 3096 preprios
591 3031 775 3084 modos
806 3032 855 3083 in
900 3046 1030 3087 voce
1072 3044 1232 3103 atque
1259 3045 1434 3101 cantu,
1473 3053 1693 3111 quorum

121 3119 303 3169 nescio
331 3133 443 3184 qua
486 3119 691 3172 occulta
722 3120 1073 3176 familiaritate
1102 3125 1424 3178 excitentur.
1455 3114 1558 3180 Sed
1590 3126 1694 3181 'de-

132 3209 348 3262 lectatio
396 3211 578 3263 carnis
619 3226 770 3276 meae,
803 3215 884 3266 cui
924 3225 1152 3267 mentem
1195 3219 1545 3272 enervandam
1591 3235 1694 3274 non

127 3305 342 3360 oportet
373 3300 770 3368 dari,s:cpeme
787 3302 936 3365 fallit,
954 3303 1078 3358 dum
1098 3307 1354 3361 rationem
1381 3322 1564 3362 sensus
1591 3327 1693 3365 non

127 3379 196 3434 ita
223 3387 538 3448 comitatur,
571 3399 629 3440 ut
660 3392 921 3456 patienter
950 3394 1017 3446 sit
1061 3397 1340 3461 posterior,
1367 3401 1458 3450 sed
1491 3409 1690 3453 tantum

127 3472 241 3537 quia
275 3488 503 3543 prepter
531 3479 669 3530 illam
709 3482 897 3546 meruit
927 3482 1148 3546 admitti,
1175 3485 1349 3539 etiam
1367 3501 1694 3554 praecurrere

128 3572 188 3612 ac
205 3562 410 3617 ducere
437 3575 659 3617 conatur
683 3582 695 3618 :
717 3568 784 3620 ita
804 3569 854 3621 in
879 3570 1152 3637 iliS'peCCO
1179 3587 1281 3625 non
1310 3575 1573 3642 sentiens,
1601 3579 1692 3632 sed

131 3659 303 3714 postea
336 3653 536 3708 sentio.
551 3656 842 3723 Aliquando
870 3669 1043 3713 autem
1066 3661 1201 3716 hanc
1233 3663 1402 3730 ipSam
1433 3666 1690 3719 fallaciam

131 3737 535 3797 immoderatius
553 3759 744 3798 cavens
772 3763 892 3801 erro
922 3751 1077 3804 nimia
1101 3754 1402 3819 severitate,
1429 3756 1520 3809 sed
1545 3758 1694 3812 valde

136 3827 421 3895 interdum,
489 3844 543 3886 ut
589 3838 754 3889 melos
798 3852 953 3892 omne
995 3842 1372 3896 cantilenarum
1411 3848 1646 3900 suavium
1673 3890 1689 3915 ,

134 3918 316 3982 quibus
341 3920 656 3989 Davidicum
672 3925 978 3982 Psalterium
1003 3926 1382 3998 frequentatur,
1399 3933 1466 3985 ab
1479 3937 1693 3990 auribus

139 4005 263 4057 meis
292 4011 558 4063 removeri
592 4006 746 4066 velim
792 4026 946 4083 atque
970 4017 1140 4084 ipsius
1181 4019 1463 4085 Ecclesia;
1499 4025 1692 4080 tutius-

137 4104 230 4184 que
278 4098 409 4151 mibi
465 4099 686 4164 videtur,
733 4091 868 4171 quod
913 4105 981 4159 de
1030 4107 1390 4162 Alexandrino
1439 4115 1691 4184 episcOpo

143 4181 423 4240 Athanasio
452 4202 592 4255 smpe
624 4191 762 4268 mihi
795 4193 989 4246 dictum
1035 4198 1397 4261 commemini,
1442 4203 1531 4268 qui
1583 4181 1691 4258 tam

141 4271 335 4325 modico
365 4275 506 4329 ﬂexu
532 4265 672 4332 vocis
691 4281 924 4335 faciebat
972 4298 1164 4339 sonare
1186 4288 1434 4344 lectorem
1461 4265 1686 4360 'Psalmi,

1805 1761 2020 1813 vocibus
2049 1765 2281 1827 eanorls,
2316 1761 2597 1829 aliquando
2625 1760 2692 1814 ab
2721 1759 2984 1822 omnibus,
3020 1759 3072 1811 in
3113 1760 3367 1825 silentio;

1804 1851 1916 1919 ipsa
1941 1851 2081 1905 enim
2113 1852 2293 1920 regina
2317 1851 2554 1904 colorum
2583 1850 2670 1904 lux
2696 1852 2792 1904 ista
2817 1850 3140 1919 perfundens
3177 1859 3364 1903 cuncta

1807 1957 1924 2010 qua:
1959 1944 2268 2008 cernimus,
2298 1942 2472 1996 ubiubi
2520 1958 2614 2011 per
2646 1943 2786 1996 diem
2836 1942 3007 2006 fuero,
3054 1942 3369 1996 multimodo

1803 2030 2004 2099 allapsu
2023 2032 2587 2087 blanditurmihialiud
2616 2035 2790 2102 agenti
2819 2041 2873 2088 et
2902 2049 3020 2089 eam
3044 2051 3146 2088 non
3179 2036 3369 2089 adver-

1804 2123 2400 2178 tenti:iusinuatautem
2427 2137 2484 2177 se
2514 2124 2586 2177 ita
2612 2125 2975 2190 vehementer,
2997 2135 3053 2178 ut
3076 2126 3119 2178 si
3151 2134 3370 2191 repente

1802 2215 2160 2278 sobtrahatur,
2174 2230 2292 2268 cum
2318 2216 2581 2269 desiderio
2606 2217 2924 2282 requiratur;
2943 2227 2992 2270 et
3017 2217 3060 2270 si
3086 2217 3174 2270 ditt
3205 2216 3362 2280 absit,

1803 2304 2081 2357 contristat
2110 2307 2363 2358 animum.
2395 2310 2436 2358 υ
2466 2307 2572 2370 lux,
2605 2321 2760 2375 quam
2794 2308 3003 2360 videbat
3029 2308 3221 2361 Tobias
3244 2324 3365 2361 cum

1802 2393 1995 2447 clausis
2047 2395 2161 2447 istis
2203 2396 2373 2448 oculis
2415 2395 2578 2448 lilium
2623 2396 2846 2450 docebat
2877 2397 2996 2450 vitre
3046 2398 3206 2463 viam,
3236 2408 3288 2452 et
3317 2398 3366 2456 ei

1804 2486 2025 2546 praeibat
2060 2486 2194 2550 pede
2223 2485 2501 2538 charitatis
2531 2501 2790 2554 nusquam
2833 2501 3046 2550 errans;
3080 2502 3168 2542 aut
3205 2504 3363 2556 quam

1801 2571 2010 2624 videbat
2055 2571 2201 2626 Isaac
2233 2574 2574 2641 prmgravatis
2605 2583 2659 2627 et
2687 2577 2885 2642 opertis
2931 2586 3206 2631 sem-ctute
3250 2593 3366 2630 car-

1805 2663 1916 2715 neis
1956 2650 2268 2727 luminibus,
2299 2656 2586 2720 cum'tilios
2633 2681 2735 2719 non
2764 2669 3103 2736 agnoscendo
3142 2669 3363 2724 benedi-

1800 2765 1945 2818 cere,
1979 2753 2069 2806 sed
2095 2754 2473 2817 benedicendo
2501 2769 2788 2825 agnoscere
2818 2760 3036 2822 meruit;
3069 2769 3156 2813 aut
3202 2775 3360 2829 quam

1801 2847 2008 2902 videbat
2039 2847 2201 2906 Jacob
2246 2863 2366 2902 cum
2395 2861 2445 2903 et
2488 2851 2602 2917 ipse
2632 2866 2738 2918 prae
2780 2852 2965 2918 grandi
2995 2862 3149 2907 altate
3178 2864 3364 2921 captus

1800 2937 1985 3004 oculis,
2021 2937 2074 2991 in
2108 2939 2229 2991 liliis
2278 2941 2591 3008 praesignata
2623 2939 2780 2994 futmi
2836 2942 3012 3008 populi
3061 2958 3252 3012 genera
3284 2948 3362 3000 luo

1721 3007 1765 3067 ο
1800 3029 2008 3094 minoso
2034 3030 2195 3085 corde
2235 3007 2478 3096 radiavit,
2525 3044 2577 3086 et
2625 3007 2915 3101 nepotibus
2935 3035 3043 3093 suis
3063 3007 3140 3090 wex
3163 3036 3359 3107 Joscph

1797 3118 2024 3173 divexas
2046 3120 2265 3190 mystice
2297 3136 2504 3186 manus,
2549 3138 2650 3176 non
2686 3126 2819 3178 sicut
2850 3135 2996 3192 pater
3021 3115 3204 3187 eorum
3232 3130 3361 3185 foris

1797 3211 2114 3278 corrigebat,
2160 3213 2253 3265 sed
2284 3211 2418 3267 sicut
2459 3213 2571 3281 ipse
2616 3213 2756 3268 intus
2800 3216 3154 3284 discernebat,
3187 3221 3360 3289 impo-

1795 3301 1920 3353 suit.
1965 3301 2076 3368 lpsa
2107 3311 2190 3355 est
2219 3303 2331 3365 lux,
2354 3374 2356 3377 τ
2377 3318 2476 3354 una
2519 3295 2618 3368 εει,
2672 3314 2724 3357 et
2754 3320 2913 3357 unum
2944 3321 3130 3360 omnes
3166 3309 3253 3378 qui
3282 3311 3358 3363 vi-

1796 3391 1922 3445 dent
1947 3402 2000 3446 et
2025 3399 2206 3445 amant
2231 3407 2371 3446 eam.
2421 3395 2489 3447 At
2511 3395 2616 3447 ista
2641 3396 2934 3463 corporalis
2962 3398 3028 3452 de
3056 3414 3154 3468 qua
3180 3402 3388 3471 loque-_

1796 3478 1912 3542 bar.
1943 3480 2251 3536 lllecelzrosa
2276 3495 2338 3533 ac
2367 3483 2662 3550 periculosa
2691 3472 2970 3539 dulcedine
2997 3488 3177 3541 condit
3199 3491 3356 3544 vitam

1796 3571 1979 3624 smculi
2050 3574 2203 3626 crocis
2263 3576 2607 3628 amatoribus.
2663 3574 2762 3641 Qui
2803 3584 2981 3630 autem
3021 3588 3075 3632 et
3130 3579 3197 3634 de
3245 3581 3357 3648 ipsa

1794 3660 2015 3714 laudare
2039 3669 2088 3714 te
2115 3671 2328 3727 norunt,
2364 3663 2503 3717 Deus
2543 3674 2753 3718 creator
2793 3665 3054 3732 omnium,
3082 3681 3357 3722 assumunt

1795 3763 1910 3801 eam
1943 3750 1992 3802 in
2023 3749 2220 3818 hymno
2263 3760 2375 3816 tuo,
2406 3765 2508 3806 neu
2545 3760 2886 3806 assumuntur
2904 3757 2971 3807 ab'
2994 3769 3054 3808 ea
3085 3756 3135 3810 in
3166 3771 3356 3811 somno

1794 3852 1913 3905 suo,
1957 3841 2093 3894 sicut
2118 3854 2238 3894 esse
2265 3841 2451 3909 cupio;
2493 3841 2684 3896 resisto
2721 3843 3120 3900 seductionibus
3169 3851 3354 3902 oculo-

1794 3943 1935 3993 rum,
1959 3944 2024 3983 ne
2045 3929 2384 3998 implicentur
2405 3931 2566 3999 pedes
2590 3933 2691 3986 mei
2714 3933 2905 4002 quibus
2927 3936 3192 4004 ingredior
3220 3938 3353 3995 viain

1797 4028 1957 4092 tuam,
1988 4027 2042 4070 et
2070 4018 2217 4088 erigo
2245 4018 2309 4072 ad
2340 4028 2393 4074 te
2414 4017 2712 4075 invisibiles
2742 4022 2948 4090 oculos,
2981 4035 3037 4078 ut
3070 4036 3121 4079 tu
3154 4029 3354 4084 evellas

1792 4107 1859 4161 de
1889 4108 2077 4176 laqueo
2105 4109 2265 4175 pedes
2296 4123 2463 4164 meos.
2497 4110 2574 4163 Tu
2606 4111 2833 4164 subinde
2856 4116 3042 4168 evellis
3072 4131 3194 4181 eos,
3230 4135 3350 4173 nam

1795 4200 2164 4269 lllaqueantur.
2189 4199 2267 4254 Tu
2297 4215 2404 4254 non
2433 4215 2622 4256 cessas
2635 4204 2890 4267 evellere,
2916 4220 3015 4276 ego
3044 4219 3218 4264 autent
3241 4227 3354 4266 cre-

1793 4291 1890 4344 bro
1921 4287 2096 4368 haereo
2127 4292 2177 4344 in
2210 4291 2404 4361 ubique
2452 4293 2655 4360 sparsis
2685 4294 2912 4362 insidiis,
2943 4299 3192 4367 quoniam
3242 4318 3349 4357 non

144 4366 195 4407 ut
222 4368 580 4425 pronuntianti
605 4368 828 4422 vicinior
852 4379 995 4424 esset
1022 4388 1178 4439 quam
1204 4379 1431 4432 canenti.
1466 4380 1687 4434 Verum-
1719 4365 1769 4422 Ῑ)
1793 4365 2045 4443 dormies,
2079 4396 2250 4453 neque
2275 4383 2588 4438 dormitabis
2611 4387 2697 4454 qui
2719 4365 3160 4446 custodislsrael.
3183 4393 3351 4461 Quam

145 4453 310 4506 tamen
348 4471 474 4510 cum
502 4459 811 4514 reminiscor
853 4463 1109 4532 lacrymas
1138 4481 1284 4522 meas
1331 4485 1461 4539 quas
1491 4472 1595 4525 fudi
1622 4477 1687 4526 ad

149 4549 327 4596 cantus
377 4547 626 4600 Ecclesia
659 4558 756 4602 tuae
797 4551 848 4603 in
874 4553 1173 4618 primordiis
1205 4569 1526 4628 recuperata:
1569 4560 1686 4615 fi-iei

149 4641 291 4694 mete,
321 4644 372 4687 et
399 4651 541 4688 nunc
565 4637 679 4703 ipse
696 4653 1054 4708 commoveor,
1085 4659 1186 4698 non
1209 4659 1384 4712 cantu,
1403 4652 1495 4702 sed
1525 4652 1684 4705 rebus

151 4729 254 4781 qua:
284 4734 584 4790 cantantur,
614 4742 731 4779 cum
760 4727 953 4794 liquida
1000 4745 1128 4786 voce
1173 4744 1229 4787 et
1255 4741 1686 4792 convenit-missi-

157 4820 233 4866 ma
274 4815 628 4868 modulatione
675 4827 973 4882 cantantur,
1005 4835 1243 4894 magnam
1280 4827 1500 4880 instituti
1533 4829 1688 4897 hujus
1736 4818 1737 4825 “

155 4895 420 4956 utilitatem
448 4919 624 4957 rursus
644 4921 903 4975 agnosco;
925 4911 994 4962 ita
1017 4911 1210 4966 ﬂuctuo
1235 4915 1373 4970 inter
1399 4895 1685 4984 periculum

159 4987 441 5056 voluptatis,
474 5007 529 5048 et
569 4999 985 5058 experimentum
1032 5002 1379 5070 salubritatis,
1424 5010 1691 5075 magisque.

157 5076 406 5147 adducor,
456 5097 560 5137 non
620 5087 828 5153 quidem
865 5081 1317 5146 'irretractabilem
1377 5101 1688 5152 sententiam

162 5167 432 5235 proferens,
452 5177 696 5227 cantandi
727 5180 1164 5233 consuetudinem
1196 5169 1485 5249 approbare
1515 5187 1566 5240 in
1589 5188 1691 5242 Ec-

162 5252 326 5321 clesia,
353 5274 400 5315 ut
427 5279 519 5331 per
538 5265 925 5321 oblectamenta
964 5271 1166 5324 aurium
1199 5271 1458 5328 inﬁrmior
1483 5279 1688 5333 animus

140 5390 144 5396 .
171 5341 216 5394 in
242 5349 470 5406 allectum
507 5355 714 5420 pietatis
741 5369 1009 5427 assurgat:
1043 5368 1218 5414 tamen
1247 5376 1365 5416 cum
1399 5367 1524 5419 mihi
1554 5370 1682 5422 acci-

168 5430 232 5485 dit
257 5447 308 5489 ut
330 5456 408 5496 me
431 5443 660 5511 amplius
697 5455 881 5500 cantus
918 5463 1073 5516 quam
1103 5465 1189 5505 res
1212 5468 1331 5522 quae
1353 5457 1558 5508 canitur
1579 5472 1690 5512 mo-

172 5534 289 5587 veat,
321 5534 589 5597 pmnaliter
617 5549 700 5589 me
721 5550 936 5603 peccare
955 5539 1224 5608 confiteor,
1254 5554 1306 5598 et
1339 5555 1458 5600 tunc
1479 5549 1688 5604 mallem

174 5624 260 5667 non
284 5622 450 5678 audire
494 5632 814 5681 cantantem.
833 5628 983 5710 {Ecce
1010 5632 1096 5686 ubi
1142 5646 1284 5701 sum,
1312 5634 1431 5694 ficte
1460 5653 1689 5707 mecum,

1794 4471 2203 4526 innumerabilia
2225 4474 2384 4528 variis
2415 4475 2617 4530 artibus
2643 4487 2696 4531 et
2729 4478 2971 4547 epiliciis,
3003 4481 3054 4536 in
3087 4487 3350 4552 vestibus.

1791 4562 2172 4630 calciamentis,
2219 4565 2359 4618 vasis
2399 4574 2452 4619 et
2483 4552 2847 4636 huiuscemodi
2890 4570 3348 4643 fabricationibus,

1796 4655 2012 4720 picturis
2055 4657 2210 4709 etiam
2244 4656 2572 4726 diversisque
2600 4659 2882 4729 figmentis,
2912 4670 3068 4731 atque
3099 4664 3180 4718 his
3202 4655 3351 4723 usmn

1794 4743 2148 4796 necessarium
2183 4753 2340 4811 atque
2391 4747 2684 4800 modestum
2730 4757 2782 4801 et
2830 4735 2967 4815 piam
3009 4753 3350 4819 signiﬁcatio-

1795 4847 1913 4885 nem
1940 4831 2094 4899 longe
2127 4834 2656 4902 transgredientibus,
2690 4836 3259 4896 addiderunthomines
3285 4846 3349 4899 ad

1793 4922 2074 4976 illecebras
2114 4923 2384 4976 oculorum
2409 4964 2426 4990 ,
2450 4923 2589 4978 foras
2619 4937 2902 4992 sequentes
2940 4933 3078 5001 quod
3113 4930 3347 5001 faciunt,

1795 5013 1936 5088 intus
1960 5011 2319 5080 relinquentes
2348 5028 2375 5065 a
2407 5021 2511 5081 q‘tto
2538 5012 2658 5067 facti
2688 5023 2830 5077 sunt,
2856 5026 2912 5071 et
2931 4998 3350 5079 exterminantes

1793 5095 1929 5166 ducti
1961 5101 2078 5155 facti
2108 5102 2264 5157 sunt!
2291 5104 2354 5154 At
2376 5117 2496 5170 ego,
2519 5103 2656 5156 Deus
2688 5119 2855 5170 meus,
2887 5117 2939 5159 et
2959 5107 3119 5164 decus
3150 5129 3347 5184 meum,

1790 5190 1950 5242 etiam
2002 5190 2122 5242 hinc
2169 5190 2261 5243 tibi
2292 5191 2412 5244 dico
2443 5193 2717 5262 hymnum,
2759 5204 2813 5248 et
2850 5199 3092 5254 sacriﬁco
3139 5202 3347 5262 laudem

1790 5278 2130 5332 sacrificatori
2187 5294 2326 5332 meo.
2359 5280 2525 5346 Quam
2582 5283 2796 5350 pulchra
2842 5285 3059 5354 trajecta
3098 5307 3193 5360 per
3235 5297 3345 5350 ani-

1793 5383 1906 5422 mas
1936 5369 1987 5422 in
2019 5384 2204 5422 manus
2245 5371 2577 5436 artiflciosas,
2608 5372 2674 5426 ab
2716 5374 2802 5427 illa
2837 5379 3228 5444 pulchritudine
3257 5403 3347 5441 ve-

1793 5459 1960 5526 niunt,
1990 5475 2107 5528 quae
2126 5475 2286 5529 super
2308 5464 2512 5515 animas
2533 5472 2632 5525 est,
2663 5464 2747 5517 cui
2776 5469 3007 5536 suspirat
3031 5473 3206 5526 anima
3230 5492 3344 5534 mea

1791 5550 1877 5604 die
1906 5566 1966 5605 ac
1996 5561 2151 5606 nocte
2175 5552 2201 5615 ;'
2222 5555 2311 5606 sed
2335 5554 2777 5620 pulcliritudinum
2806 5560 3128 5616 exteriorum
3157 5581 3340 5634 opera.

1795 5635 1933 5700 tores
1959 5652 2012 5700 ct
2035 5653 2324 5700 sectatores
2365 5646 2484 5704 inde
2515 5648 2727 5704 trahunt
2756 5651 3077 5720 approbandi
3109 5659 3336 5726 modum,
