3862 6222
521 267 622 318 ξτες
1607 273 1664 324 lt.
1703 267 2015 325 EUGYPPII
2058 269 2344 325 ABBATIS
2375 269 2689 326 AFRICANI
3627 281 3706 331 εει

519 393 624 431 non
655 388 831 433 autem
865 380 986 433 inde
1010 383 1221 433 trahunt
1249 381 1426 434 utendi
1459 383 1669 434 modum
1699 400 1712 448 ;
1745 393 1799 437 et
1829 383 1898 436 ihi
1922 391 2004 437 est
2026 391 2079 436 et
2109 389 2158 444 Α
2182 381 2283 449 piis
2307 383 2566 436 tradidisti
2598 399 2715 434 eum
2738 384 2750 434 l
2776 382 3053 446 Quomodo
3075 387 3261 439 amasti
3288 403 3404 452 nos,
3437 375 3710 457 pro'qnilmi

520 486 626 524 non
656 472 834 524 vident
859 487 999 535 eum,
1033 483 1086 522 nt
1110 487 1208 524 non
1233 483 1354 524 cant
1382 472 1606 540 longius,
1635 485 1686 527 et
1716 475 2075 528 fortitudinem
2180 469 2268 523 ille
2298 487 2401 523 non
2434 474 2666 538 rapinam
2699 472 2981 525 aibisratns
3027 489 3147 527 esse
3176 477 3396 542 mqualis
3423 478 3538 539 tibi,
3569 478 3712 530 lactus

523 578 671 616 suam
705 562 768 614 ad
814 571 864 615 te
903 562 1220 621 custodiant,
1275 578 1371 615 nec
1415 579 1529 614 ram
1577 573 1822 631 spargant
1862 564 1913 616 in
1945 565 2077 616 deii-
2180 569 2262 614 est
2309 559 2548 613 subditus
2579 574 2743 628 usque
2774 561 2839 612 ad
2891 571 3113 614 mortem
3146 565 3357 616 crucis!
3390 581 3520 618 unus
3558 566 3638 618 ille
3670 567 3710 618 in

519 654 688 704 eiosas
729 650 1086 702 lassitudines.
1139 651 1246 718 Ego
1277 663 1451 704 autem
1502 653 1613 706 huic
1646 654 2076 719 loqttens‘atque
2181 649 2404 700 mortuis
2446 648 2596 709 liber,
2645 657 2956 714 potestatem
3005 650 3204 702 habens
3235 655 3461 716 ponendi
3509 657 3709 706 animam

518 741 844 803 discernens,
896 742 1052 792 etiam
1099 741 1216 795 istis
1264 743 1496 810 pulchris
1541 757 1781 812 gressum
1833 744 2074 807 innecte;

520 830 610 883 scd
645 840 696 883 tu
727 833 946 894 evellis,
982 828 1222 897 Domine,
1272 835 1450 888 i-vellis
1493 843 1565 898 tu,
1593 835 1838 902 quoniam
1871 833 2078 888 miseri-

517 921 693 995 wrdia
727 929 814 974 tua
837 931 960 976 ante
981 925 1164 976 Oculos
1188 939 1332 976 meus
1361 932 1459 976 est.

1075 1054 1298 1133 cspur
1327 1054 1435 1109 vn.

524 1165 624 1235 ιο
657 1165 728 1216 De
752 1177 1064 1216 sacramento
1092 1165 1376 1216 mediatoris
1404 1164 1471 1215 ad
1502 1168 1848 1233 purgationem
1879 1168 2078 1218 anima-

591 1251 734 1297 rum;
763 1251 824 1286 ea:
842 1240 1011 1286 eodem
1034 1236 1158 1285 libro
1184 1249 1210 1285 ι
1240 1235 1646 1301 confessionum,
1676 1237 1802 1288 inter
1824 1246 2001 1287 uetera
2029 1247 2077 1287 et

588 1307 654 1354 ad
683 1305 874 1356 locum.

588 1418 665 1470 Tu
695 1433 752 1469 es
785 1418 977 1468 veritas
1016 1430 1175 1482 super
1201 1419 1377 1468 omnia
1411 1417 1720 1484 prmsidens,
1755 1426 1808 1468 at
1853 1430 1952 1485 ego
1984 1430 2077 1482 per

521 1509 794 1562 avaritiam
810 1523 977 1560 meam
999 1522 1100 1560 non
1128 1508 1374 1561 amittere
1403 1517 1450 1561 te
1468 1508 1723 1569 volui,sed
1739 1507 1879 1560 volui
1900 1520 2072 1560 tecum

521 1597 790 1664 possidere
811 1597 1140 1650 mendacium
1173 1597 1635 1650 :sicutnemovult
1665 1597 1731 1648 ita
1769 1596 1956 1650 falsum
1989 1596 2072 1650 di-

518 1701 661 1750 cere,
692 1696 744 1738 ut
776 1686 976 1739 nesciat
1003 1689 1116 1752 ipse
1139 1688 1259 1753 quid
1293 1701 1467 1738 verum
1498 1684 1584 1737 sit.
1615 1685 1793 1748 Itaque
1819 1688 1968 1738 amisi
2000 1696 2069 1747 te,

518 1778 637 1844 quia
665 1792 765 1827 non
793 1775 1031 1844 dignaris
1057 1791 1174 1828 cum
1200 1774 1469 1826 mendacio
1497 1774 1775 1839 possideri.
1803 1775 1968 1839 Quem
1995 1776 2066 1826 in-

517 1865 753 1919 venirem
784 1865 872 1933 qui
904 1880 986 1918 me
1017 1865 1376 1918 reconciliaret
1415 1864 1548 1916 tibi?
1576 1864 1913 1931 ambiendum
1947 1866 2070 1918 mihi

524 1955 619 2009 fuit
641 1958 703 2009 ad
729 1957 975 2023 angelos?
997 1971 1095 2023 qua
1127 1955 1506 2022 prece,quihus
1527 1957 1906 2009 sacramentis?
1927 1957 2073 2010 Multi

519 2054 774 2100 conantes
804 2047 865 2098 ad
899 2056 948 2098 te
993 2046 1188 2109 redire,
1225 2062 1393 2114 neque
1434 2061 1528 2113 per
1559 2049 1763 2114 seipsos
1813 2048 2071 2113 valentes,

517 2135 654 2188 sicut
675 2134 845 2193 audio,
874 2143 1206 2187 tentaveruut
1233 2137 1364 2197 haec,
1387 2147 1438 2188 et
1469 2136 1766 2189 inciderunt
1793 2138 1841 2190 in
1866 2139 2073 2191 deside-

521 2226 655 2278 rium
683 2223 1009 2276 curiosarum
1039 2224 1320 2289 visionum,
1351 2233 1404 2278 et
1441 2225 1587 2293 digni
1621 2226 1781 2278 habiti
1813 2237 1936 2279 sunt
1959 2229 2076 2280 illii-

520 2314 773 2366 sionihus.
825 2315 957 2366 Elati
988 2315 1129 2367 enim
1182 2326 1232 2366 te
1262 2316 1568 2381 quzerebant
1616 2317 1871 2370 doctrinae
1915 2316 2069 2380 fastu,

521 2413 796 2457 exerentes
826 2405 998 2471 potius
1021 2419 1175 2472 quam
1209 2407 1490 2466 tundentes
1514 2415 1749 2471 pectora,
1772 2416 1824 2458 et
1845 2405 2076 2460 adduxe-

523 2502 642 2546 runt
671 2493 769 2545 sibi
805 2508 895 2560 per
925 2493 1318 2546 similitudinem
1349 2508 1391 2544 ci
1417 2494 1524 2545 rdis
1580 2494 1661 2546 sui
1711 2494 2074 2563 conspirantes

519 2595 573 2635 et
621 2584 792 2636 socias
839 2584 1104 2648 superbize
1150 2597 1259 2634 suae
1318 2593 1602 2649 potestates
1653 2586 1791 2635 aeris
1823 2584 1998 2653 hujus,
2043 2601 2074 2638 a

519 2673 706 2740 quibus
742 2688 831 2738 per
856 2672 1112 2738 potentias
1143 2673 1368 2739 magicas
1393 2671 1762 2738 deciperentur
1790 2691 1802 2726 :
1832 2692 2077 2743 quaeren-

520 2772 601 2816 tes
629 2762 987 2824 mediatorem,
1019 2775 1110 2828 per
1131 2776 1286 2828 quem
1318 2775 1688 2830 purgarentur,
1712 2776 1763 2816 et
1797 2781 1898 2818 non
1921 2775 2072 2833 erat;

521 2852 757 2906 diabolus
775 2855 913 2905 enim
938 2863 1050 2905 erat
1071 2854 1454 2921 transligurans
1479 2869 1536 2906 se
1563 2855 1612 2907 in
1644 2858 1889 2926 angelum
1921 2859 2073 2924 lucis,

524 2955 577 2999 et
623 2945 841 2996 multmn
891 2945 1058 2998 illexit
1102 2948 1382 3013 superbam
1425 2961 1660 3008 carnem,
1709 2950 1846 3014 quod
1880 2963 2074 3014 rariieo

521 3047 741 3100 corpore
773 3032 885 3100 ipse
915 3048 1017 3086 non
1040 3044 1202 3088 esset.
1238 3034 1405 3088 Erant
1444 3036 1583 3088 enim
1630 3036 1710 3091 illi
1750 3041 2000 3093 mortales
2022 3049 2075 3093 et

523 3123 932 3193 peccatores.Tu
949 3134 1144 3189 autem,
1165 3127 1489 3194 Dnmine,cui
1503 3129 1833 3184 reconciliari
1849 3133 2076 3200 superbe

521 3211 848 3280 quaarebant,
874 3214 1188 3268 immortalis
1213 3224 1267 3270 et
1292 3218 1407 3270 sine
1435 3228 1672 3284 peccato.
1699 3220 1953 3274 Mediator
1992 3223 2072 3276 in-

522 3310 601 3355 ter
635 3301 795 3356 Deum
827 3312 880 3355 et
910 3302 1180 3368 homines,
1209 3307 1485 3372 oportebat
1514 3318 1567 3360 ut
1607 3309 1824 3364 haberet
1874 3312 2076 3380 aliquid

521 3390 694 3442 simile
754 3391 880 3455 Deo,
907 3393 1100 3460 aliquid
1131 3394 1302 3447 sémile
1329 3395 1649 3464 hominibus,
1683 3413 1748 3452 ne
1774 3399 1825 3453 in
1855 3409 2076 3470 utroque

522 3480 822 3534 hominibus
850 3483 1038 3536 similis
1067 3483 1221 3550 lange
1249 3495 1390 3538 esset
1418 3500 1447 3538 a
1493 3489 1621 3554 Deo,
1654 3499 1742 3540 aut
1771 3490 1821 3542 in
1854 3502 2077 3559 utroque

519 3571 708 3623 similis
731 3570 840 3623 Deo
865 3573 1013 3639 longe
1033 3581 1176 3626 esset
1200 3575 1264 3625 ab
1291 3575 1606 3641 hominibus,
1632 3587 1790 3645 atque
1820 3583 2076 3637 mediator

525 3678 628 3714 non
678 3671 839 3714 esset.
876 3661 1051 3715 Fallax
1092 3666 1265 3731 itaque
1305 3666 1391 3717 ille
1421 3667 1698 3728 mediator,
1729 3685 1831 3736 quo
1861 3687 1952 3737 per
1993 3687 2078 3726 se-

521 3762 666 3806 Creta
707 3752 902 3818 judicia
954 3763 1037 3804 tua
1080 3755 1321 3821 superbia
1367 3772 1655 3810 mereretur
1687 3762 1866 3823 illudi,
1915 3778 2075 3816 unum

525 3828 643 3896 cum
677 3844 978 3895 htlmillablls
1008 3846 1181 3908 habet,
1213 3846 1260 3898 id
1292 3858 1374 3899 est
1403 3859 1672 3914 peccatum
1701 3851 1876 3916 :valiud
1908 3854 2075 3908 videri

522 3937 631 3989 vult
658 3935 851 3988 habere
877 3951 996 3988 cum
1031 3936 1154 4001 Deo,
1188 3947 1244 3989 ut
1271 3939 1386 4002 quia
1410 3941 1586 3992 carnis
1623 3941 1942 3996 mortalitate
1973 3961 2075 3998 non

525 4025 738 4092 tegitur,
769 4039 864 4092 pro
894 4025 1175 4078 immortali
1205 4041 1263 4079 se
1293 4036 1544 4081 esteutet.
1586 4030 1687 4083 Sed
1718 4011 1837 4098 quia
1880 4033 2080 4100 stipen-

522 4119 664 4171 dium
691 4119 888 4182 peccati
914 4133 1055 4170 mors
1078 4127 1178 4178 est,
1213 4120 1313 4173 hoc
1345 4120 1504 4173 habet
1531 4137 1812 4177 commune
1841 4139 1960 4178 cum
1986 4128 2081 4179 lio-

524 4207 770 4268 minibus,
813 4205 949 4258 unde
997 4207 1149 4258 simul
1195 4209 1474 4262 damnetur
1524 4211 1574 4262 in
1624 4221 1872 4265 mortem.
1907 4215 2077 4269 Verax

523 4305 696 4346 autem
722 4294 1000 4356 mediator,
1026 4309 1179 4362 quem
1217 4310 1419 4350 secreta
1454 4308 1536 4351 tua
1591 4303 1954 4356 misericordia
1987 4309 2080 4359 de-

525 4383 826 4436 monstrain
881 4383 1183 4448 humilibus,
1229 4397 1280 4438 et
1332 4386 1521 4439 misisti
1572 4400 1626 4439 ut

525 4475 681 4525 etiam
705 4476 867 4540 ipsam
897 4473 1162 4526 discerent
1186 4476 1558 4541 humilitatem,
1593 4479 1851 4533 mediator
1873 4482 1958 4535 ille
1987 4483 2077 4536 Dei

527 4573 579 4616 et
604 4562 872 4614 hominum
894 4566 1050 4615 homo
1080 4564 1234 4617 Jesus
1257 4564 1496 4617 Christus
1528 4567 1662 4620 inter
1685 4569 1935 4622 mortales
1955 4584 2076 4636 pec-

525 4665 729 4705 catores
770 4663 824 4706 ct
866 4658 1214 4712 immortalem
1262 4660 1462 4727 justum
1511 4664 1798 4729 apparuit:
1845 4666 2082 4719 mortalis

529 4760 646 4796 cum
677 4748 992 4816 hominibus,
1022 4751 1196 4820 jusms
1227 4769 1344 4806 cum
1373 4754 1498 4816 lico,
1525 4767 1574 4805 ut
1603 4757 1847 4822 quoniam
1879 4760 2081 4824 stipen-

525 4839 669 4892 dium
698 4840 915 4905 justitize
942 4845 1042 4895 vita
1074 4854 1125 4898 et
1155 4860 1254 4912 pax
1296 4860 1394 4911 est,
1432 4863 1521 4914 per
1549 4847 1808 4915 justitiam
1858 4851 2081 4919 entijun-

526 4939 664 4982 ctam
709 4929 815 4982 De:
859 4945 1133 4987 evacuaret
1180 4949 1402 4989 mortem
1458 4938 1857 5002 justiﬁeatorum
1889 4941 2082 5007 impio-

2183 751 2352 798 suam,
2399 747 2452 789 et
2486 747 2608 804 pote
2642 745 2801 790 tatem
2835 738 3032 791 habens
3086 740 3272 791 iterum
3304 746 3538 794 sumendi
3569 760 3705 806 eun;

2180 838 2276 891 pro
2304 825 2455 878 nobis
2484 827 2649 879 victor
2675 837 2727 879 et
2763 828 2995 887 victima,
3024 839 3075 880 et
3105 828 3224 879 ideo
3254 831 3438 891 victor,
3472 835 3583 898 quia
3613 838 3701 885 rio-

2181 918 2303 969 tima
2331 933 2344 980 ;
2376 934 2470 984 pro
2506 920 2657 972 nobis
2688 919 2778 973 tibi
2807 920 3055 973 sacerdos
3087 930 3139 973 rt
3167 923 3502 985 sacrificium,
3531 937 3578 975 et
3609 927 3708 978 ideo

2178 1007 2454 1071 Sacerdos,
2485 1010 2606 1075 quia
2633 1009 2983 1073 sacriﬁcium;
3011 1009 3208 1063 faciens
3240 1012 3330 1062 tibi
3364 1028 3457 1062 nos
3484 1016 3545 1065 de
3569 1019 3708 1067 seri-is

2180 1097 2335 1165 lilios,
2374 1101 2440 1152 de
2464 1110 2514 1152 te
2544 1102 2828 1163 nascendo,
2865 1101 3016 1153 nobis
3048 1102 3368 1154 serviendo!
3402 1102 3576 1154 ιιι-τίω
3603 1106 3708 1156 mihi

2178 1201 2298 1254 spes
2330 1188 2496 1240 valida
2524 1190 2573 1239 iu
2608 1189 2696 1240 illo
2723 1199 2806 1241 est
2832 1189 2970 1256 quod
3001 1189 3210 1242 sanabis
3235 1194 3425 1241 omnes
3455 1193 3705 1250 langueres

2179 1293 2323 1330 meos
2350 1293 2440 1343 per
2468 1293 2586 1330 eum
2610 1279 2700 1345 qui
2741 1279 2891 1332 sedct
2917 1279 2980 1331 ad
3010 1281 3278 1332 dexteram
3307 1289 3468 1341 tuam,
3497 1293 3546 1333 et
3577 1291 3619 1333 te
3639 1283 3705 1333 iii-

2179 1369 2423 1439 terpellat
2453 1383 2548 1436 pro
2575 1370 2750 1435 nobis;
2775 1370 3005 1436 alioquin
3036 1371 3395 1439 desperarem.
3426 1373 3564 1425 Multi
3589 1374 3706 1426 enim

2175 1467 2229 1512 et
2251 1458 2424 1527 magni
2468 1471 2588 1512 sunt
2641 1459 2800 1514 iidem
2841 1460 3118 1529 languore:
3161 1462 3306 1529 mei,
3341 1464 3488 1516 multi
3530 1475 3639 1517 sunt
3665 1474 3708 1517 et

2178 1550 2375 1617 magni,
2405 1549 2495 1602 sed
2525 1549 2751 1618 amplior
2802 1558 2886 1604 est
2904 1537 3166 1604 medicina
3201 1562 3309 1604 tua.
3346 1553 3604 1605 Potuimus
3631 1570 3709 1620 pu-

2179 1645 2292 1692 tare
2322 1638 2553 1692 Verbum
2585 1650 2727 1691 tuum
2759 1649 3017 1692 remotum
3048 1654 3165 1692 esse
3186 1657 3212 1690 a
3241 1642 3600 1707 conjunctione
3628 1641 3708 1692 bo-

2104 1729 2149 1786 B
2177 1729 2355 1790 minis,
2381 1738 2435 1782 et
2460 1730 2749 1795 desperare
2775 1731 2841 1808 de
2870 1731 3044 1794 nobis,
3073 1731 3168 1784 nisi
3197 1747 3323 1785 caro
3365 1731 3523 1796 ﬂeret,
3551 1744 3601 1786 et
3628 1732 3706 1784 lia-

2177 1819 2367 1872 bitaret
2401 1820 2451 1872 in
2490 1821 2661 1873 nobis.

2758 1926 2978 1980 CAPUT
3019 1926 3154 1979 Vill.

2178 2013 2254 2067 De
2293 2015 2466 2068 eodem
2513 2025 2829 2067 sacramento
2849 2015 3128 2137 ;'ex1l5ibro
3173 2031 3223 2067 ix
3266 2017 3327 2065 de
3363 2014 3564 2066 Cieitate
3612 2013 3705 2079 Dei,

2850 2093 2928 2135 Ιιῑ.
3045 2123 3056 2135 .

2850 2093 2928 2135 ιιι.
2976 2093 3056 2135 15.

2247 2171 2442 2225 Omnes
2473 2172 2989 2242 homines,quaudiu
3019 2174 3268 2226 mortales
3301 2184 3440 2234 sunt,
3455 2174 3600 2228 etiam
3624 2177 3705 2226 mi-

2176 2264 2280 2316 seri
2316 2265 2418 2316 sint
2443 2279 2661 2317 necesse
2683 2275 2798 2328 est;
2825 2265 3141 2332 quaerendus
3172 2274 3253 2317 est
3275 2265 3494 2324 medius,
3517 2266 3598 2334 qui
3618 2282 3705 2317 non

2185 2354 2358 2406 solum
2412 2355 2585 2419 homo,
2618 2370 2796 2408 verum
2843 2357 3004 2409 etiam
3060 2355 3195 2410 Deus
3244 2356 3310 2409 sit
3340 2400 3354 2423 ,
3395 2369 3447 2409 ut
3495 2360 3706 2409 homines

2177 2432 2482 2497 exmortali
2520 2448 2726 2499 miseria
2758 2447 2820 2499 ad
2852 2447 3058 2499 beatam
3092 2447 3539 2500 immorta'itatem
3569 2448 3702 2516 hujus

2175 2535 2335 2586 medii
2360 2534 2507 2586 beata
2539 2536 2835 2589 mortalitas
2857 2535 3256 2589 interveniendo
3274 2539 3538 2605 perducat.
3556 2539 3700 2601 Quem

2177 2638 2348 2691 neque
2392 2639 2493 2678 non
2524 2626 2636 2677 ﬁeri
2671 2626 2956 2688 mortalem
2977 2628 3287 2694 Oportebat,
3321 2643 3487 2696 neque
3526 2643 3705 2694 perina-

2177 2727 2305 2768 nere
2334 2716 2631 2767 mortalem.
2670 2717 2901 2769 Mortalis
2943 2718 3135 2784 quippe
3168 2717 3334 2769 factus
3377 2727 3475 2778 est,
3505 2733 3599 2770 non
3637 2719 3705 2768 in-

2177 2805 2384 2858 firmata
2416 2805 2575 2859 Verbi
2601 2805 2896 2874 divinitate,
2922 2808 3012 2862 sed
3037 2809 3210 2861 carnis
3233 2807 3529 2860 inﬁrmitate
3555 2822 3706 2859 susce-

2177 2903 2286 2962 pla.
2329 2894 2440 2946 Non
2469 2904 2644 2948 autem
2691 2898 2979 2964 permansit
3023 2898 3073 2950 in
3116 2898 3225 2963 ipsa
3271 2912 3431 2950 carne
3473 2897 3705 2956 mortalis,

2178 2998 2332 3051 quam
2363 2985 2699 3038 resuscitarit
2747 3001 2776 3038 a
2817 2987 3056 3048 mortuis,
3088 2988 3336 3054 quoniam
3369 2989 3477 3054 ipse
3516 2997 3588 3040 est
3617 2988 3707 3038 tru-

2104 3073 2147 3134 C
2179 3083 2294 3126 ctus
2317 3073 2654 3128 mediationis
2681 3075 2814 3144 ejus,
2843 3087 2896 3128 ut
2928 3080 3023 3128 nec
3055 3076 3149 3142 ipsi
3194 3086 3412 3142 prepter
3439 3089 3562 3142 quos
3588 3075 3707 3126 hbe-

2181 3163 2375 3214 randos
2417 3161 2676 3215 mediator
2715 3162 2935 3217 eliectus
2978 3171 3059 3217 est
3088 3165 3137 3216 in
3171 3177 3425 3232 perpetua
3455 3164 3534 3217 vel
3559 3163 3707 3215 carnis

2183 3262 2353 3304 morte
2375 3261 2735 3306 remanerent.
2761 3253 2985 3306 Proinde
3012 3249 3359 3308 mediatorem
3408 3255 3539 3308 inter
3559 3268 3641 3308 nos
3664 3261 3708 3306 et

2182 3341 2365 3404 Deum,
2391 3351 2444 3395 et
2473 3344 2844 3397 mortalitatem
2872 3344 3062 3397 habere
3087 3345 3317 3410 Oportuit
3348 3352 3704 3407 transeuntem,

2182 3438 2235 3482 et
2265 3431 2636 3486 beatitudinem
2654 3444 3068 3500 permanentem,
3090 3445 3249 3503 utper
3261 3435 3401 3501 quod
3418 3437 3708 3488 transitcoa-

2186 3529 2399 3588 grueret
2426 3522 2718 3585 morituris,
2751 3532 2804 3576 et
2839 3522 2902 3576 ad
2935 3523 2984 3575 id
3013 3524 3151 3588 quod
3183 3533 3458 3589 permanet
3488 3522 3710 3576 transter-

2184 3622 2260 3662 ret
2285 3625 2349 3664 ex
2377 3613 2622 3666 mortuis.
2650 3613 2773 3664 Itoni
2802 3613 2958 3680 igitur
2983 3615 3154 3681 angeli
3188 3615 3324 3666 inter
3347 3615 3567 3667 miseros
3589 3626 3710 3664 mor-

2183 3700 2314 3754 tales
2344 3709 2397 3754 et
2427 3701 2610 3753 beatos
2639 3701 2965 3755 immortales
2992 3703 3147 3754 medii
3192 3716 3313 3755 esse
3363 3718 3465 3755 non
3497 3710 3706 3765 possunt,

2183 3791 2301 3856 quia
2335 3789 2431 3858 ipsi
2454 3805 2662 3856 quoque
2689 3799 2741 3843 et
2773 3789 2908 3842 beati
2938 3799 2990 3844 et
3021 3792 3343 3844 immortales
3361 3803 3503 3853 sunt;
3524 3800 3710 3859 possunt

2181 3888 2359 3930 autem
2387 3877 2541 3931 medii
2584 3891 2701 3930 esse
2727 3879 2896 3944 angeli
2926 3881 3068 3940 mali,
3102 3883 3222 3946 quia
3255 3881 3576 3931 immortales
3602 3884 3710 3927 sunt

2183 3978 2303 4017 eum
2333 3964 2456 4028 illis,
2481 3963 2658 4017 miseri
2684 3980 2804 4016 cum
2832 3965 2964 4018 istis.
2994 3966 3084 4017 His
3105 3968 3404 4019 comrarius
3431 3977 3509 4018 est
3536 3964 3706 4018 inedia-

2185 4061 2266 4106 tor
2309 4054 2497 4116 bonus,
2546 4053 2634 4121 qui
2682 4052 2941 4106 adversus
2983 4069 3168 4106 eorum
3213 4055 3638 4107 immortalitatem
3662 4065 3708 4103 et

2184 4142 2474 4206 miseriam,
2502 4149 2556 4195 et
2583 4143 2819 4195 mortalis
2844 4157 2962 4196 esse
2990 4147 3054 4195 ad
3088 4155 3293 4211 tempus
3325 4146 3506 4208 voluit,
3537 4155 3585 4198 et
3604 4144 3706 4194 bea-

2185 4237 2268 4283 tus
2299 4230 2351 4283 in
2380 4234 2671 4286 a-ternitate
2702 4233 2988 4299 persistere
3023 4235 3210 4299 potuit.
3239 4236 3316 4288 Ac
3343 4236 3417 4287 sic
3445 4251 3533 4288 eos
3561 4245 3601 4287 et
3625 4236 3706 4283 im-

2185 4322 2437 4401 moﬁales
2463 4325 2799 4391 superbos,et
2829 4327 3048 4378 miseros
3070 4327 3353 4390 notios,ne
3375 4327 3707 4379 immortalia.

1674 4387 1790 4482 eius
1835 4393 2078 4460 εεθυιβίο
2111 4425 2160 4482 D
2187 4387 2525 4480 tisvjaetantia
2559 4414 2872 4468 seducerent
2911 4415 2975 4467 ad
3008 4416 3152 4468 mise:
3169 4416 3296 4480 iam,
3340 4427 3391 4468 et
3415 4433 3520 4469 sua:
3549 4417 3704 4467 mortis

2184 4500 2499 4567 humilitate,
2528 4514 2581 4555 et
2605 4519 2715 4556 suae
2745 4504 3082 4558 beatitudinis
3122 4506 3442 4573 benignitate
3477 4504 3705 4559 destruxit

2185 4589 2236 4643 in
2279 4592 2376 4653 eis,
2421 4606 2643 4659 quorum
2676 4589 2834 4646 corda
2861 4610 2953 4662 per
2984 4595 3138 4648 tidem
3165 4609 3314 4647 suam
3358 4599 3620 4658 mund-ms,
3647 4594 3701 4643 ab

2185 4680 2391 4734 illorum
2418 4683 2838 4736 immundissima
2885 4685 3246 4739 dominatione
3281 4687 3534 4738 liberavit.
3560 4687 3700 4736 Ιιοιιιο

2186 4771 2362 4838 itaque
2409 4772 2646 4825 mortalis
2695 4783 2746 4825 et
2803 4775 2996 4834 miser,
3043 4778 3308 4839 sejunctus
3358 4777 3503 4843 iouge
3529 4777 3588 4825 ab
3623 4775 3704 4822 iiu-

2189 4855 2500 4909 mortalibus
2529 4865 2581 4907 et
2613 4856 2801 4917 beatis,
2833 4857 2955 4922 quid
2995 4858 3156 4922 eligat
3197 4859 3449 4916 medium.
3479 4874 3561 4924 per
3586 4857 3700 4923 quod

2187 4943 2565 4995 immortalitati
2594 4954 2646 4996 et
2689 4943 2995 4997 beatitudini
3027 4947 3346 5011 copuletur?
3385 4946 3526 5010 Quod
3561 4943 3702 5011 possit

528 5036 669 5085 rum,
701 5037 858 5088 quam
886 5038 1002 5074 cum
1032 5023 1130 5077 illis
1163 5029 1328 5079 voluit
1374 5028 1566 5082 habere
1597 5045 1952 5084 Communem.
1989 5034 2083 5086 llic

527 5112 924 5165 demonstratus
968 5123 1050 5165 est
1075 5117 1301 5181 antiquis
1329 5121 1547 5183 sanctis,
1579 5131 1634 5172 ut
1662 5120 1734 5174 ita
1779 5123 1875 5188 ipsi
1907 5140 1997 5191 per
2026 5125 2086 5177 ﬂ-

529 5200 648 5254 detn
677 5201 861 5252 futuri:
896 5202 1148 5267 paSsionis
1176 5205 1310 5270 ejus,
1353 5209 1484 5259 sicut
1521 5225 1616 5260 nos
1651 5225 1741 5277 per
1773 5211 1923 5263 iidem
1957 5215 2086 5277 prte-

2185 5034 2449 5086 delectare
2479 5034 2528 5084 in
2552 5034 2849 5085 darmonum
2894 5034 3291 5087 immortalitate
3337 5037 3568 5088 miserum
3596 5043 3696 5090 est;

2185 5121 2320 5188 quod
2353 5123 2518 5186 possit
2555 5121 2823 5174 oll'eudere
2852 5123 2900 5173 in
2935 5121 3126 5174 Christi
3153 5125 3467 5175 mortalitate
3492 5124 3588 5190 jam
3615 5137 3699 5172 nou

2185 5219 2283 5263 est.
2311 5211 2381 5262 lbi
2399 5224 2522 5278 ergo
2537 5213 2773 5263 cavenda
2797 5220 2876 5274 est
2898 5211 3109 5263 miseria
3127 5212 3555 5273 sempiterna,bic
3579 5223 3700 5260 mors

530 5293 729 5352 teritaa,
773 5291 899 5343 salvi
951 5292 1153 5343 fierent.
1208 5293 1260 5343 lu
1301 5308 1545 5361 quantum
1604 5299 1742 5352 enim
1798 5301 1982 5362 homo,
2033 5303 2081 5355 in

531 5387 728 5430 tantum
763 5379 1046 5442 mediator;
1099 5381 1148 5431 in
1182 5391 1432 5448 quantum
1482 5396 1650 5437 autem
1686 5386 1935 5451 Verbum,
1978 5405 2080 5442 non

534 5471 752 5526 medius,
789 5469 905 5534 quia
954 5470 1167 5534 :equalis
1202 5472 1326 5534 Deo,
1360 5482 1410 5522 et
1463 5473 1599 5523 Deus
1644 5475 1780 5540 apud
1819 5476 2004 5540 Deum,
2032 5487 2080 5530 ct

532 5558 680 5608 simul
715 5549 846 5607 unus
881 5556 1032 5608 Deus.
1065 5558 1340 5622 Quomodo
1375 5573 1469 5611 nos
1495 5563 1700 5625 amasti,
1735 5562 1888 5615 Pater
1923 5564 2075 5626 bone,

534 5645 620 5711 qui
653 5644 780 5698 Filio
811 5655 896 5698 tuo
921 5647 1072 5700 unico
1098 5665 1195 5701 non
1228 5650 1528 5718 peperciSIi,
1563 5650 1652 5704 sed
1677 5666 1770 5720 pro
1802 5652 1951 5705 nobis
1984 5654 2077 5707 iiii-

2190 5300 2416 5354 timenda
2440 5315 2542 5352 non
2572 5309 2672 5364 est,
2704 5316 2820 5368 qum
2842 5315 2958 5353 esse
2988 5317 3088 5352 non
3116 5304 3282 5368 potuit
3315 5303 3634 5368 sempiterna,
3659 5306 3701 5348 et

2185 5388 2452 5444 beatitudo
2480 5393 2700 5442 amanda
2730 5403 2808 5443 est
2839 5392 3180 5456 sempiterna.
3217 5391 3293 5442 Ad
3320 5391 3416 5443 hoc
3455 5405 3508 5443 se
3535 5391 3701 5455 quippe

2187 5478 2469 5546 interponit
2495 5480 2697 5532 medius
2733 5478 3042 5531 immortalis
3071 5489 3123 5530 et
3145 5481 3326 5542 miser,
3357 5491 3406 5530 ut
3432 5481 3488 5528 ad
3518 5479 3702 5529 innuer-

2187 5567 2441 5620 talitatem
2475 5567 2679 5619 beatam
2731 5569 2955 5620 transire
2999 5582 3100 5619 non
3147 5569 3304 5633 sinat,
3335 5569 3570 5634 quoniam
3604 5577 3703 5630 pcr-

2185 5657 2318 5712 sistit
2341 5655 2478 5725 quod
2502 5655 2803 5726 impedit,id
2830 5664 2928 5724 est,
2947 5657 3054 5723 ipsa
3081 5656 3310 5710 miseria.
3333 5659 3406 5712 Ad
3436 5659 3526 5710 hoc
3554 5664 3702 5707 autem
