3862 6222
80 242 166 292 Γὲξὸ

1291 222 1722 284 TllES.\UllUS.
1753 220 1901 274 CAP.
1948 217 2033 272 lx.

3213 221 3316 271 5H)

81 379 126 406 .u
183 355 494 420 interposuit,
544 350 784 406 mortalis
832 356 883 403 et
934 348 1141 408 beatus,
1194 356 1269 408 ut,
1312 342 1636 396 mortalitate
1667 340 1712 394 Α
1742 333 1808 387 atl
1839 333 2104 387 fallendos
2138 333 2379 399 fallaces,
2406 333 2626 420 sicut—in
2664 333 2967 403 £gyptins,
3013 342 3067 384 et
3097 333 3147 384 in
3174 335 3310 400 ipso.

82 455 350 510 transacta,
378 455 432 498 et
459 459 524 499 ex
556 440 782 496 mortuis
812 441 985 494 facere
1025 437 1376 500 immortales,
1407 435 1547 504 quod
1581 435 1634 486 in

82 550 131 590 se
160 537 475 606 resurgendo
500 534 837 600 monstravit,
860 541 913 585 et
934 547 996 586 ex
1028 530 1237 585 miseris
1262 516 1468 590 beatos,
1495 524 1638 579 unde

83 643 333 696 nunquam
363 627 478 694 ipse
506 624 770 678 discessit.
800 624 950 678 Alius
979 630 1062 679 est
1107 635 1233 691 ergo
1263 618 1472 685 medius
1521 631 1634 670 ma-

82 721 172 783 lus,
199 720 283 786 qui
312 727 526 786 separat
555 717 777 778 amicos,
807 715 943 768 alius
970 714 1162 777 bonus,
1204 712 1292 780 qui
1330 707 1640 763 reconciliat

85 808 332 871 inimicos,
358 816 411 860 et
437 807 556 860 ideo
586 807 737 860 multi
769 814 892 860 sunt
923 803 1080 858 medii
1109 810 1446 870 separatores
1471 816 1484 852 :
1516 797 1638 867 quia

87 900 353 952 nmltitudo
382 913 501 967 qua:
532 900 689 950 beata
718 908 820 958 est,
846 895 1000 948 unius
1025 893 1115 948 Dei
1148 890 1556 958 participatione
1582 888 1641 940 fit

87 993 245 1052 lmata,
273 989 422 1056 cujus
449 983 871 1056 participatiouis
914 985 1230 1054 privatione,
1262 984 1454 1036 misera
1495 979 1638 1032 mul-

88 1078 247 1129 titudo
269 1077 582 1145 angelorum
608 1076 892 1140 malorum,
912 1089 1029 1142 quae
1053 1089 1110 1127 se
1135 1073 1356 1140 opponit
1376 1073 1551 1138 petius
1573 1069 1640 1123 ad

88 1167 534 1232 impedimentum,
565 1181 724 1234 quam
754 1165 1047 1231 interponit
1069 1164 1134 1218 ad
1178 1162 1521 1217 beatitudinis
1549 1160 1643 1214 ad-

86 1258 349 1323 iutorium,
392 1266 445 1310 et
477 1260 590 1322 ipsa
636 1256 1028 1311 multitudinem
1082 1255 1344 1324 obstrepit
1387 1254 1643 1323 quodam-

91 1347 253 1411 modo,
284 1361 350 1399 nc
379 1346 548 1415 possit
569 1346 632 1399 ad
666 1345 814 1399 illum
840 1361 1002 1399 unum
1027 1345 1329 1400 beatiﬁcum
1355 1342 1640 1412 perveniri.

90 1436 158 1487 Ad
182 1435 319 1504 quod
362 1444 420 1489 ut
447 1436 860 1503 perduceremur
885 1449 990 1489 non
1020 1433 1223 1499 multis,
1255 1432 1352 1495 sed
1394 1446 1500 1485 uno
1528 1445 1643 1484 me-

91 1528 280 1583 diatore
300 1543 434 1596 opus
453 1538 603 1582 erat:
628 1537 681 1582 et
705 1528 804 1583 hoc
820 1542 885 1581 eo
908 1527 1044 1594 ipso,
1066 1525 1219 1593 cujus
1241 1520 1646 1591 participatione

93 1620 245 1671 simus
267 1619 427 1680 beati,
458 1618 558 1672 hoc
582 1629 687 1681 est.
707 1618 883 1672 Verbo
911 1617 1004 1671 Dei
1038 1630 1143 1670 non
1171 1615 1332 1680 facto,
1361 1627 1459 1683 per
1487 1626 1642 1681 quem

1741 424 1900 499 etiam
1928 436 2110 488 magos
2147 422 2266 474 data
2306 432 2408 488 est,
2443 433 2497 476 ιιι
2543 417 2849 492 iniquorum
2904 425 3186 490 spirituum
3228 437 3314 472 sc-

1743 515 1995 569 ductione
2026 514 2334 568 viderentur
2356 516 2679 576 admirandi,
2721 531 2748 568 a
2795 516 2991 583 quibus
3041 515 3254 576 fiebant,
3288 530 3317 568 a

1742 609 1834 664 Dei
1864 609 2084 662 veritate
2114 608 2401 662 damnandi
2439 627 2452 674 ;
2484 610 2564 662 vel
2607 611 2670 662 ad
2720 611 3084 665 admonendos
3135 612 3317 664 iitlelcs

1744 715 1811 754 ne
1843 701 1946 754 tale
1974 699 2168 768 aliquid
2194 700 2371 755 facere
2399 714 2494 768 pro
2523 716 2712 769 magno
2743 701 3065 766 desiderent,
3099 713 3317 770 propter

1743 791 1882 858 quod
1905 793 2063 844 etiam
2093 792 2246 846 nobis
2267 791 2557 859 Scriptura:
2584 790 2901 845 auctoritate
2929 803 3052 846 sunt
3075 794 3314 860 prodita;

1743 883 1825 937 vel
1851 884 1917 936 ad
1949 884 2336 949 exercendam,
2389 884 2715 954 probandam
2766 884 3318 953 manifeStandamque

1711 974 2004 1042 justornm
2036 974 2364 1042 patientiam.
2404 975 2588 1042 Neque
2636 975 2778 1029 enim
2824 990 2982 1042 parva
3031 976 3318 1028 visibilium

1746 1064 2123 1119 miraculorum
2149 1049 2404 1132 polentia.
2436 1064 2536 1118 Jub
2557 1068 2896 1133 cunctaquaa
2921 1065 3103 1118 habuit
3123 1061 3320 1128 amisit,

1745 1161 1801 1208 et
1828 1153 1983 1218 filios,
2010 1162 2062 1207 et
2092 1153 2257 1224 ipsam
2295 1154 2536 1221 corporis
2567 1157 2868 1208 sanitatem.
2905 1154 3012 1208 Nec
3059 1155 3180 1209 ideo
3227 1171 3322 1222 pu-

1751 1243 1968 1298 tandum
2006 1254 2086 1297 est
2132 1245 2246 1298 istis
2272 1246 2757 1311 Irausgressorihus
2796 1246 3000 1313 angelis
3039 1246 3104 1298 ad
3137 1256 3321 1299 lllllllm

1746 1338 1946 1392 servire
2000 1337 2133 1392 hanc
2186 1338 2464 1392 visibilium
2524 1353 2702 1393 rerum
2742 1340 3041 1404 mateiam,
3075 1339 3168 1393 sed
3217 1339 3324 1392 Deo

1750 1429 1945 1496 potius,
1987 1444 2014 1481 a
2047 1443 2153 1498 quo
2198 1430 2310 1482 hate
2343 1439 2577 1498 potestas
2619 1429 2797 1495 datur,
2845 1441 3094 1497 quantum
3141 1430 3190 1483 in
3233 1446 3324 1482 str-

1748 1519 1898 1573 blimi
1922 1529 1974 1572 et
2014 1519 2240 1587 Spiritali
2291 1523 2417 1574 sede
2465 1517 2911 1574 incommutabilis
2938 1520 3160 1582 iudicat.
3195 1519 3323 1573 Nam

1751 1618 1806 1664 et
1834 1609 2101 1663 damnatis
2135 1609 2327 1679 iniquis
2360 1609 2519 1664 etiam
2553 1611 2603 1663 in
2632 1609 2846 1663 metallo
2886 1611 3053 1663 servit
3083 1624 3238 1678 aqua,
3273 1618 3325 1660 et

95 1706 214 1760 facta
241 1717 364 1762 sunt
390 1709 607 1762 omnia:
651 1723 750 1762 nec
789 1717 965 1763 tamen
1005 1707 1073 1760 ob
1103 1706 1204 1760 hoc
1242 1705 1645 1766 mediatorest,
1681 1705 1725 1768 Β
1756 1701 1915 1770 ignis,
1940 1772 1947 1778 κ
1974 1710 2027 1756 et
2078 1711 2241 1766 terra,
2276 1711 2331 1754 ut
2371 1701 2563 1755 faciant
2615 1701 2738 1768 inde
2788 1693 2928 1770 quod
2979 1703 3182 1764 volunt,
3233 1701 3323 1755 scil

94 1799 200 1864 quia
230 1797 480 1852 Verbum.
517 1797 743 1852 Maxime
786 1798 997 1853 beatum
1053 1796 1286 1852 Verbum
1326 1797 1478 1862 longe
1508 1803 1590 1849 est
1617 1809 1647 1848 a

96 1887 392 1942 mortalibus
423 1888 658 1950 miseris,
684 1889 778 1943 sed
810 1888 1070 1942 mediator
1101 1901 1195 1957 per
1215 1885 1354 1957 quod
1384 1885 1564 1951 homo,
1584 1899 1649 1939 eo

95 1978 197 2042 ipso
222 1977 399 2045 utique
439 1979 753 2043 ostendens,
787 1977 853 2031 ad
893 1977 1040 2032 illum
1071 1992 1176 2031 non
1207 1976 1378 2031 solum
1410 1975 1648 2037 beatum,

96 2073 424 2126 vcrumetiam
469 2068 772 2126 beatilieum
799 2071 1016 2136 bonum,
1045 2085 1149 2124 non
1190 2078 1442 2138 oportere
1481 2068 1648 2136 quatri

98 2164 216 2215 alios
246 2161 585 2227 mediator-es,
620 2176 713 2229 per
734 2175 867 2229 quos
894 2159 1215 2214 arbitremur
1245 2158 1398 2211 nobis
1430 2171 1652 2224 perven-

99 2253 240 2304 tionis
259 2251 454 2321 gradus
477 2266 596 2306 esse
619 2250 936 2314 moliendos,
962 2264 1068 2319 qua
1093 2248 1280 2304 beatus
1299 2257 1353 2302 et
1378 2246 1653 2302 beatificus

102 2344 247 2409 Deus,
274 2341 444 2398 factus
477 2343 742 2411 particeps
774 2340 1117 2396 humanitatis
1145 2351 1360 2408 nostrae,
1399 2341 1652 2407 ‘compen-

100 2433 231 2485 dium
255 2433 474 2502 psaabuit
495 2431 872 2500 participanda:
893 2430 1187 2486 divinitatis
1204 2445 1334 2484 suae.
1357 2433 1454 2502 ιι
1473 2429 1656 2498 Neque

100 2524 226 2575 enim
256 2538 349 2576 nos
373 2537 401 2575 a
425 2523 754 2577 mortalitate
779 2530 833 2577 et
857 2522 1067 2577 miseria
1108 2521 1364 2587 liberans,
1395 2520 1462 2574 ad
1488 2534 1654 2588 ange-

103 2612 171 2665 los
196 2613 521 2667 immortales
547 2612 839 2681 beatosque
862 2612 932 2665 ita
957 2610 1218 2680 perducit,
1247 2620 1305 2664 ttt
1324 2625 1509 2665 eorum
1534 2626 1655 2680 par-

104 2704 388 2769 ticipatione
411 2703 570 2756 etiam
600 2717 708 2770 nos.
727 2701 1054 2758 immortales
1082 2710 1136 2755 et
1161 2701 1302 2756 beati
1341 2701 1530 2765 simus,
1558 2701 1654 2755 sed

104 2797 159 2847 ad
208 2797 343 2849 illam
387 2795 704 2850 Trinitatem
751 2794 902 2863 cujus
927 2801 981 2848 et
1030 2791 1203 2862 angeli
1250 2791 1655 2861 participatione

106 2884 230 2938 beati
271 2895 409 2938 sunt.
446 2886 569 2939 ldeo
591 2885 801 2954 quando
830 2884 880 2937 in
916 2883 1084 2937 forma
1115 2882 1281 2946 servi,
1311 2892 1366 2934 ut
1393 2880 1657 2936 mediator

107 2986 252 3040 esset,
284 2969 413 3029 infra
446 2977 664 3044 angelos
706 2990 824 3029 esse
868 2973 1056 3038 voluit,
1083 2972 1139 3027 in
1162 2971 1329 3026 forma
1372 2971 1467 3027 Dei
1495 2985 1655 3040 supra

1757 1803 2011 1860 quantum
2044 1793 2268 1854 sinitur;
2298 1808 2394 1848 nec
2418 1807 2546 1846 sane
2577 1803 2847 1846 creator-es
2880 1791 2958 1845 illi
2993 1791 3116 1845 mali
3153 1794 3325 1861 angeli

1750 1884 1960 1939 dicendi
1992 1893 2135 1949 sunt,
2162 1887 2282 1954 quia
2335 1900 2427 1952 per
2464 1885 2583 1938 illos
2615 1885 2750 1952 magi
2785 1884 3096 1938 resistentes
3133 1885 3328 1937 famulo

1752 1975 1846 2030 Dei
1876 1990 2028 2029 ranas
2055 1985 2106 2030 et
2131 1984 2406 2043 serpentes
2443 1977 2710 2042 fecerunt,
2746 1992 2848 2028 non
2897 1977 3040 2029 enim
3083 1967 3176 2029 cas
3227 1978 3324 2044 ipsi

1749 2061 2364 2119 creaverunt.0tnnium
2390 2065 2585 2133 quippe
2628 2080 2806 2118 rerum
2833 2081 2948 2132 qute
2975 2066 3326 2131 corporaliter

1754 2153 2137 2223 visibilitcrque
2185 2164 2474 2209 nascuntur
2503 2154 2709 2208 occulta
2755 2155 2995 2224 qutedam
3038 2158 3237 2208 s‘mnina
3276 2156 3327 2207 in

1753 2243 1871 2298 istis
1909 2243 2180 2311 corporeis
2218 2245 2402 2310 mundi
2453 2243 2609 2312 ltujus
2652 2246 2931 2299 elementis
2981 2247 3162 2298 latent.
3212 2248 3328 2300 Ala

1715 2357 1719 2362 ·
1754 2344 1878 2391 sunt
1907 2336 2048 2389 enim
2074 2334 2187 2390 haec
2208 2334 2317 2404 jam
2345 2335 2629 2405 conspicna
2653 2336 2823 2389 oculis
2855 2338 3072 2397 ntiSlriS,
3114 2354 3176 2390 ex
3226 2337 3332 2390 fru-

1751 2427 1926 2482 ctibus
1951 2435 2006 2483 et
2034 2428 2427 2493 animantibus;
2451 2428 2552 2481 alia
2579 2442 2707 2481 vero
2740 2428 2825 2480 illa
2853 2429 3056 2481 occulta
3106 2429 3328 2482 istorum

1757 2518 2023 2574 seminum
2050 2520 2274 2572 semina.
2309 2515 2462 2572 Unde
2511 2517 2729 2585 jubente
2775 2517 3028 2572 Crt‘atore
3081 2518 3334 2586 produxit

1761 2624 1896 2676 aqua
1916 2611 2086 2680 prima
2103 2609 2341 2663 natatilia
2358 2616 2411 2663 et
2426 2607 2678 2663 volatilia.
2695 2608 2856 2663 Terra
2877 2618 3050 2663 autem
3071 2613 3233 2676 prima
3251 2612 3331 2663 sui

1765 2701 1980 2771 generis
1999 2701 2235 2770 germina
2254 2708 2309 2754 et
2327 2700 2493 2768 prima
2527 2700 2608 2754 sui
2627 2703 2838 2770 generis
2861 2701 3129 2755 animalia.
3155 2704 3334 2771 Nt-qtto

1763 2793 1906 2848 enim
1923 2801 2047 2847 tunc
2065 2793 2118 2846 in
2134 2791 2499 2860 hujuscemodi
2519 2791 2655 2845 fetus
2681 2793 2746 2845 ita
2769 2792 3020 2861 producta
3045 2804 3185 2857 sunt,
3210 2806 3262 2848 ut
3285 2797 3333 2847 in

1772 2887 1997 2954 eisquze
2025 2885 2280 2952 producta
2320 2892 2444 2938 sunt
2475 2886 2553 2937 vis
2609 2883 2694 2937 illa
2744 2894 3055 2952 consumpta
3101 2887 3196 2951 sit;
3242 2889 3334 2940 sed

1764 2978 2075 3048 plerumque
2121 2978 2316 3033 desunt
2356 2991 2606 3046 congrua:
2653 2985 3194 3058 tetuperameutorum
3242 2995 3333 3030 oc-

109 3069 304 3137 angelus
329 3069 542 3122 mansit.
577 3069 716 3122 Idem
748 3069 800 3120 in
837 3065 1180 3121 inferioribus
1210 3063 1291 3117 via
1315 3063 1457 3128 vitae,
1488 3063 1576 3144 qui
1601 3063 1658 3116 in
1684 3061 1729 3122 C
1761 3072 2005 3125 casiones
2039 3070 2232 3145 quibus
2261 3076 2584 3135 erumpunt,
2607 3075 2663 3121 et
2682 3069 2888 3136 species
2909 3082 3033 3122 suas
3058 3080 3335 3139 peragunt.

109 3159 451 3224 superioribus
497 3160 625 3211 vita.
660 3156 774 3210 Non
805 3157 944 3209 enim
994 3170 1178 3209 vt'rum
1218 3161 1300 3208 est
1327 3152 1467 3223 quod
1515 3152 1654 3206 idem

111 3247 390 3304 Platonicus
413 3249 486 3302 ait
510 3249 786 3302 Platooem
819 3247 1027 3301 dixisse
1053 3263 1064 3298 :
1097 3246 1283 3299 Nullus
1307 3245 1440 3300 deus
1463 3244 1656 3298 misce-

113 3351 183 3392 tur
211 3343 398 3395 homini
421 3359 435 3406 ;
462 3350 515 3393 et
543 3341 642 3393 hoc
666 3336 988 3407 praecipuum
1013 3353 1197 3391 eorum
1222 3336 1563 3390 sublimitatis
1586 3333 1659 3388 ait

112 3445 216 3484 esse
254 3433 546 3501 spccimen,
589 3430 728 3499 quod
781 3428 922 3482 nulla
973 3426 1343 3481 attrectatione
1385 3425 1658 3478 hominum

115 3514 430 3574 contaminan
460 3537 543 3574 ur.
582 3523 720 3586 Ergo
748 3520 1018 3571 dtetnones
1053 3514 1400 3570 contaminari
1443 3514 1681 3578 fatetur,

115 3619 160 3661 et
209 3613 322 3665 ideo
364 3627 458 3665 eos
483 3626 512 3662 a
550 3611 740 3678 quibus
787 3596 1216 3661 contaminamur
1254 3604 1510 3657 mundare
1554 3617 1658 3656 non

119 3712 335 3766 possunt,
368 3715 662 3768 omnesque
693 3695 948 3752 immundi
975 3696 1170 3764 pariter
1202 3695 1352 3757 ftunt,
1381 3705 1436 3747 et
1462 3693 1662 3746 daemo-

118 3804 199 3842 nes
239 3791 655 3845 contrectatione
701 3789 994 3850 hominum,
1027 3795 1080 3841 et
1110 3785 1353 3839 homines
1377 3784 1522 3838 cultu
1555 3783 1658 3836 da:-

120 3895 336 3934 menum.

649 4078 654 4085 .
707 4035 928 4090 CAPUT
969 4034 1058 4088 LX.

123 4148 186 4203 De
211 4151 457 4203 miraculis
489 4164 601 4217 qua:
631 4149 840 4218 magicis
866 4132 1234 4218 artibttsﬁt‘tnt,
1264 4162 1328 4200 ea:
1354 4145 1482 4199 libro
1519 4160 1573 4198 tu
1604 4146 1664 4197 de

627 4216 893 4281 Trinitate,
924 4234 1035 4288 cap.
1070 4216 1123 4270 7.

190 4333 278 4385 llic
310 4333 460 4386 video
509 4331 633 4400 quid
676 4331 865 4384 inﬁrmi
913 4331 1217 4400 cogitationi
1269 4331 1434 4402 possit
1479 4347 1666 4386 occur-

1763 3161 1899 3215 EcC’e
1942 3161 2081 3214 enim
2130 3146 2478 3216 brevissimus
2526 3159 2772 3213 surculus
2819 3174 3001 3212 semen
3051 3170 3178 3220 est;
3217 3177 3335 3212 nam

1760 3250 2141 3307 convenienter
2166 3249 2447 3303 mandatus
2478 3259 2655 3312 terrtc,
2685 3250 2927 3303 arborem
2975 3251 3094 3305 facit
3126 3269 3138 3304 :
3182 3252 3338 3320 hujus

1767 3352 1945 3398 autem
1976 3341 2174 3397 surculi
2207 3341 2453 3396 subtilius
2492 3356 2674 3396 semen
2706 3341 2916 3409 aliquod
2957 3345 3195 3410 ejusdem
3248 3361 3336 3410 go.-

1762 3435 1903 3487 neris
1925 3448 2145 3502 granum
2179 3441 2280 3498 est,
2310 3440 2362 3485 et
2390 3434 2491 3485 huc
2525 3447 2691 3501 usque
2743 3432 2891 3485 nobis
2942 3435 3170 3488 visibile.
3219 3434 3333 3488 Juttt

1763 3538 1888 3579 vero
1915 3522 2071 3590 hujus
2098 3523 2258 3577 etiam
2283 3522 2428 3591 grani
2457 3537 2660 3585 semen,
2690 3537 2928 3590 quanms
2958 3526 3122 3575 oculis
3157 3524 3338 3579 ridere

1763 3605 2108 3678 nequeamus,
2183 3614 2388 3668 ratione
2441 3625 2614 3666 tamen
2695 3613 2962 3682 conjicere
3038 3630 3338 3682 possumus,

1762 3706 1883 3773 quia
1918 3705 2015 3758 nisi
2040 3704 2160 3757 talis
2183 3704 2357 3772 aliqua
2391 3705 2467 3757 vis
2494 3714 2636 3758 esset
2665 3704 2713 3756 in
2745 3707 2857 3757 istis
2892 3706 3190 3765 elementis.
3237 3727 3338 3759 ttctt

1766 3797 2081 3864 plerumque
2111 3804 2458 3848 nascerentur
2494 3812 2556 3848 ex
2589 3806 2751 3858 terra,
2799 3811 2916 3864 qua:
2959 3795 3028 3849 ibi
3079 3800 3337 3852 seminata

1767 3901 1870 3938 non
1899 3895 2099 3940 essent.
2134 3885 2241 3940 Nec
2267 3887 2515 3939 animalia
2544 3895 2647 3939 tam
2683 3889 2864 3952 multa,
2920 3889 3061 3941 nulla
3114 3894 3336 3944 murium

1767 3977 2188 4046 feminarumque
2212 3976 2591 4031 commixtione
2615 3978 2968 4045 pnet-edente,
2986 3982 3097 4033 sive
3113 3982 3159 4034 in
3179 3993 3273 4035 teri
3292 4002 3341 4045 :i,

1765 4071 1877 4124 sive
1921 4070 1972 4123 in
1995 4085 2155 4138 aqua,
2189 4086 2307 4136 qua:
2337 4079 2513 4124 tamen
2546 4080 2814 4134 crescunt,
2857 4081 2927 4128 et
2949 4075 3192 4126 coeundo
3240 4079 3340 4130 alia

1767 4165 1994 4230 pariunt,
2027 4177 2148 4217 cum
2189 4163 2276 4216 illa
2318 4164 2477 4217 nullis
2506 4165 2822 4219 coeuntibus
2870 4167 3180 4234 parentibus
3224 4179 3342 4221 orta

1768 4255 1898 4318 sint;
1923 4263 1977 4308 et
2002 4265 2149 4308 certe
2178 4269 2305 4321 apes
2333 4255 2536 4309 semina
2557 4255 2784 4308 liliorum
2809 4272 2912 4310 non
2941 4259 3183 4311 coeundo
3214 4274 3342 4313 con-

1769 4344 1991 4410 cipiunt,
2023 4344 2115 4397 sed
2147 4353 2394 4410 tanquam
2428 4359 2606 4411 sparsa
2641 4361 2734 4412 per
2759 4356 2925 4400 terras
2948 4363 3043 4400 ore
3068 4349 3342 4413 tolliguut.

122 4435 240 4486 me,
275 4439 364 4476 ουτ
388 4424 592 4476 “ilicet
617 4421 713 4474 ίδίθ
737 4423 987 4475 ¹¹¹ί¹¹³ευ¹³
1018 4424 1176 4475 ctiam
1211 4422 1428 4490 ηῖθὲίείε
1458 4422 1665 4475 {mutus
1695 4424 1745 4482 D
1775 4433 2117 4486 Invisibilium
2152 4435 2291 4486 enim
2319 4437 2582 4489 seminum
2613 4447 2843 4500 creator,
2877 4439 2988 4505 ipse
3023 4448 3236 4493 creatur
3263 4453 3344 4492 est

125 4517 252 4566 liant.
277 4514 404 4567 Nam
435 4524 487 4568 et
523 4513 660 4581 magi
691 4511 985 4566 Pharaonis
1022 4513 1262 4566 similiter
1293 4523 1564 4580 serpentes
1591 4513 1666 4565 fe-

123 4617 288 4658 cerunt
309 4617 362 4659 et
387 4606 488 4659 alia
521 4606 736 4658 similia.
765 4604 869 4659 Sed
904 4613 957 4669 et
989 4605 1113 4657 illud
1140 4605 1366 4672 amplius
1389 4614 1472 4658 est
1496 4606 1664 4659 adrni-

125 4691 346 4757 raudunt,
378 4696 644 4764 quomodo
686 4676 957 4763 magorum
1007 4695 1090 4746 illa
1141 4697 1372 4763 potentia
1397 4711 1512 4760 qua:
1554 4710 1668 4746 Scr-

124 4798 289 4853 piutes
335 4790 508 4843 facere
550 4790 737 4856 potuit,
787 4788 874 4840 ubi
919 4787 982 4839 ad
1036 4802 1243 4840 muscas
1288 4787 1681 4839 minutissimas-

125 4895 314 4936 Veulum
346 4896 449 4946 εει,
471 4882 686 4936 omnino
715 4881 928 4934 delc-cit.
952 4880 1232 4948 Sciuiphes
1255 4880 1394 4933 enim
1415 4881 1667 4932 tttnscultc

125 4986 232 5031 sunt
260 4979 606 5040 brevissima,
632 4991 733 5044 qua
761 4978 913 5028 tertia
939 4975 1086 5042 plaga
1108 4966 1374 5042 superbus
1391 4973 1522 5041 {Egy
1535 4973 1670 5038 ptius

129 5068 324 5132 populus
337 5067 659 5121 cedebatur.
677 5065 748 5117 lbi
767 5074 907 5119 certe
923 5064 1226 5118 deﬁcientes
1245 5064 1376 5128 magi
1401 5064 1667 5115 dixerunt:

129 5153 303 5223 Digitus
328 5157 420 5210 Dei
452 5164 536 5211 est
564 5157 680 5209 hoc.
720 5154 870 5209 Unde
894 5164 946 5207 et
971 5154 1187 5222 intelligi
1220 5154 1392 5213 datur,
1422 5169 1484 5204 ne
1527 5154 1668 5218 ipsus

129 5245 315 5308 quidem
350 5260 774 5314 transgressores
793 5246 1030 5314 angelos.
1065 5256 1118 5299 et
1155 5261 1339 5298 aereas
1358 5254 1664 5311 potestates,

132 5331 173 5383 in
195 5337 513 5391 manifestam
726 5334 881 5402 Bern,
915 5336 965 5386 in
995 5335 1150 5386 imam
1185 5333 1358 5402 istam]
1382 5335 1658 5398 caliginem

129 5433 348 5493 tauquam
375 5431 426 5482 in
457 5427 540 5482 sui
573 5431 780 5496 generis
809 5442 1098 5490 carcerem,
1133 5428 1200 5478 ab
1247 5428 1390 5480 illius
1420 5427 1661 5480 sublimis

129 5517 345 5574 a-therea:
413 5521 654 5585 puritatis
705 5519 1033 5572 habitatione
1080 5519 1346 5583 detrusas,
1399 5535 1490 5584 per
1531 5535 1663 5588 quas

129 5619 315 5673 magica:
356 5621 496 5664 artes
546 5621 782 5678 possunt,
813 5609 1064 5678 quidquid
1097 5620 1338 5677 pOSsunl,
1368 5611 1541 5664 valere
1572 5611 1664 5662 ali-

130 5699 232 5763 quid
256 5701 351 5756 nisi
383 5701 503 5753 data
538 5701 765 5769 desuper
816 5710 1096 5768 poteSIatc.
1153 5702 1310 5757 Datur
1354 5712 1526 5756 autem
1582 5703 1662 5758 vel

338 5801 603 5858 l'nuuu.
660 5797 850 5858 LX”.
1144 5782 1151 5789 ’

1775 4525 2010 4577 omnium
2046 4540 2247 4577 rerum.
2279 4525 2540 4590 Quoniam
2575 4542 2912 4594 qttmcunque
2965 4531 3234 4581 tascentlo
3281 4532 3343 4579 :ul

1774 4615 1959 4666 oculos
1992 4600 2207 4667 nostros
2238 4624 2456 4677 exetml,
2486 4626 2540 4669 et
2578 4631 2640 4669 ex
2671 4617 2892 4669 Occultis
2922 4619 3215 4671 seminibus
3257 4635 3345 4671 ac-

1776 4706 1977 4772 cipiunt
2029 4706 2402 4773 progrediendi
2452 4708 2761 4774 primordia,
2795 4719 2846 4762 et
2877 4711 3203 4776 incrementa
3254 4714 3344 4764 dc-

1777 4795 1896 4848 bitze
1913 4795 2312 4860 magnitudinis,
2334 4795 2808 4865 distinctimtesqtte
2828 4799 3138 4865 formarum,
3162 4801 3345 4853 abori-

1776 4889 2037 4955 ginalibus
2071 4899 2315 4956 tanquam
2365 4890 2560 4954 regulis
2605 4901 2840 4944 sumunt.
2876 4892 3030 4946 Sicut
3073 4910 3202 4958 ergo
3250 4913 3344 4947 ιιι-ιτ

1776 4988 2021 5045 patentes
2052 4979 2276 5031 dit-imus
2308 4989 2577 5034 crcatores
2609 4981 2910 5045 hominum,
2947 4998 3042 5035 nec
3081 4985 3344 5048 agtiCttias

1773 5084 2044 5124 creatures
2073 5071 2305 5139 frugum,
2337 5074 2576 5137 quamvis
2605 5087 2790 5124 eorum
2822 5075 3159 5127 extrinsecus
3190 5077 3343 5128 adhi-

1774 5160 1898 5214 bitis
1927 5160 2156 5211 molibus
2187 5160 2280 5211 ista
2315 5162 2539 5213 creantla
2577 5162 2665 5214 Dei
2701 5162 2867 5214 vittus
2901 5164 3120 5216 interius
3149 5180 3342 5231 operc-

1775 5258 1891 5311 tur‘;
1921 5252 1985 5300 itt
2022 5265 2122 5299 non
2157 5251 2325 5300 solum
2363 5252 2548 5312 malos,
2582 5253 2673 5303 sed
2708 5267 2804 5305 nec
2835 5254 3001 5305 bonos
3024 5257 3243 5323 angelus
3268 5260 3342 5309 ius

1772 5349 1850 5393 est
1883 5351 2066 5405 putare
2093 5351 2381 5404 creatures,
2415 5343 2458 5395 si
2487 5358 2582 5408 pro
2616 5345 2907 5397 subtilitate
2959 5345 3039 5398 sui
3073 5361 3264 5399 sensus
3293 5363 3341 5399 ιιι

1771 5433 2015 5497 corporis
2044 5433 2248 5486 sentina
2283 5450 2458 5486 rerum
2493 5435 2712 5488 istarum
2747 5435 2898 5488 nobis
2921 5437 3208 5490 occultiora
3247 5455 3340 5488 no«

1774 5534 1983 5584 verunt,
2014 5531 2066 5575 et
2091 5538 2149 5575 ea
2186 5538 2277 5589 per
2306 5540 2566 5591 congruas
2597 5527 3012 5592 temperationes
3050 5528 3338 5581 elemento.

1772 5627 1886 5664 rum
1919 5612 2142 5665 latenter
2165 5624 2440 5683 spargunt,
2466 5623 2622 5682 atque
2654 5617 2721 5668 ita
2754 5617 3132 5686 gignendat'um
3161 5633 3335 5673 rerum

1773 5715 1824 5760 et
1855 5718 1944 5760 acc
1982 5705 2317 5761 lerandorum
2355 5706 2800 5765 incrementorum
2831 5710 3068 5776 pra:th
3093 5713 3333 5764 occasio-

2857 5802 2926 5860 19
