3862 6222
571 223 667 277 587

1639 223 1694 275 D.
1742 220 2058 276 EUGYI‘PII
2099 224 2388 282 Ah‘BATIS
2426 224 2740 285 AFRICANI

3699 234 3795 288 583

569 345 680 386 nes.
715 330 817 386 Sed
849 347 944 385 uec
974 331 1095 384 huni
1122 331 1252 394 haec,
1279 329 1376 383 nisi
1399 339 1651 397 quantutn
1680 331 2003 398 Deusjubet,
2031 346 2127 386 nec
2157 338 2204 394 Α
2233 337 2347 392 illas
2373 338 2449 392 sic
2475 339 2670 406 posuit,
2700 340 2801 394 dici
2833 355 2935 394 non
2971 347 3144 409 potest
3186 347 3400 395 creator
3451 342 3693 396 colorum
3747 348 3792 396 in

567 422 695 476 tnali
744 422 1074 489 Ilﬂ‘Clletlsle
1106 420 1324 484 faciunt,
1374 419 1474 471 nisi
1520 428 1772 487 quantum
1819 420 1959 488 juste
2013 422 2126 487 ipse

569 514 856 582 permittit;
890 529 1007 567 naut
1044 512 1206 579 iniqui
1250 511 1448 564 malitia
1480 512 1804 566 voluntatem
1847 526 1995 565 suam
2028 513 2122 566 ha-

568 603 692 658 bent
721 603 991 671 injustam,
1024 609 1343 670 potestatem
1374 611 1550 656 autem
1588 615 1692 655 non
1726 602 1824 655 nisi
1851 602 1993 670 juste
2035 618 2125 657 ac-

563 693 782 758 cipiunt,
814 692 926 746 sive
959 692 1022 744 ad
1053 706 1263 760 pinnam
1308 705 1492 758 suam,
1523 691 1633 746 sive
1662 691 1727 744 ad
1762 692 2007 758 aliorum,
2040 692 2121 746 vel

562 798 770 854 poenam
803 784 1086 852 malorum,
1118 784 1203 840 vel
1232 784 1441 839 laudem
1464 785 1746 839 bonorum.
1774 784 1954 854 Itaque
1981 786 2124 853 Apo-

559 876 725 930 stolus
759 875 1072 930 discernens
1101 874 1326 930 interius
1347 875 1509 930 Deum
1531 884 1801 930 creantem
1831 887 1991 946 atque
2015 876 2124 931 for-

560 977 791 1022 mantcm
829 967 895 1022 ab
925 967 1175 1037 operibus
1213 974 1469 1021 creaturae
1500 980 1618 1036 quae
1646 967 2001 1023 admoventur
2027 984 2123 1023 ex-

563 1059 847 1125 trinsecus,
883 1058 1024 1112 etde
1053 1056 1372 1126 agricultura
1410 1056 1813 1112 similitudinem
1844 1073 2122 1114 assumens

557 1152 670 1202 ait:
703 1149 811 1218 Ego
835 1147 1086 1216 plantavi,
1121 1146 1312 1215 Apollo
1346 1145 1559 1216 rigavit,
1601 1147 1697 1202 sed
1745 1148 1888 1203 Deus
1941 1151 2120 1205 incre-

558 1253 795 1296 mentum
826 1240 990 1293 dedit.
1021 1239 1171 1295 Sicut
1195 1252 1321 1308 ergo
1358 1237 1410 1292 in
1441 1237 1553 1307 ipSa
1581 1238 1687 1292 vita
1738 1242 1919 1296 nostra
1971 1256 2120 1295 men-

557 1341 660 1384 tum
689 1329 1024 1398 justificando
1052 1329 1282 1383 formare
1303 1343 1409 1382 non
1439 1336 1636 1398 potest,
1663 1329 1765 1383 nisi
1798 1330 1957 1397 Deus,
1984 1345 2121 1400 prato

555 1425 732 1476 dieare
786 1430 959 1475 autem
996 1421 1327 1475 cstiinsecus
1354 1420 1721 1488 Evangeliutn,
1774 1429 1830 1477 et
1875 1422 2118 1477 homines

557 1525 796 1578 pussunt,
845 1526 947 1566 nou
999 1511 1168 1564 solum
1211 1511 1333 1565 boui
1364 1525 1460 1580 per
1486 1509 1787 1581 veritatem,
1819 1512 1910 1566 sed
1942 1514 2117 1565 etiam

552 1606 673 1658 tuali
700 1619 791 1671 per
815 1603 1168 1668 occasionem,
1194 1603 1262 1656 ita
1285 1603 1608 1661 creationem
1635 1616 1812 1657 rerum
1834 1602 2117 1657 visibilium

2227 431 2375 499 agnis
2401 441 2454 486 et
2493 433 2545 486 in
2578 433 2764 494 litcdis,
2820 448 2918 488 nec
2966 433 3096 504 ipsm
3141 444 3369 489 malrum
3421 435 3634 498 animae,
3679 451 3793 505 qu:

2226 521 2534 592 conceptam
2563 539 2656 592 per
2681 525 2863 580 oculos
2887 527 3126 593 corporis
3157 527 3496 596 phantasiam
3533 527 3792 582 varietatis

2234 612 2528 667 seminibus
2554 628 2713 668 carne
2734 615 3008 682 conceptis
3037 627 3291 684 quantum
3319 629 3510 673 natura
3535 633 3692 688 passa
3715 631 3791 671 est

2223 715 2595 773 asperserunl,
2639 706 2806 760 multo
2834 706 3010 762 minus
3056 708 3160 762 dici
3194 723 3352 776 posse
3385 725 3633 764 ranarum
3678 726 3787 763 ser-

2224 797 2566 865 pentiumque
2595 806 2861 852 creatures
2891 796 3111 868 angelos
3136 798 3325 865 malos,
3359 814 3458 868 per
3500 814 3629 870 quos
3655 801 3788 870 magi

2224 885 2515 942 Pharaonis
2544 895 2666 942 tunc
2690 886 2776 941 illa
2807 887 3068 943 fecerunt.

2845 1035 3073 1092 CAPUT
3111 1036 3179 1092 Χ.

2223 1144 2302 1199 De
2344 1145 2510 1219 causis
2539 1143 2872 1219 originalibus
2919 1155 3269 1219 creaturarum
3299 1150 3631 1219 «furatis-rt,
3659 1168 3783 1219 qua

2257 1216 2444 1267 mundo
2455 1213 2662 1268 Creator
2677 1216 2908 1278 inseruit,
2923 1232 2987 1268 ea:
3001 1217 3130 1269 libro
3151 1231 3206 1270 ιιι
3229 1217 3293 1271 de
3314 1217 3585 1286 Trinitate,
3604 1213 3685 1274 tit:
3699 1227 3747 1273 δ.

2291 1323 2397 1379 Sed
2436 1324 2504 1380 de
2543 1325 2860 1381 animalibus
2901 1329 3052 1396 quasi
3104 1329 3314 1383 diversa
3365 1332 3505 1383 ratio
3552 1343 3777 1390 moveat.

2222 1415 2362 1484 quod
2390 1415 2587 1471 habent
2614 1416 2860 1486 spiritum
2887 1421 3010 1472 vita:
3031 1433 3150 1473 cum
3175 1432 3336 1473 sensu
3358 1421 3639 1488 appetendi
3666 1438 3779 1489 qua

2222 1509 2514 1562 secundum
2544 1520 2784 1564 naturam
2809 1519 2954 1577 sunt,
2985 1510 3289 1580 vitandique
3310 1514 3601 1575 contraria,
3627 1514 3777 1566 etiam

2224 1598 2326 1653 hoc
2365 1607 2449 1653 est
2491 1599 2693 1664 videre,
2717 1613 2873 1669 quam
2924 1600 3076 1654 multi
3126 1599 3372 1655 homines
3426 1602 3669 1656 noverint
3714 1618 3776 1656 ev

555 1698 690 1749 licus
718 1696 939 1748 interius
962 1705 1230 1764 operatur,
1255 1693 1545 1749 exteriores
1583 1701 1757 1748 autem
1787 1694 2121 1761 Operationes
2150 1707 2195 1765 Β
2226 1689 2420 1758 quibus
2446 1688 2628 1744 herbis
2662 1698 2754 1743 aut
2781 1689 3051 1753 carnibus.
3095 1698 3189 1744 aut
3231 1705 3665 1760 quarumeunque
3700 1707 3777 1745 re-

552 1791 663 1845 siie
713 1791 993 1855 bonorum,
1025 1789 1137 1841 sive
1184 1785 1468 1849 malorum,
1517 1786 1599 1839 vel
1652 1784 1985 1854 angelorum,
2031 1784 2112 1838 vel

553 1882 848 1945 hominum,
879 1881 990 1933 sive
1017 1880 1175 1930 etiam
1204 1888 1641 1943 quorutncnttque
1669 1874 1997 1936 animalium,
2028 1887 2112 1927 se-

551 1974 780 2026 cundum
811 1969 1087 2039 imperium
1111 1983 1287 2034 suum,
1314 1977 1370 2022 et
1395 1983 1426 2021 a
1455 1982 1515 2022 se
1537 1967 1833 2036 impertitas
1859 1966 2112 2021 distribu-

551 2065 720 2116 tiones
772 2068 1112 2130 potestatum,
1160 2067 1215 2111 et
1252 2056 1605 2126 appetitiones
1650 2054 2111 2121 commoditatum,

551 2156 616 2206 ita
645 2167 820 2205 rerum
851 2159 1051 2204 naturae
1073 2148 1286 2202 adhibet
1309 2150 1361 2201 in
1392 2161 1491 2216 qua
1519 2153 1666 2200 creat
1693 2145 1892 2209 omnia,
1922 2158 2109 2213 quem-

550 2245 829 2296 admodum
880 2249 1031 2293 term-
1078 2239 1475 2308 agricu'turam.
1507 2237 1845 2307 Quapropter
1888 2237 1958 2291 ita
2004 2250 2108 2290 non

553 2354 767 2404 possum
791 2337 968 2390 dicere
995 2334 1210 2404 angelos
1246 2332 1416 2387 malos
1445 2332 1666 2401 magicis
1692 2330 1895 2385 artibus
1920 2342 2113 2384 evoca-

543 2443 643 2495 tos,
661 2442 929 2483 creatores
954 2427 1113 2480 fuisse
1132 2439 1380 2479 ranarum
1405 2434 1564 2491 atque
1590 2424 1943 2491 serpentium,
1972 2421 2112 2476 sicut

548 2538 650 2574 non
686 2532 897 2588 possum
925 2515 1105 2570 dicere
1134 2513 1377 2567 homines
1407 2513 1575 2566 malos
1600 2512 1797 2581 segetis
1823 2525 1942 2568 esse
1962 2525 2112 2568 crea-

549 2624 708 2675 tures,
756 2625 910 2678 quam
962 2623 1056 2675 per
1102 2620 1284 2661 eorum
1334 2618 1549 2673 operam
1610 2605 1793 2660 videro
1844 2611 2107 2661 exortam.

547 2704 688 2756 Sicut
721 2715 816 2753 nec
861 2697 1022 2752 Jaeob
1049 2705 1256 2750 creator
1284 2695 1519 2749 colorum
1567 2694 1621 2748 in
1661 2693 1944 2764 pecoribus
1986 2693 2104 2760 fuit,

547 2793 688 2863 quia,
717 2771 1097 2844 bibentibus-in
1124 2792 1381 2852 conceptu
1431 2784 1712 2846 matribus,
1743 2783 1973 2839 variatas
2006 2784 2111 2838 vir-

546 2902 636 2957 gas
665 2901 793 2955 quas
817 2880 1146 2938 intuerentur
1174 2876 1438 2945 apposuit.
1469 2875 1575 2931 Sed
1600 2889 1698 2930 nec
1719 2876 1850 2945 ipsa:
1882 2876 2110 2944 pecudes

546 2977 826 3034 creatrioes
857 2975 1065 3028 fuerunt
1105 2967 1378 3026 vartetatis
1421 2965 1588 3034 prolis
1623 2980 1754 3030 stite,
1786 2965 1906 3035 quia
1946 2965 2111 3020 inhae-

2223 1793 2340 1832 rum
2372 1779 2693 1846 quibuslibet
2714 1781 2888 1834 succis
2912 1789 3004 1833 aut
3047 1780 3382 1846 humoribus,
3414 1781 3499 1835 vel
3533 1783 3601 1835 ita
3645 1786 3775 1850 posi-

2218 1867 2306 1934 tis,
2336 1867 2421 1922 vel
2454 1869 2526 1921 ita
2557 1867 2787 1933 obrutis,
2817 1868 2900 1923 vel
2931 1867 2998 1922 ita
3028 1869 3289 1934 contritis,
3321 1870 3404 1924 vel
3435 1871 3506 1924 ita
3531 1872 3775 1924 commis-

2215 1958 2307 2023 tis,
2334 1971 2457 2028 qua;
2482 1958 2728 2012 animalia
2760 1958 2907 2012 nasci
2935 1958 3144 2014 soleant
3169 1977 3184 2013 :
3213 1974 3444 2029 quorum
3471 1975 3532 2016 se
3550 1961 3772 2029 quistam

2217 2050 2435 2105 demens
2455 2051 2646 2105 audeat
2666 2050 2846 2105 dicere
2872 2053 3172 2106 auctorem?
3188 2053 3324 2118 Quid
3345 2066 3475 2121 ergo
3501 2053 3682 2105 mirum
3703 2053 3766 2113 si,

2217 2141 2662 2210 quemadmodum
2711 2149 2886 2210 potest
2950 2156 3108 2197 nosse
3153 2142 3376 2210 quilibet
3419 2142 3763 2211 nequissimus

2217 2232 2376 2286 homo
2407 2232 2543 2286 unde
2567 2232 2640 2285 illi
2672 2232 2752 2287 vel
2776 2232 2850 2286 illi
2881 2246 3093 2287 vermes
3121 2246 3435 2302 musicaeque
3477 2243 3766 2290 nascantur,

2213 2321 2286 2375 ita
2315 2323 2439 2377 mali
2463 2323 2635 2392 angeli
2662 2337 2758 2394 pro
2782 2323 3075 2379 subtilitate
3111 2325 3190 2379 sui
3217 2339 3410 2379 sensus
3441 2327 3495 2378 in
3525 2325 3761 2379 occultio-

2213 2414 2362 2468 ribus
2382 2414 2766 2469 elementorum
2793 2413 3088 2470 seminibus
3116 2425 3313 2468 norunt
3338 2417 3480 2469 unde
3511 2431 3648 2469 rana
3663 2430 3765 2469 ser-

2213 2515 2505 2576 pentesque
2530 2509 2836 2570 nascantur,
2853 2515 2908 2560 et
2934 2506 3068 2572 huc,
3095 2522 3186 2574 per
3209 2518 3386 2561 certas
3405 2518 3460 2561 et
3487 2517 3638 2561 notas
3657 2518 3765 2562 tem-

2213 2598 2546 2666 perationum
2590 2599 3016 2666 opportunitates
3070 2598 3292 2652 occultis
3344 2600 3577 2653 motibus
3623 2600 3760 2651 adhi-

2214 2687 2410 2751 bendo,
2443 2687 2640 2745 faciunt
2666 2692 2860 2756 creari,
2901 2705 3004 2745 non
3033 2693 3250 2746 creant?
3281 2693 3388 2749 Sed
3419 2694 3509 2749 illa
3540 2695 3763 2747 lmines

2214 2793 2333 2849 qua:
2354 2778 2528 2834 solent
2553 2780 2620 2834 ab
2642 2780 2944 2836 hominibus
2975 2782 3091 2836 ﬁeri
3124 2797 3226 2837 non
3253 2785 3536 2838 mirantur.
3561 2785 3699 2850 Quod
3720 2785 3762 2836 si

2213 2871 2490 2941 quisquam
2535 2872 2833 2928 celeritates
2877 2874 3323 2930 incrementorum
3360 2877 3496 2932 forte
3535 2880 3760 2940 miratur,

2211 2961 2352 3030 quod
2400 2960 2488 3015 illa
2538 2963 2828 3016 animantia
2858 2971 2965 3018 tam
3016 2966 3122 3018 cito
3145 2966 3304 3021 ,facta
3341 2980 3486 3029 sunt,
3544 2968 3761 3022 attendat

546 3075 687 3123 serat
711 3068 898 3119 anima:
929 3066 1131 3119 illarum
1173 3063 1406 3118 discolor
1447 3055 1746 3133 phantasia,
1775 3071 1838 3109 ex
1867 3057 2105 3140 contuitu
2136 3058 2180 3120 C
2211 3051 2655 3120 quemadmOdUm
2677 3061 2730 3106 οι
2754 3052 2851 3107 ἱειθ
2884 3070 2976 3122 Pro
2997 3055 3212 3110 modulo
3239 3057 3502 3111 facultatis
3534 3059 3760 3110 bonum

546 3159 804 3223 variarum
852 3157 1108 3225 virgarum
1156 3170 1250 3222 per
1299 3155 1480 3210 oculos
1529 3157 1805 3224 lmpressa,
1848 3169 1966 3226 qua:
2001 3165 2104 3211 non

547 3252 713 3320 potuit
742 3251 840 3303 nisi
866 3264 1077 3316 corpus,
1105 3247 1244 3314 quod
1285 3248 1361 3301 sic
1397 3247 1586 3302 allecto
1616 3249 1804 3318 spiritu
1835 3251 2105 3304 animaba-
2145 3300 2150 3304 .

547 3355 653 3406 tur,
706 3358 772 3397 ex
823 3340 1196 3408 compassione
1244 3337 1640 3393 commixtionis
1687 3339 1920 3405 afﬁcere,
1966 3339 2106 3395 unde

547 3434 740 3487 teneris
789 3432 981 3486 fetuum
1033 3431 1334 3497 primordiis
1379 3430 1561 3486 colore
1590 3439 1740 3486 tenus
1764 3442 2102 3500 aspergetur;

547 3539 596 3577 ut
625 3525 763 3578 enim
796 3525 871 3577 sic
900 3539 963 3576 ex
994 3521 1294 3590 semetipsis
1339 3522 1658 3588 afficiantur,
1687 3523 1771 3577 vel
1821 3524 1994 3575 anima
2037 3536 2103 3578 ex

547 3630 790 3683 corpore,
820 3614 898 3668 vel
925 3627 1116 3681 corpus
1141 3628 1205 3668 es
1240 3614 1436 3676 anima,
1465 3621 1820 3683 congruentes
1867 3615 2105 3669 rationes

547 3707 597 3761 id
649 3704 869 3768 faciunt,
918 3716 1035 3771 quae
1093 3703 1594 3758 incommutabiliter
1647 3702 1832 3758 vivunt
1884 3705 1934 3757 iit
1991 3703 2103 3770 ipsa

547 3811 748 3850 summa
783 3794 874 3849 Dei
920 3793 1210 3861 Sapientia,
1261 3807 1414 3862 quam
1458 3793 1598 3848 nulla
1653 3796 1820 3863 spatia
1871 3797 2104 3849 locorum

551 3889 760 3954 capiunt
789 3902 803 3949 ;
837 3894 888 3938 et
929 3899 1047 3937 cum
1080 3883 1148 3938 sit
1190 3884 1302 3952 ipsa
1345 3883 1811 3947 incommutabilis,
1841 3884 1970 3938 nihil
2018 3899 2110 3938 eo-

546 3990 801 4047 rumqum
838 3974 920 4028 vel
966 3975 1413 4028 commutabiliter
1437 3985 1557 4028 sunt
1578 3973 1800 4040 deserit,
1830 3975 1948 4045 quia
1977 3977 2108 4030 nihil

547 4080 728 4120 eorum
759 4064 858 4118 ιιι-ἰ
892 4078 984 4132 per
1013 4063 1180 4131 ipsam
1204 4071 1438 4118 creatum
1469 4063 1676 4119 est.‘Ut
1723 4065 1864 4117 enim
1895 4065 1962 4119 de
2009 4080 2102 4132 pe-

547 4154 757 4209 coribus
783 4169 885 4207 non
912 4153 1095 4221 virgzc,
1130 4155 1229 4223 12
1256 4152 1349 4206 sed
1378 4167 1568 4221 pecora
1591 4163 1951 4215 nascerentur,
1983 4154 2104 4208 fecit

547 4253 649 4300 huc
679 4245 1127 4300 incommutabilis
1149 4256 1200 4296 et
1226 4243 1504 4296 invisibilis
1529 4245 1662 4297 ratio
1685 4243 1968 4312 Sapientiae
1987 4245 2102 4310 Dei,

548 4355 641 4409 per
666 4353 820 4406 quam
852 4345 1024 4390 creata
1057 4344 1182 4388 sunt
1209 4335 1405 4387 omnia.
1435 4335 1504 4389 Ut
1531 4343 1709 4389 autem
1745 4338 1809 4389 de
1852 4337 2105 4391 varietate

2213 3145 2280 3204 ab
2306 3143 2610 3204 hominibus
2639 3155 3006 3219 procurentur.
3040 3147 3190 3209 Unde
3219 3149 3360 3207 enim
3397 3149 3454 3206 tit
3482 3159 3537 3206 ut
3589 3151 3756 3208 eadem

2208 3256 2437 3311 corpora
2464 3238 2621 3298 citius
2649 3253 2982 3298 vermescant
3007 3254 3192 3299 testate
3214 3259 3369 3311 quam
3397 3244 3592 3306 hieme,
3618 3244 3758 3298 citius

2209 3334 2264 3388 in
2289 3333 2635 3390 calidioribus
2663 3349 2822 3402 quam
2853 3334 2906 3387 in
2929 3333 3289 3403 frigidioribus
3320 3333 3494 3388 locis?
3521 3333 3623 3390 Sed
3658 3337 3757 3387 hac

2208 3424 2277 3478 ab
2299 3423 2603 3480 hominibus
2626 3432 2774 3496 tanto
2801 3422 3073 3478 difficilius
3100 3425 3443 3489 adhibentur,
3470 3435 3664 3493 quanto
3682 3425 3758 3478 de

2206 3523 2332 3568 sunt
2359 3526 2610 3569 sensuum
2657 3514 2992 3579 subtilitates,
3026 3524 3078 3568 et
3115 3528 3401 3581 corporum
3455 3515 3757 3568 mobilitates

2208 3606 2262 3660 in
2293 3604 2546 3659 membris
2575 3604 2804 3659 terrenis
2832 3614 2886 3658 et
2910 3605 3093 3674 pigris.
3128 3604 3278 3659 Unde
3319 3604 3758 3673 qualibuscunque

2209 3698 2409 3769 angelis
2468 3698 2668 3752 vicinas
2724 3709 2916 3752 causas
2979 3697 3047 3749 ab
3097 3697 3375 3750 elementis
3429 3697 3750 3754 contrahere.

2209 3799 2408 3860 quanto
2458 3787 2662 3853 facilius
2694 3798 2796 3850 est,
2850 3795 2997 3840 tanto
3045 3786 3398 3840 mirabiliores
3461 3787 3513 3840 in
3582 3787 3748 3854 hujus-

2208 3881 2351 3936 tnodi
2381 3881 2635 3950 operibus
2673 3895 2856 3934 eorum
2881 3879 3115 3933 existunt
3143 3878 3470 3941 celeritates,
3519 3879 3610 3932 sed
3660 3893 3752 3938 non

2208 3985 2290 4030 est
2332 3983 2560 4039 creator,
2593 3973 2694 4028 nisi
2739 3975 2825 4041 qui
2872 3971 3233 4040 principaliter
3269 3972 3367 4024 ista
3416 3972 3630 4033 format;
3671 3983 3754 4023 nec

2209 4065 2484 4133 quisquam
2516 4063 2616 4117 hoc
2655 4072 2825 4130 potest
2865 4062 2965 4116 nisi
2997 4061 3087 4116 ille
3130 4076 3294 4130 penes
3338 4076 3496 4130 quem
3529 4061 3753 4130 primitus

2209 4161 2334 4206 sunt
2359 4152 2594 4206 omnium
2619 4167 2733 4221 quae
2757 4160 2879 4205 sunt
2905 4166 3186 4215 mensum,
3212 4151 3420 4204 numeri
3446 4160 3498 4204 et
3521 4151 3754 4218 pondera,

2210 4251 2262 4296 et
2294 4243 2407 4310 ipse
2443 4251 2526 4296 est
2567 4255 2703 4295 unus
2741 4250 2951 4296 creator
2983 4240 3146 4306 Deus,
3194 4254 3257 4294 ex
3317 4241 3474 4308 cujus
3527 4241 3754 4294 ineﬂabili

2212 4343 2484 4402 potentatu
2517 4333 2574 4388 lit
2599 4334 2756 4386 etiam
2784 4343 2840 4386 ut
2868 4331 3008 4403 quod
3036 4342 3252 4401 possent
3279 4332 3329 4383 hi
3356 4330 3555 4399 angeli.
3582 4333 3622 4384 si
3648 4346 3743 4398 per-

546 4434 832 4497 virgarum,
871 4440 1119 4495 pecorum
1163 4434 1540 4493 conceptorum
1577 4426 1725 4480 color
1767 4427 1961 4496 aliquid
2007 4429 2102 4480 du-
2135 4424 2180 4483 υ
2208 4424 2559 4489 mitterentur,
2585 4424 2704 4478 ideo
2725 4439 2828 4478 non
2855 4423 3229 4492 possunt,quia
3254 4436 3358 4475 non
3375 4424 3747 4489 permittuntur.

548 4526 712 4581 ceret,
743 4517 864 4571 fecit
911 4515 1010 4568 hoc
1038 4513 1207 4566 anima
1251 4515 1483 4582 gravida:
1515 4514 1733 4582 pecudis
1779 4532 1877 4584 per
1919 4514 2103 4571 oculds

546 4607 734 4662 all‘ecta
757 4607 1069 4669 forinsecus,
1101 4615 1153 4658 et
1183 4605 1403 4658 interius
1432 4619 1611 4660 secum
1640 4621 1735 4674 pro
1763 4623 1860 4662 suo
1891 4608 2104 4661 modqu

551 4696 812 4751 formandi
842 4698 1076 4765 regulam
1103 4697 1343 4759 trahens,
1375 4711 1531 4764 quam
1560 4697 1624 4752 de
1654 4698 1838 4752 intima
1871 4702 2104 4765 potentia

551 4789 629 4843 sui
659 4785 931 4840 Creatoris
961 4787 1187 4855 accepit.
1217 4785 1321 4839 Sed
1351 4795 1548 4853 quanta
1586 4787 1665 4840 vis
1697 4787 1767 4841 sit
1796 4790 2008 4851 animzc,
2037 4790 2103 4843 ad

550 4878 881 4933 afficiendam
905 4885 1063 4944 atque
1087 4875 1391 4930 mutandam
1425 4877 1703 4931 materiam
1753 4880 2109 4943 corporalem,

552 4979 873 5025 cumtamen
914 4965 1139 5020 creatrix
1167 4968 1408 5033 corporis
1436 4965 1538 5020 dici
1584 4983 1691 5022 non
1742 4971 1942 5037 possit,
1992 4971 2112 5038 quia

554 5060 726 5114 omnis
753 5073 911 5112 causa
936 5056 1202 5110 mutabilis
1230 5056 1606 5126 seusibilisque
1634 5060 1970 5123 substantia),
1992 5077 2108 5127 om-

555 5153 741 5219 nisque
766 5149 953 5204 modus
985 5157 1039 5202 et
1067 5161 1336 5212 numerus,
1369 5158 1424 5203 et
1453 5151 1658 5217 pondus
1687 5151 1831 5218 ejus,
1865 5153 2004 5207 unde
2034 5154 2110 5206 cf-

556 5242 730 5296 ficitur
753 5250 808 5293 ut
830 5251 882 5294 et
905 5241 971 5293 sit
989 5247 1042 5292 ct
1077 5249 1264 5292 natura
1294 5239 1362 5292 ita
1381 5241 1465 5293 vel
1496 5239 1566 5294 ita
1594 5242 1682 5306 sit,
1710 5242 1776 5295 ab
1796 5228 2106 5311 intelligihili

553 5341 608 5387 ct
644 5330 1057 5386 incommutabili
1089 5329 1214 5393 vita,
1247 5345 1367 5398 qua:
1393 5345 1551 5399 super
1569 5334 1747 5386 omnia
1776 5344 1877 5396 est,
1905 5336 2102 5398 existit,

552 5435 608 5480 et
633 5423 873 5492 pervenit
904 5435 1066 5490 usque
1094 5421 1157 5476 ad
1197 5431 1435 5476 extrema
1478 5431 1634 5491 atque
1661 5434 1887 5479 terrena.
1918 5425 2108 5481 Multus

557 5531 732 5573 sermo
758 5523 838 5568 est
869 5527 1036 5582 neque
1063 5527 1198 5566 nunc
1247 5514 1603 5579 necessarius,
1660 5531 1840 5568 verum
1874 5528 2109 5584 propter-

556 5626 616 5664 ea
648 5609 837 5662 factum
870 5605 1032 5660 Jacob
1061 5605 1126 5658 de
1158 5606 1436 5672 [ceurihus
1481 5609 2002 5661 commemorandum
2038 5589 2113 5663 air-

564 5700 774 5756 bitratus
796 5714 936 5766 sum,
962 5707 1015 5754 ut
1058 5696 1456 5765 intelligeretur,
1505 5697 1548 5750 si
1602 5699 1758 5750 homo
1801 5700 1888 5765 qui
1938 5702 2107 5768 virgas

2210 4514 2322 4584 Neq
2362 4529 2393 4568 e
2432 4513 2574 4567 enim
2605 4512 2835 4566 occurrit
2881 4512 2984 4565 alia
3029 4511 3164 4565 ratio
3212 4523 3312 4565 cur
3359 4526 3465 4565 non
3508 4513 3751 4579 potuerint

2211 4605 2386 4658 facere
2416 4603 2796 4656 minutissimas
2823 4615 3056 4664 muscas,
3085 4602 3174 4670 qui
3200 4617 3358 4656 ranas
3394 4614 3748 4672 serpentesque

2213 4694 2476 4754 fecerunt,
2510 4691 2611 4745 nisi
2653 4691 2775 4759 quia
2823 4691 2993 4756 major
3037 4689 3221 4744 aderat
3263 4689 3556 4746 dominatio
3591 4689 3747 4758 prohi-

2214 4783 2387 4838 bentis
2416 4783 2528 4845 Dei,
2560 4797 2652 4850 per
2696 4782 2950 4849 Spiritum
2991 4789 3254 4844 sanctum,
3297 4782 3440 4848 quod
3484 4784 3635 4836 etiam
3665 4781 3745 4845 ipsi

2214 4876 2349 4941 magi
2376 4873 2602 4927 confessi
2630 4858 2755 4926 sunt
2784 4871 3024 4926 dicentes
3065 4889 3077 4923 :
3128 4871 3333 4940 Digitus
3387 4872 3480 4926 Dei
3526 4883 3604 4926 est
3643 4872 3742 4923 bur.

2210 4963 2347 5030 Quid
2376 4973 2550 5015 autem
2591 4961 2797 5030 possint
2843 4975 2937 5030 per
2975 4960 3237 5028 naturam,
3289 4976 3388 5016 nec
3434 4963 3630 5029 possint
3669 4974 3746 5026 per

2212 5054 2640 5124 psoliihitionetn,
2669 5064 2723 5108 et
2752 5055 2876 5123 quid
2911 5067 3004 5120 per
3029 5055 3196 5120 ipsius
3223 5066 3430 5108 natura
3458 5068 3565 5107 sua:
3586 5052 3746 5106 condi-

2213 5150 2408 5201 tionem
2439 5145 2614 5200 iacere
2642 5160 2747 5198 non
2777 5143 3041 5207 sinantur,
3078 5143 3278 5198 homini
3319 5144 3599 5213 explorare
3631 5141 3744 5194 ditii-

2211 5243 2310 5295 cile
2337 5249 2437 5304 est,
2469 5240 2577 5292 imo
2605 5254 2732 5293 vero
2753 5237 3102 5306 impossibile,
3133 5237 3236 5292 nisi
3265 5252 3362 5305 per
3404 5237 3530 5290 illud
3571 5235 3741 5288 donum

2211 5331 2327 5393 Dei,
2359 5330 2496 5399 quod
2527 5313 2818 5399 Apostolus
2842 5336 3231 5384 commemorat
3257 5327 3444 5382 dicens
3469 5345 3482 5380 :
3507 5328 3602 5380 Alii
3627 5326 3742 5390 diju-

2214 5424 2408 5478 dicatio
2439 5422 2740 5489 spirituum.
2790 5419 3046 5474 Novimus
3087 5421 3354 5474 hominem
3387 5435 3542 5489 posse
3581 5416 3741 5470 ambu-

2218 5516 2348 5577 lare,
2380 5522 2433 5566 et
2464 5527 2632 5579 neque
2659 5512 2758 5566 hoc
2783 5525 2936 5579 posse
2978 5512 3022 5564 si
3059 5529 3160 5566 non
3192 5513 3558 5581 permittatur;
3587 5508 3741 5563 volate

2215 5612 2389 5657 autem
2422 5619 2524 5656 nou
2572 5617 2748 5670 posse,
2776 5603 2937 5656 etiam
2982 5602 3025 5655 si
3059 5605 3412 5669 permittatur.
3465 5603 3548 5658 Sic
3592 5606 3641 5654 et
3675 5595 3745 5650 illi

2219 5697 2387 5768 angeli
2413 5695 2654 5766 quzrdam
2683 5703 2906 5767 possunt
2935 5695 3109 5754 facere
3137 5698 3180 5751 si
3210 5698 3582 5767 permittautur
3601 5690 3662 5748 ab
3679 5704 3755 5744 at—
