3862 6222
34 216 146 272 589

34 434 146 471 non
182 429 437 488 possunt,
485 435 582 472 nec
617 420 659 470 si
691 419 759 468 ab
799 417 878 469 eis
926 413 1319 482 permutantur,
1376 411 1497 479 quia
1542 411 1630 464 ille

35 528 146 566 non
191 513 487 580 permittit,
519 526 548 563 a
577 523 685 575 quo
728 509 827 561 illis
869 517 949 560 est
1002 505 1121 558 talis
1170 514 1374 555 natura:
1420 501 1628 562 modus,

33 607 124 672 qui
158 606 334 658 etiam
367 619 461 672 per
489 602 705 672 angelos
743 615 870 654 suos
917 610 970 653 et
1020 598 1106 652 illa
1161 597 1474 666 plenumque
1523 609 1629 648 non

37 696 338 765 permittit,
370 711 488 765 quae
515 694 782 750 concessit
806 703 860 748 ut
892 692 1117 760 possint.

671 847 895 903 CAPUT
934 847 1024 903 XI.

41 960 117 1012 De
149 959 350 1027 simpla
380 959 660 1015 Saluatoris
691 959 870 1021 nostri,
893 959 1031 1026 quod
1057 959 1125 1012 ad
1154 959 1366 1024 duplum
1405 966 1633 1010 nostrum

71 1032 349 1083 concurrit
379 1040 423 1084 et
445 1031 696 1101 congruit,
719 1045 781 1083 ea:
803 1028 932 1083 libro
955 1045 1004 1083 tv
1026 1031 1089 1082 de
1111 1028 1382 1092 Trinitate,
1397 1043 1512 1094 cap.
1543 1029 1595 1080 3.

118 1142 329 1196 Verum
359 1141 498 1210 quod
539 1140 700 1195 instat
743 1139 796 1194 in
826 1140 1127 1209 prasentia,
1174 1149 1427 1208 quantum
1473 1137 1633 1200 donat

45 1233 215 1298 Deus,
253 1232 660 1287 edisserendum
714 1239 843 1285 est:
893 1229 1339 1299 quemadmodum
1382 1229 1630 1296 simplum

47 1323 277 1381 Domini
297 1334 351 1380 et
369 1325 662 1382 Salvatoris
689 1324 851 1379 nostri
879 1322 1006 1378 Iesu
1031 1321 1232 1377 Christi
1257 1321 1423 1389 duplo
1451 1328 1634 1374 nostro
1659 1364 1661 1366 .

45 1425 339 1485 congruat,
385 1426 440 1471 et
483 1415 875 1485 quodammodo
923 1413 1175 1468 concinat
1240 1413 1305 1466 ad
1382 1412 1630 1466 salutem.

48 1504 160 1560 Nos
189 1516 366 1572 certe,
399 1507 540 1576 quod
565 1521 723 1561 nemo
743 1504 1077 1561 Christianus
1102 1505 1347 1574 amhigit,
1378 1515 1431 1559 et
1454 1504 1631 1558 anima

49 1607 101 1649 et
121 1612 368 1665 corpore
387 1598 582 1652 mortui
615 1611 798 1652 sumus
823 1613 838 1650 :
869 1598 1047 1651 anima
1086 1607 1302 1666 propter
1331 1604 1628 1665 peceatum,

1317 166 1751 263 TllESAlanS.
1793 203 1942 258 car.
1985 202 2076 258 tu.

33 327 172 394 gulis
207 329 624 397 potentioribus,
659 341 722 380 ex
769 324 993 392 imperio
1033 322 1160 384 Dei;
1205 322 1447 387 outedam
1497 334 1622 373 vero
1654 326 1694 378 Δ
1727 327 1831 377 est,
1882 315 2131 384 quoniam
2172 315 2342 380 justus.
2376 330 2438 368 ex
2487 314 2589 369 lide
2619 314 2768 368 vivit.
2801 314 2904 369 Sed
2947 315 3071 384 quid
3127 317 3304 383 sequi.
3393 380 3397 385 _

3200 200 3303 254 3290

1737 411 1856 460 tur?
1893 408 1991 477 13
2020 408 2075 461 Si
2104 416 2280 459 autem
2309 408 2526 475 spiritus
2557 421 2671 475 egus
2701 407 2788 475 qtti
2812 407 3085 460 suscitavit
3122 406 3305 460 .lesum

1735 499 2000 552 Christum
2024 511 2095 552 ex
2126 498 2348 551 mortuis
2381 498 2580 551 habitat
2606 499 2655 551 in
2700 498 2870 559 vobis,
2895 498 2983 566 qui
3027 497 3307 553 suscitavit

1733 587 1914 642 Jesum
1944 587 2212 642 Chri~tum
2259 603 2286 640 a
2319 587 2576 650 mortuis,
2627 588 2914 641 viviticahit
2964 597 3020 642 et
3059 589 3302 651 mortalia

1734 692 1960 746 corpora
1999 687 2193 743 vestra,
2243 691 2338 746 per
2389 678 2770 731 inhabitantt-m
2817 680 3062 742 spiritum
3090 678 3208 748 ejus
3254 680 3309 733 itt

1735 771 1906 825 vobis.
1953 770 2086 825 lluic
2127 784 2254 840 ergo
2282 769 2460 838 duplze
2502 769 2658 824 morti
2698 781 2894 824 ιιοςιιω
2923 770 3174 827 Salvator
3202 772 3300 824 im.

1737 863 1920 930 pendit
1946 861 2187 930 sitnplant
2219 875 2392 928 suam,
2426 870 2480 915 ct
2510 861 2573 914 ad
2607 860 2899 914 l'aeiemla‘m
2919 870 3195 929 utramque
3217 877 3304 915 re-

1734 953 2138 1008 suscitationem
2182 962 2454 1020 nostram,
2501 953 2552 1005 in
2594 961 2931 1006 sacramento
2959 961 3013 1006 et
3060 952 3308 1020 exemplo

1737 1045 2026 1113 pt‘a'posuit
2053 1053 2106 1099 et
2128 1046 2402 1112 proposuit
2426 1060 2582 1098 unam
2633 1057 2804 1098 suam.
2834 1045 3015 1112 Neque
3033 1046 3177 1099 enim
3208 1045 3304 1097 luit

1739 1147 1984 1208 [necatur
2012 1146 2103 1191 aut
2127 1137 2344 1205 impius,
2370 1144 2429 1189 ut
2456 1136 2526 1201 ei,
2561 1145 2808 1206 tanquam
2839 1135 3025 1202 spiritu
3071 1148 3305 1200 mortuo,

1738 1237 1786 1288 in
1817 1235 2069 1289 interiore
2113 1234 2328 1289 homine
2351 1233 2593 1288 renovari
2620 1248 2752 1302 opus
2782 1244 2944 1299 esset,
2972 1243 3026 1288 et
3058 1243 3305 1303 tanquam

1736 1324 2100 1394 resipiscendo
2127 1326 2191 1378 ad
2218 1326 2382 1379 vitam
2402 1324 2623 1394 iustitia:
2647 1325 2881 1378 revocari
2911 1342 2922 1377 :
2956 1325 3048 1379 sed
3087 1327 3303 1378 indutus

1734 1430 1896 1469 carne
1923 1415 2166 1479 mortali,
2199 1423 2251 1469 ct
2277 1415 2388 1468 sola
2441 1414 2708 1478 moriens,
2745 1413 2855 1468 sola
2900 1430 3211 1482 resurgens.
3244 1431 3305 1468 ca

1734 1506 1844 1559 sola
1869 1505 2022 1559 nobis
2041 1505 2104 1559 ad
2129 1517 2411 1573 utrumque
2434 1504 2852 1572 coneinuit,eum
2879 1506 2926 1557 iu
2953 1521 3014 1560 ea
3045 1506 3188 1560 ﬂeret
3216 1506 3299 1559 in-

1736 1595 1947 1651 terioris
1975 1595 2203 1650 hominis
2219 1605 2630 1660 sacramentum,
2659 1598 2940 1650 exterioris
2968 1598 3301 1666 exemplum:

49 1702 288 1755 corpore
318 1699 534 1757 propter
561 1702 772 1757 panum
803 1686 1030 1756 peccati,
1061 1699 1124 1742 ac
1154 1702 1247 1756 per
1279 1687 1380 1742 hoc
1425 1698 1478 1741 et
1507 1701 1628 1740 cor-
1663 1687 1707 1746 Β
1735 1688 2003 1743 interioris
2030 1688 2171 1744 enim
2218 1688 2455 1742 hominis
2484 1687 2651 1742 nostri
2697 1697 3028 1741 sacramento
3073 1689 3195 1742 data
3222 1699 3306 1743 est

52 1792 207 1844 pore,
243 1789 462 1846 propter
495 1789 787 1844 peccatum.
820 1778 1040 1845 Utrique
1061 1789 1240 1834 autem
1290 1777 1366 1834 rei
1415 1785 1630 1840 nostrte,

51 1867 104 1920 id
131 1877 245 1933 est,
280 1879 332 1924 et
354 1871 542 1923 animae
564 1879 616 1923 et
639 1869 869 1938 corpori,
895 1869 1152 1925 medicina
1174 1877 1229 1923 et
1250 1870 1634 1923 resurrectione

54 1975 192 2026 opus
221 1968 364 2025 erat,
394 1971 448 2014 ut
479 1961 529 2014 in
559 1961 752 2014 melius
773 1970 1118 2016 renovaretur
1139 1960 1280 2029 quod
1310 1970 1420 2014 erat
1453 1959 1631 2014 in-dc-

55 2051 231 2105 terius
277 2062 682 2106 commutatum.
727 2051 865 2107 Mors
915 2060 1092 2106 autem
1138 2052 1330 2105 animae
1391 2049 1634 2118 impietas

58 2149 160 2204 est,
192 2149 254 2194 et
282 2154 427 2195 mors
456 2141 698 2209 corporis
727 2139 1181 2209 corruptibilitas,
1233 2154 1326 2210 per
1376 2153 1532 2208 quam
1577 2138 1635 2192 ﬁt

58 2240 110 2285 ct
137 2231 342 2285 anime
377 2245 408 2285 a
451 2245 678 2301 corpore
695 2229 1002 2286 abscessus.
1046 2229 1196 2285 Sicut
1240 2229 1380 2284 enim
1406 2229 1627 2294 anima,

60 2321 351 2377 deserente
380 2322 508 2386 Deo,
540 2321 836 2392 siccorpus
858 2321 1036 2375 anima
1063 2321 1343 2376 desettcute
1367 2314 1590 2374 moritur
1616 2336 1629 2372 :

61 2413 202 2466 unde
237 2413 323 2468 illa
366 2413 423 2467 lit
471 2412 749 2479 insipiens,
808 2410 910 2467 hoc
962 2412 1226 2467 exanime.
1270 2409 1634 2483 lit-suscitatur

65 2518 192 2571 ergo
221 2505 399 2558 anima
430 2518 524 2573 per
552 2503 942 2574 ptenitcntiam,
982 2510 1036 2558 et
1084 2503 1134 2556 in
1191 2515 1415 2569 corpore
1459 2501 1633 2554 adhuc

67 2597 276 2650 mortali
304 2599 579 2653 renovatio
610 2597 731 2651 vitae
760 2596 1038 2651 inchoatur
1061 2610 1089 2650 a
1123 2594 1239 2654 lide.
1269 2608 1370 2663 qua
1398 2594 1634 2649 creditur

68 2688 119 2736 iu
167 2701 292 2740 eum
337 2688 426 2756 qui
489 2672 744 2756 justilicat
791 2687 1032 2754 impium,
1087 2686 1345 2754 bonisque
1395 2685 1634 2740 moribus

69 2789 292 2847 augetur
312 2789 366 2834 et
392 2782 677 2834 roboratur
706 2777 774 2834 de
799 2778 885 2833 die
912 2781 964 2833 in
995 2778 1158 2841 diem.
1185 2790 1303 2832 cum
1329 2774 1496 2846 magis
1519 2789 1632 2830 ma-

73 2874 261 2938 gisque
291 2883 580 2926 renovatur
606 2870 826 2924 interior
868 2869 1063 2926 homo-
1097 2867 1302 2936 Corpus
1347 2882 1474 2922 vero
1519 2876 1634 2922 tau.

71 2975 223 3025 quam
249 2961 408 3015 homo
429 2961 688 3028 exterior,
711 2968 908 3026 quanto
934 2968 1014 3014 est
1043 2958 1156 3014 haec
1178 2960 1283 3012 vita
1311 2958 1630 3024 diuturnior.

74 3060 216 3105 tanto
241 3053 406 3122 magis
436 3053 715 3121 magisque
769 3050 1130 3118 corrumpitur
1173 3048 1259 3102 τε]
1318 3037 1506 3111 atate,
1549 3047 1632 3102 vel
1663 3060 1709 3122 ο
1739 3060 1973 3123 namque
1995 3039 2199 3122 agitur,
2229 3052 2368 3123 quod
2398 3053 2539 3107 idem
2569 3053 2857 3121 Apostolus
2896 3055 3022 3109 dicit
3051 3072 3066 3110 :
3116 3057 3304 3111 Exuite
3387 3062 3414 3110 '.

77 3145 280 3206 morbo,
304 3143 386 3198 vel
420 3143 584 3199 variis
613 3139 1009 3205 aﬂlietionibus,
1033 3142 1207 3194 donec
1236 3139 1355 3193 veni
1374 3148 1411 3193 οι
1444 3138 1509 3191 ad
1556 3140 1636 3191 ul-

79 3235 276 3299 timam,
301 3251 419 3306 qua:
443 3236 512 3289 ab
532 3234 835 3289 hominibus
860 3248 1006 3290 mors
1029 3243 1247 3288 vocatur
1278 3248 1292 3287 :
1315 3231 1431 3301 ejus
1457 3241 1633 3285 autem

78 3327 393 3379 resurrectio
415 3325 657 3380 dilTertur
679 3326 730 3378 in
759 3324 1073 3390 linem,cum
1104 3333 1157 3378 et
1189 3325 1300 3391 ipsa
1324 3321 1635 3392 justilicatio

89 3426 261 3467 nostra
295 3415 596 3482 perﬁcietur
623 3412 980 3468 ineﬂ'abiliter.
1018 3411 1167 3466 Tunc
1187 3414 1328 3466 enim
1354 3412 1401 3466 ei
1420 3411 1637 3483 similes

83 3503 549 3576 erimus,qnoniam
576 3504 872 3559 videbimus
901 3496 1202 3558 cum"siceti
1226 3512 1481 3564 ext,nunc
1505 3515 1635 3556 vero

79 3600 316 3665 quamdiu
339 3615 534 3668 corpus
556 3599 694 3668 quod
714 3598 1073 3666 corrumpitur
1101 3606 1352 3666 aggravat
1375 3587 1632 3659 animam:

83 3701 130 3742 et
158 3695 259 3745 vlta
301 3693 529 3746 humana
558 3705 716 3757 super
742 3699 934 3744 terram
966 3698 1076 3740 tota
1101 3687 1322 3741 tentatio
1349 3680 1468 3752 est,
1528 3700 1634 3740 non

81 3780 443 3848 jtistilicabitur
468 3784 519 3836 in
542 3790 829 3850 conspectu
849 3780 963 3848 ejus
993 3778 1168 3832 omnis
1188 3779 1394 3840 vivens,
1411 3779 1461 3830 in
1482 3790 1632 3830 eom-

86 3881 346 3945 paratione
370 3881 588 3950 justitia:
620 3893 720 3946 qua
745 3875 1075 3950 mquabimur
1102 3873 1323 3942 angelis,
1355 3882 1408 3926 et
1452 3871 1634 3941 gloria

85 3984 192 4035 quae
220 3971 541 4026 revelabitur
569 3969 622 4023 in
654 3968 828 4023 nobis.
863 3967 1137 4020 De‘morte
1163 3975 1338 4018 autem
1369 3963 1631 4025 animum

87 4071 242 4117 morte
265 4059 507 4132 corporis
527 4059 920 4128 disdnguenda,
953 4056 1078 4125 quid
1121 4055 1269 4122 plura
1299 4067 1629 4108 commemo-

88 4167 357 4219 rem,cum
386 4155 642 4209 Dominus
671 4154 722 4206 in
753 4149 1076 4217 Evangelica
1125 4147 1384 4202 sententia
1431 4154 1634 4198 utram-

89 4258 177 4309 que
205 4256 425 4300 mortem
453 4245 620 4298 cuivis
651 4240 804 4296 facile
825 4237 1233 4293 discernendum
1270 4237 1521 4305 posuerit,
1544 4235 1632 4290 ubi

89 4335 151 4387 ait
175 4354 186 4386 :
215 4336 338 4391 Sine
367 4343 608 4390 mortuos
636 4332 864 4400 sepelire
894 4339 1132 4384 mortuos
1170 4327 1337 4381 suos?
1361 4324 1634 4393 Sepelienl

90 4425 200 4481 dum
227 4431 416 4497 quippe
444 4442 639 4493 corpus
664 4435 928 4479 mortuum
961 4431 1098 4487 erat,
1125 4421 1428 4489 sepultores
1457 4423 1631 4473 autem
1666 4434 1715 4493 ι)

93 4517 210 4582 ejus,
245 4535 334 4588 per
373 4518 739 4572 inﬁdelitatem
772 4513 1061 4582 impietatis
1093 4515 1143 4565 in
1169 4513 1366 4574 anima,
1399 4520 1638 4565 mortuos

96 4604 293 4677 intelligi
320 4608 523 4670 voluit,
545 4607 726 4675 quales
749 4605 1046 4659 excitantur
1071 4616 1190 4655 eum
1217 4603 1412 4654 dicitur
1435 4618 1448 4653 :
1468 4600 1636 4668 Surge

95 4699 170 4762 qui
197 4698 416 4758 dormis,
448 4707 501 4751 et
527 4709 757 4763 exsurge
801 4710 830 4748 a
863 4694 1104 4754 matteis,
1136 4699 1190 4746 et
1233 4691 1551 4745 illuminabit
1588 4703 1638 4744 te

95 4789 336 4843 Christus.
373 4789 674 4842 Detestatur
694 4795 875 4839 autem
897 4785 1180 4849 quaiudam
1225 4790 1450 4835 modem
1498 4785 1638 4848 Apo-

97 4882 244 4934 stolus
265 4881 450 4934 dicens
479 4879 546 4931 de
572 4876 727 4929 vidua
755 4893 766 4926 :
799 4875 928 4940 Qut:
959 4883 1135 4926 autem
1183 4874 1232 4924 in
1273 4871 1479 4924 deliciis
1509 4872 1632 4938 agit,

97 4973 255 5027 \‘ivens
301 4980 504 5026 mortua
534 4978 635 5022 est.
681 4967 869 5020 Anima
915 4966 1073 5034 igitur
1110 4967 1217 5032 jim
1260 4966 1340 5033 pia
1371 4979 1488 5032 qua:
1536 4964 1632 5015 l‘uit

98 5062 254 5130 impia,
285 5071 500 5132 propter
525 5061 784 5131 justitiam
825 5059 944 5112 lidei
985 5057 1177 5111 dicitur
1224 5073 1289 5112 ex
1329 5066 1500 5110 ntortc
1547 5071 1631 5110 re-

97 5155 386 5218 surrexisse,
420 5163 577 5221 atque
603 5153 800 5212 vivere,
833 5163 1025 5218 corpus
1068 5159 1247 5202 autem
1292 5164 1395 5201 non
1425 5157 1629 5201 tantum

100 5248 380 5298 Illorilllnlm
409 5253 621 5313 propter
646 5241 836 5293 animat
855 5241 1161 5294 abscessum
1187 5241 1275 5309 qui
1303 5239 1510 5294 futurus
1530 5248 1632 5300 est,

100 5333 171 5382 sed
203 5346 409 5403 propter
439 5340 636 5384 tantam
667 5330 1236 5382 inlirmitatem'carnis
1279 5339 1333 5382 et
1361 5329 1632 5397 sanguinis

102 5424 295 5485 quodam
360 5427 479 5478 loco
548 5425 599 5476 itt
643 5423 928 5494 Scripturis
995 5424 1153 5476 etiam
1221 5437 1486 5475 mortuum
1544 5421 1629 5473 di-

103 5510 228 5576 citur,
273 5513 854 5584 loquenle‘Aposlolo:
899 5511 1104 5580 Corpus
1141 5510 1354 5580 quidem
1382 5551 1398 5574 ,
1439 5511 1628 5578 inquit,

105 5615 330 5658 mortuum
371 5613 453 5658 est
487 5612 699 5672 propter
725 5613 1015 5670 peceatum,
1049 5605 1269 5671 Spiritus
1307 5613 1483 5656 autem
1525 5606 1630 5654 vita

107 5705 173 5746 est
230 5709 437 5768 propter
518 5693 796 5763 justitiam.
858 5696 979 5750 llaec
1057 5679 1160 5749 vita
1214 5711 1279 5752 ex
1341 5696 1440 5750 lidc
1496 5695 1628 5750 facta

1737 1777 1826 1833 illa
1857 1793 1992 1844 vox,
2021 1779 2290 1849 pertinens
2305 1779 2369 1833 ad
2402 1789 2624 1833 mortem
2656 1779 2848 1831 anima:
2879 1790 3072 1832 nosme
3108 1781 3308 1850 signili~

1735 1871 1981 1940 caudam,
2009 1885 2113 1928 nun
2138 1873 2310 1929 solum
2335 1874 2387 1927 in
2408 1873 2633 1942 psalmo,
2656 1875 2999 1928 verumeliarn
3028 1875 3080 1929 in
3110 1890 3301 1930 cruce:

1739 1963 1875 2017 Dens
1905 1978 2080 2028 meus,
2112 1963 2252 2020 Deus
2284 1972 2452 2027 meus,
2473 1975 2530 2016 ut
2560 1963 2682 2034 quid
2713 1979 2796 2018 me
2828 1964 3187 2034 dereliquisti?
3208 1965 3302 2022 Cui

1737 2054 1850 2108 voci
1877 2054 2120 2123 congruit
2142 2055 2426 2123 Apostolus
2451 2055 2638 2108 dicens
2667 2072 2678 2105 :
2713 2055 2954 2109 Scientes
2981 2059 3101 2126 quia
3134 2067 3186 2110 «ιι
3207 2075 3300 2112 ve-

1733 2155 1821 2202 tus
1851 2146 2012 2200 homo
2060 2157 2245 2202 noster
2282 2146 2440 2201 simul
2487 2147 2777 2201 crucifixus
2821 2158 2923 2213 est,
2972 2131 3029 2202 ut
3076 2165 3302 2205 evacue~

1735 2247 1822 2290 tur
1848 2251 2042 2306 corpus
2073 2240 2296 2305 peccati,
2325 2247 2383 2292 ut
2409 2238 2545 2293 ultra
2578 2254 2680 2291 non
2713 2240 3005 2294 serviamus
3037 2253 3254 2310 peccato
3280 2261 3300 2300 ί
3327 2266 3340 2272 -

1736 2325 2008 2380 cruciﬁxio
2035 2327 2228 2395 quippe
2257 2328 2529 2382 interioris
2552 2327 2781 2381 hominis
2801 2329 3122 2396 pmuitcntie
3151 2332 3303 2385 dolo-

1738 2433 1824 2472 res
1864 2417 2262 2487 intell'guntur,
2317 2425 2372 2473 et
2416 2419 2759 2473 eontinentire
2809 2417 3022 2487 qnidnn
3071 2420 3301 2474 salubris

1737 2509 2022 2570 cruciatus,
2053 2523 2148 2578 per
2179 2523 2336 2579 quam
2363 2518 2585 2563 mortem
2611 2524 2754 2563 mors
2785 2509 3062 2576 impietatis
3084 2512 3302 2580 perimi~

1739 2607 1840 2662 tur,
1870 2596 1926 2651 in
1953 2613 2054 2665 qua
2080 2611 2176 2652 nt-s
2218 2612 2322 2651 non
2379 2597 2593 2666 reliquit
2640 2597 2799 2652 Deus.
2829 2598 2897 2651 Et
2946 2599 3062 2653 ideo
3093 2615 3186 2666 per
3226 2612 3302 2653 ta.

1738 2689 1839 2742 lem
1866 2702 2076 2743 crucem
2117 2697 2402 2757 evacuatur
2446 2702 2638 2754 corpus
2686 2689 2916 2756 peccati,
2951 2700 3004 2742 ut
3042 2689 3153 2758 jam
3196 2708 3302 2746 non

1737 2778 2089 2832 exhibeamus
2111 2793 2177 2831 ma
2199 2780 2347 2832 mbra
2372 2785 2550 2832 nostra
2575 2793 2722 2831 arma
2743 2778 3034 2849 iniquitatis
3063 2794 3302 2848 peccato.

1737 2871 1858 2938 quia
1890 2880 1942 2924 et
1967 2869 2186 2924 interior
2214 2870 2405 2935 homo,
2437 2871 2480 2924 si
2507 2871 2689 2937 utique
2718 2881 3001 2926 renovatur
3029 2873 3096 2929 de
3135 2874 3220 2928 die
3251 2877 3304 2930 in

1737 2961 1900 3025 diem,
1926 2962 2181 3031 profecto
2207 2971 2358 3015 vetus
2377 2969 2491 3028 est,
2520 2971 2800 3031 antequam
2826 2975 3135 3029 renovetur;
3164 2966 3304 3020 intus

1739 3158 1833 3198 vos
1875 3151 2109 3197 veterem
2158 3143 2426 3198 hominem
2475 3152 2529 3198 et
2568 3143 2770 3198 indu'te
2816 3160 3030 3211 novum,
3062 3149 3202 3216 quod
3233 3150 3303 3203 ita

1736 3244 2126 3303 consequenter
2152 3234 2405 3301 exponit:
2434 3234 2772 3302 Quapropter
2800 3235 3129 3303 deponen'cs
3158 3255 3303 3291 uten-

1737 3324 1965 3387 daeium,
1999 3325 2271 3394 loquimini
2321 3326 2622 3380 veritatem.
2674 3327 2768 3381 Ubi
2812 3337 2988 3382 autem
3020 3330 3302 3397 deponitur

1737 3416 2089 3478 mendacium,
2123 3416 2222 3469 nisi
2254 3417 2391 3469 intus
2429 3426 2487 3468 ut
2518 3416 2797 3483 inhabitet,
2827 3417 2880 3471 in
2910 3434 3088 3474 mon'e
3113 3433 3303 3474 sancto

1736 3505 1851 3571 Dei,
1881 3507 1969 3576 qui
1997 3505 2229 3573 loquitur
2255 3505 2529 3559 veritatem
2557 3508 2608 3558 in
2631 3507 2792 3561 corde
2813 3509 2941 3560 suo?
2966 3508 3301 3564 llesurrectio

1735 3611 1864 3651 vero
1887 3596 2129 3665 corporis
2163 3597 2374 3650 Domini
2404 3597 2468 3649 ad
2499 3609 2889 3652 sacramentum
2919 3600 3184 3653 interioris
3214 3617 3300 3657 re-

1736 3687 2080 3742 surrectionis
2109 3695 2306 3740 nostra:
2354 3689 2621 3756 pertinere
2661 3689 2984 3755 ostenditur,
3025 3691 3111 3743 ubi
3155 3705 3302 3756 post.

1735 3792 1893 3848 quam
1912 3776 2204 3832 resurrexit
2228 3777 2299 3831 ait
2316 3779 2550 3832 mulieri:
2577 3777 2694 3831 Noli
2710 3793 2796 3832 me
2810 3790 3044 3848 tangere,
3065 3782 3301 3837 nondum

1735 3868 1877 3922 enim
1907 3866 2124 3920 escendi
2154 3866 2220 3920 ad
2248 3865 2470 3937 Patrem,
2503 3882 2699 3920 meum.
2739 3865 2835 3920 Cui
2875 3870 3130 3938 mysterio
3171 3885 3302 3924 cou-

1735 3959 1876 4028 gruit
1920 3956 2201 4026 Apostolus
2230 3957 2412 4011 dicens
2446 3976 2458 4009 :
2492 3957 2546 4012 Si
2575 3968 2749 4011 autem
2786 3961 3151 4018 rosuri-existis
3178 3976 3302 4018 cum

1734 4047 1973 4114 Christo,
2004 4062 2122 4117 qua:
2149 4061 2358 4101 sursum
2380 4055 2505 4100 sunt
2541 4047 2786 4115 qumrite,
2815 4048 2902 4102 ubi
2930 4049 3175 4104 Christus
3197 4064 3300 4116 est,

1737 4140 1801 4195 ad
1829 4140 2100 4196 dexteram
2125 4139 2217 4193 Dei
2242 4139 2455 4198 sedens;
2474 4154 2589 4206 quze
2606 4152 2814 4192 sursum
2836 4151 2956 4194 sunt
2981 4142 3178 4210 sapite:
3201 4143 3301 4198 hoc

1736 4229 1970 4283 estenim
1992 4227 2261 4282 Christum
2280 4241 2384 4281 non
2399 4237 2634 4297 tangere,
2661 4227 2760 4281 nisi
2780 4241 2898 4282 cum
2921 4230 3218 4285 ascenderit
3237 4237 3302 4285 ad

1740 4318 1968 4381 Patrem,
1994 4332 2098 4372 non
2117 4317 2182 4371 de
2199 4317 2416 4372 Christo
2428 4318 2712 4371 carnaliter
2731 4331 2937 4386 sapere.
2961 4318 3074 4371 Jam
3094 4337 3217 4373 vero
3239 4337 3266 4374 a
3291 4327 3304 4376 t

1738 4410 2042 4479 exemplum
2071 4409 2261 4463 mortis
2290 4411 2569 4463 exterioris
2601 4410 2831 4464 hominis
2861 4412 3026 4466 nostri
3077 4414 3302 4468 Domini-

1739 4519 1814 4558 (ιω
1839 4505 2016 4556 carnis
2063 4518 2207 4558 mors
2235 4503 2493 4570 pertinet,
2522 4501 2642 4570 quia
2675 4517 2769 4570 per
2813 4505 2971 4557 talem
3004 4506 3300 4570 passionem

1715 4596 1970 4648 maxime
1999 4596 2237 4647 hortatus
2260 4605 2340 4647 est
2366 4606 2548 4646 servos
2579 4607 2721 4654 suos,
2755 4601 2812 4645 ut
2843 4608 2944 4646 non
2971 4595 3186 4648 timeant
3207 4611 3302 4649 eos

1739 4687 1824 4754 qui
1855 4700 2048 4753 corpus
2078 4685 2348 4748 occidunt,
2378 4685 2608 4737 animam
2633 4694 2806 4738 autem
2831 4700 2933 4736 non
2967 4700 3184 4753 possunt
3210 4704 3302 4742 oc-

1739 4779 1937 4832 cidere.
1972 4779 2194 4845 Propter
2225 4777 2364 4844 quod
2403 4777 2530 4829 dicit
2561 4777 2850 4843 Apostolus
2885 4793 2897 4827 :
2931 4777 2995 4829 111
3026 4781 3301 4846 suppleam

1739 4886 1856 4937 quae
1883 4870 2076 4922 desunt
2102 4882 2471 4936 pressurarum
2491 4867 2688 4922 Christi
2717 4869 2768 4920 in
2799 4882 2959 4922 carne
2987 4884 3121 4922 mea.
3158 4871 3302 4924 Etad

1739 4961 2037 5026 exemplum
2087 4960 2492 5014 resurrectionis
2541 4962 2828 5014 exterioris
2868 4962 3096 5014 hominis
3137 4969 3304 5018 n0~lri

1743 5051 2003 5119 pertinere
2030 5052 2295 5105 invenitur
2313 5052 2630 5105 resurrectio
2653 5054 2892 5123 corporis
2921 5054 3155 5118 Domini,
3181 5061 3302 5122 quia

1740 5141 2013 5211 discipulis
2063 5143 2132 5193 ait
2166 5159 2176 5193 :
2231 5141 2447 5208 Palpate
2474 5151 2528 5194 et
2553 5140 2750 5205 videte,
2794 5144 2915 5210 quia
2943 5145 3154 5210 spiritus
3181 5161 3304 5200 ossa

1741 5246 1794 5289 et
1837 5228 2051 5289 carnem
2098 5248 2202 5286 non
2234 5234 2418 5296 habet,
2451 5235 2586 5287 sicut
2625 5248 2709 5287 me
2751 5235 2938 5288 videtis
2978 5237 3215 5290 habere:
3248 5251 3301 5292 et

1743 5339 1879 5377 unns
1903 5339 1966 5376 ex
1998 5322 2272 5385 discipulis
2301 5323 2457 5375 etiam
2495 5323 2766 5376 cicatrices
2794 5322 2910 5389 ejus
2939 5335 3297 5390 contrectans,

1740 5415 2053 5466 exclamavit
2083 5414 2266 5467 dicens
2297 5431 2308 5465 :
2344 5413 2591 5467 Dominus
2625 5428 2771 5466 meus
2799 5425 2848 5468 et
2876 5416 3013 5469 Deus
3044 5419 3221 5470 meus!
3246 5431 3301 5472 et

1739 5522 1857 5557 cum
1890 5505 2030 5556 illius
2075 5506 2250 5557 carnis
2281 5515 2386 5556 tota
2431 5504 2701 5572 integritas
2741 5517 3044 5574 appareret,
3078 5508 3300 5562 demon-

1740 5605 1958 5648 stratum
1982 5607 2062 5647 est
2097 5613 2145 5647 tn
2175 5610 2234 5648 ea
2270 5595 2408 5663 quod
2440 5611 2563 5646 suos
2600 5596 2888 5649 oxltortans
2917 5598 3122 5652 dixerat
3158 5616 3170 5651 :
3206 5602 3303 5653 Ca-

1740 5692 1892 5762 pillus
1915 5692 2100 5760 cnpitis
2137 5691 2294 5744 vestri
2342 5705 2442 5744 non
2488 5691 2702 5746 peribit.
2738 5691 2885 5748 Unde
2913 5696 3054 5748 enim
3104 5699 3298 5765 primo,
