3862 6222
557 236 648 290 591

1613 234 1674 287 D.
1718 233 2031 289 EI’CYI‘PEI
2072 231 2362 288 ARBATIS
2388 229 2706 287 AFRICANI
3712 239 3799 293 ελσε
3844 270 3845 275 η

567 351 677 405 Noli
704 366 788 405 me
816 358 1052 419 tangere,
1084 347 1317 401 nondum
1359 345 1499 401 enim
1548 348 1761 399 aseendi
1807 348 1870 398 ad
1914 346 2122 401 Patrem
2153 353 2202 409 Α
2231 347 2374 399 acria
2395 358 2617 423 corpora
2648 344 2825 400 facere
2850 359 2969 414 qua:
2996 359 3122 401 caro
3143 347 3392 410 miretur,
3426 357 3519 399 aut
3547 349 3699 402 etiam
3726 367 3800 403 oe-

554 439 767 495 mt'utn?
786 448 840 492 et
862 439 1023 504 unde,
1046 448 1326 506 antequam
1356 439 1606 491 ascitndat
1631 440 1694 492 ad
1728 439 1957 503 Patrem,
1987 454 2015 489 a
2044 439 2123 491 di-

553 532 771 601 scipulis
796 531 1051 599 tangitur,
1080 530 1180 583 nisi
1210 530 1331 597 quia
1364 530 1471 582 illic
1508 528 1873 582 insinuabatur
1905 530 2122 582 interio-

555 627 632 678 ris
660 623 890 676 hominis
919 634 1330 685 sacramentum,
1367 622 1450 675 ltie
1484 622 1628 692 przeb
1664 621 1818 675 batur
1838 622 2122 675 exterioris

554 698 905 784 exemplum?
952 716 1032 770 Au
1101 714 1238 768 forte
1297 713 1573 781 quisquam
1626 712 1694 765 ita
1732 723 1814 765 est
1861 712 2124 765 absurdus

553 819 711 873 atque
754 819 975 858 aversus
1007 820 1035 857 a
1064 819 1213 869 vero,
1257 812 1313 856 ttt
1339 804 1530 855 audeat
1567 802 1743 856 dicere
1772 819 1800 854 a
1842 801 1968 855 viris
1998 819 2119 856 eum

553 907 786 963 tactum,
829 905 1108 964 antequam
1151 880 1486 953 ascenderet,
1529 906 1556 942 a
1604 892 1919 945 mulieribus
1943 903 2120 947 autem

552 1002 671 1039 cum
700 985 1064 1041 ascendi~set?
1096 986 1316 1051 Protttor
1348 985 1448 1037 hoc
1469 983 1777 1051 exemplum
1809 984 1999 1038 futurae
2023 999 2123 1037 no-

551 1091 678 1132 stra:
710 1076 1114 1133 resurrectionis
1134 1078 1183 1128 in
1212 1090 1435 1142 corpore
1464 1076 1603 1144 quod
1637 1070 1987 1143 praecessitin
2018 1075 2123 1130 Do-

553 1173 717 1237 mino,
745 1171 872 1224 dicit
901 1170 1184 1237 Apostolus
1215 1185 1229 1222 :
1266 1167 1474 1223 initium
1498 1165 1766 1232 Christus,
1800 1167 1993 1223 deinde
2030 1170 2120 1236 qui

552 1261 907 1317 suntChristi.
941 1262 1015 1315 De
1037 1259 1276 1327 corporis
1304 1252 1445 1312 enim
1474 1258 1867 1313 resurrectione
1891 1259 1980 1314 illo
2004 1260 2122 1329 loco

552 1342 830 1423 agebatur.
878 1362 1091 1420 promer
1119 1366 1274 1420 quam
1317 1350 1477 1404 etiam
1509 1350 1635 1404 dicit
1660 1367 1674 1404 :
1699 1351 2125 1421 Transfiguravit

551 1461 745 1513 corpus
778 1442 1093 1497 humilitatis
1134 1451 1347 1503 nostrtu,
1377 1441 1653 1496 conforme
1695 1444 1906 1511 corpori
1938 1444 2122 1512 gloria:

550 1554 679 1593 suae.
717 1536 830 1591 Una
860 1551 987 1606 ergo
1016 1548 1164 1608 mors
1191 1535 1355 1587 nostri
1402 1534 1691 1590 Salvatoris
1730 1533 1935 1589 duabus
1980 1551 2123 1591 mor-

549 1633 688 1684 tibus
722 1629 917 1684 nostris
946 1627 1105 1682 sahtti
1139 1622 1254 1692 fuit,
1293 1638 1342 1680 ct
1373 1642 1475 1680 una
1504 1627 1619 1695 ejus
1641 1629 1961 1683 resurrectio
1988 1628 2122 1683 duas

550 1722 702 1776 nobis
739 1718 1156 1774 resurrectiones
1204 1717 1477 1786 prmstitit,
1520 1732 1640 1773 cum
1683 1732 1883 1786 corpus
1920 1718 2037 1787 ejus
2070 1722 2119 1773 in
2151 1727 2195 1787 Β

550 1824 772 1882 utraque
799 1825 877 1876 re,
904 1810 955 1864 id
984 1818 1096 1875 est,
1121 1818 1174 1864 et
1204 1811 1254 1862 in
1289 1820 1489 1873 morte,
1520 1818 1574 1863 et
1599 1811 1652 1864 in
1693 1812 2111 1877 resurrectione,

550 1920 601 1962 et
634 1909 685 1960 in
713 1913 1046 1960 sacramento
1074 1904 1342 1958 ittte:ioris
1372 1904 1601 1958 hominis
1630 1904 1819 1969 nostri,
1853 1915 1907 1959 et
1938 1921 2119 1960 exem-

550 2002 638 2071 plo
663 1998 944 2053 exterioris
973 1997 1273 2053 medieiuali
1296 1997 1523 2067 quadam
1564 1997 1931 2052 convenientia
1963 1998 2117 2051 tnini-

549 2084 767 2147 stratum
798 2097 900 2144 est.

1144 2204 1368 2260 CAPUT
1408 2205 1519 2260 XT].

549 2316 627 2372 De
649 2321 924 2372 mediatore
943 2319 1010 2369 ad
1029 2328 1234 2371 mortem
1255 2318 1480 2381 diabolo,
1511 2330 1558 2373 et
1584 2320 1860 2373 mediatore
1880 2319 1946 2372 ad
1966 2319 2117 2373 vitam

866 2390 1065 2442 Christo
1094 2389 1242 2451 Jesu,
1272 2405 1334 2442 ex
1365 2390 1539 2442 eodem
1572 2389 1698 2443 itbro
1729 2404 1799 2443 tv.

620 2502 819 2556 υυξιιιιο
848 2501 896 2554 id
925 2501 1097 2567 ipsum
1121 2500 1260 2568 quod
1299 2500 1559 2555 mediator
1587 2511 1700 2565 est,
1729 2516 1824 2567 per
1850 2515 2005 2569 quem
2038 2515 2118 2555 re-

548 2595 898 2649 conciliantur
938 2593 1066 2657 Deo,
1095 2593 1170 2647 sic
1202 2592 1397 2646 indicat
1428 2608 1442 2646 :
1475 2592 1605 2662 Ego,
1636 2593 1823 2662 inquit,
1855 2593 1906 2646 itt
1942 2592 2036 2654 eis,
2065 2601 2119 2646 et

547 2687 679 2740 tuin
709 2701 811 2748 me,
842 2696 896 2739 ut
926 2686 1027 2737 sint
1060 2685 1412 2737 consummati
1443 2684 1494 2737 in
1520 2699 1706 2752 unum.
1737 2684 1861 2737 “(1‘0
1882 2691 1964 2737 est
1993 2696 2117 2736 vera

548 2792 646 2848 pax
668 2818 684 2841 ,
707 2788 758 2833 et
787 2793 904 2832 cum
932 2789 1174 2832 creatore
1221 2786 1402 2833 nostro
1443 2779 1595 2833 nobis
1639 2777 1792 2832 firma
1830 2776 2116 2839 connexio,

546 2871 787 2939 purgatis
814 2878 868 2924 ct
890 2868 1249 2924 reconciliatis
1287 2884 1382 2938 per
1416 2869 1766 2925 mediatorem
1794 2868 1952 2922 vitae:
1983 2867 2121 2921 sicut

550 2962 794 3017 maculati
824 2972 876 3015 et
900 2960 1116 3013 alienati
1146 2960 1213 3014 ab
1239 2976 1305 3015 eo
1334 2973 1755 3025 recesseramus,
1791 2974 1884 3027 per
1915 2957 2120 3012 media»

542 3061 721 3107 torem
763 3053 967 3106 mortis.
998 3051 1144 3106 Sicut
1187 3053 1325 3106 enim
1353 3051 1598 3106 diabolus
1644 3052 1908 3120 superbus
1948 3050 2122 3105 homi-
2151 3088 2197 3151 C

546 3156 669 3197 nem
701 3141 1094 3211 superbientem
1120 3140 1369 3208 perduxit
1394 3140 1459 3195 ad
1501 3149 1748 3204 mortem,
1779 3141 1848 3196 ita
1870 3140 2120 3195 Christus

547 3232 765 3288 humilis
789 3232 1055 3287 hominem
1088 3232 1425 3287 obedientem
1448 3234 1661 3288 reduxit
1685 3235 1749 3287 ad
1784 3234 1967 3296 vitam,
1998 3236 2117 3300 quia

547 3324 685 3380 sicut
740 3322 829 3375 ille
873 3324 1041 3376 elatus
1090 3316 1311 3384 cecidit.
1358 3334 1411 3376 et
1439 3322 1634 3390 deiecit
1667 3325 2115 3397 consentientem,

474 3412 477 3417 ’
518 3460 519 3463 η
546 3417 627 3470 sic
656 3415 755 3469 iste
783 3411 1091 3467 humiliatus
1111 3414 1363 3478 surrexit,
1388 3424 1441 3467 et
1460 3415 1979 3479 erexitcredeutem;
2000 3414 2119 3480 quia

549 3507 692 3561 enim
722 3522 825 3558 nou
860 3513 1177 3571 pervenerat
1220 3503 1463 3559 diabolus
1503 3521 1608 3574 quo
1641 3503 1756 3573 ipse
1802 3505 2122 3573 perduxerat

545 3598 797 3665 (mortem
812 3596 1007 3664 quippe
1020 3596 1167 3661 spirit
1180 3610 1238 3648 us
1253 3595 1303 3647 itt
1319 3595 1586 3662 impietate
1603 3596 1863 3665 gestabat,
1881 3600 1972 3650 sed
1991 3612 2123 3649 mor-

547 3695 656 3739 tem
687 3685 863 3738 carnis
906 3700 1008 3739 nou
1040 3686 1295 3749 subierat,
1326 3685 1444 3753 quia
1478 3702 1575 3740 nec
1598 3687 1965 3741 indumentum
2000 3704 2119 3743 sus-

546 3776 809 3845 ceperat),
839 3790 1061 3846 magnus
1108 3776 1307 3830 homini
1341 3776 1623 3830 videbatur
1669 3779 1915 3849 princeps
1951 3781 2002 3833 in
2047 3783 2123 3836 ic-

547 3865 795 3935 giontbus
839 3865 1160 3930 daemonum,
1211 3880 1304 3933 per
1351 3881 1483 3934 quos
1531 3866 1859 3922 fallaciarum
1902 3885 2122 3939 regnum

546 3964 784 4019 exercet,
813 3956 890 4009 sic
918 3956 1182 4009 hominem
1212 3971 1305 4023 per
1333 3957 1577 4009 elationis
1602 3958 1841 4026 typhum,
1874 3962 2125 4027 potentiae

548 4064 706 4117 quam
723 4047 937 4117 justitiz
955 4047 1407 4115 c’upidiorcm,aut
1425 4063 1518 4116 per
1532 4048 1714 4101 falsam
1734 4048 2121 4119 philosophiam

555 4138 724 4203 magis
752 4136 961 4200 inﬂans,
1007 4147 1098 4190 aut
1142 4150 1233 4203 per
1260 4154 1409 4191 sacra
1450 4132 1727 4207 sacrilegia
1760 4141 2028 4207 irretieus,
2070 4143 2124 4197 in

550 4230 743 4297 quibus
772 4230 930 4281 etiam
985 4233 1202 4295 magicae
1233 4232 1449 4296 lallacitu
1488 4230 1809 4289 curiosiorés
1849 4236 2127 4303 superbio-

552 4336 741 4389 re-que
770 4321 974 4375 animas
996 4320 1561 4392 deceptas‘illusasque
1610 4328 1968 4397 prtecipitans,
2000 4332 2127 4385 sub-

551 4415 717 4466 ditunt
751 4422 914 4476 tenet,
943 4412 1196 4479 pollicens
1216 4414 1375 4467 etiam
1401 4418 1762 4483 purgationem
1793 4421 2005 4488 animm,
2034 4439 2128 4490 per

541 4520 644 4559 .cas
664 4518 795 4573 quas
819 4506 1021 4565 τελετὰς
1043 4506 1327 4572 appellant,
1353 4502 1782 4579 transfiguraudo
1808 4525 1866 4565 se
1887 4512 1939 4566 in
1968 4529 2131 4582 attge-

560 4596 660 4650 inu
687 4598 835 4658 lucis,
870 4611 963 4663 per
991 4597 1367 4652 multiformem
1394 4599 1773 4655 tnachinatinnt
1792 4618 1843 4655 m
1870 4604 1919 4657 iu
1964 4605 2130 4670 signis

564 4698 611 4743 tt
639 4687 890 4756 prod‘giis
919 4689 1196 4741 mendacii.
1322 4674 1327 4678 ’
1744 4683 1751 4689 ’

1042 4886 1043 4889 γ
1140 4814 1364 4877 canor
1399 4823 1533 4877 xttt.

558 4912 634 4967 De
665 4911 914 4980 facilitate
964 4909 1367 4982 ludiﬁcationum
1406 4914 1586 4982 quibus
1618 4915 1846 4970 homines
1881 4919 2130 4971 immundi

733 4984 841 5049 spir
864 4991 942 5033 tus
972 4980 1174 5049 fallunt,
1198 4998 1261 5035 ea:
1286 4980 1457 5036 eodem
1476 4985 1603 5037 libro
1631 5002 1700 5050 tv,
1720 5003 1836 5054 cup.
1867 4988 1952 5042 ii.

630 5096 806 5151 Facile
851 5103 934 5148 est
992 5094 1132 5149 enim
1171 5087 1815 5169 spiritibus.aequissimis
1859 5117 1955 5168 per
1991 5104 2132 5157 aeria

560 5203 782 5254 corpora
812 5186 987 5242 facere
1033 5186 1193 5240 multa
1230 5203 1346 5255 qute
1378 5192 1632 5245 mirentur
1676 5195 1864 5247 anitum
1909 5185 2132 5249 terrenis

559 5278 872 5345 corporibus
922 5284 1261 5346 aggravata),
1312 5280 1470 5333 etiam
1520 5284 1757 5335 melioris
1800 5285 2040 5338 allectus.
2075 5285 2131 5340 Si

559 5370 700 5424 enim
721 5380 943 5435 corpora
967 5370 1337 5448 ipsa_terrena.
1368 5372 1631 5424 nonnullis
1664 5375 1864 5426 artibus
1893 5384 1942 5427 et
1972 5391 2130 5429 exer-

557 5456 899 5513 citationibus
918 5457 1236 5521 munificam,
1264 5459 1315 5511 in
1343 5462 1659 5527 spectaculis
1688 5462 1775 5515 the
1794 5473 1858 5514 ιιι·
1881 5466 1955 5517 cis
1989 5474 2131 5518 tanta

561 5548 815 5601 ntitacula
850 5546 1150 5601 hominibus
1174 5550 1444 5612 exhibent,
1474 5560 1526 5602 ut
1560 5552 1610 5602 iti
1641 5553 1727 5619 qui
1762 5569 2026 5620 nunquam
2054 5564 2133 5606 tn-

562 5637 628 5692 hil
663 5638 904 5689 viderunt
950 5648 1156 5692 narrata
1204 5642 1287 5695 vix
1318 5643 1553 5707 credant,
1588 5646 1708 5711 quid
1755 5662 1999 5711 magnum
2049 5655 2131 5698 est

566 5728 777 5787 diuis-ia
823 5738 875 5783 ct
903 5744 1002 5800 aug
1038 5732 1097 5787 iis
1139 5733 1252 5801 ejus
1297 5736 1359 5790 de
1408 5736 1678 5805 corporeis
1724 5738 1997 5793 clementis
2037 5753 2129 5806 por

2227 436 2384 489 cultis
2424 432 2891 503 inspirationibus,
2924 436 2988 489 ad
3035 437 3367 493 illudendum
3396 436 3663 493 humanos
3684 457 3794 495 sett-

2226 537 2339 586 sus.
2370 527 2738 592 phantasmata
2769 525 3057 595 imaginum
3089 529 3411 593 machinari,
3454 529 3648 598 quibus
3678 532 3791 601 rigi-

2229 617 2400 670 lantes
2427 616 2857 686 dormientesque
2882 617 3139 686 decipiat,
3173 622 3254 674 vel
3282 610 3531 675 furentes
3547 622 3793 687 eugitct?

2224 706 2329 762 Sed
2359 706 2404 760 si
2457 707 2565 760 lieri
2596 715 2767 775 potest
2815 718 2866 761 ut
2900 709 3058 762 homo
3082 708 3187 761 vita
3230 724 3294 762 ac
3334 710 3579 764 mor-ibus
3624 712 3791 765 melior

2225 807 2431 864 spectet
2458 798 2815 863 nequissimos
2844 798 3117 863 homines,
3164 798 3249 851 vel
3280 800 3333 851 in
3367 798 3495 853 fuue
3535 805 3788 854 ambulan-

2229 896 2333 953 tes,
2362 887 2444 941 vel
2469 887 2799 945 multimodis
2828 887 3057 942 motibus
3078 903 3363 957 corporum
3398 893 3569 942 inuitat
3589 893 3789 945 iucrrdi-

2226 974 2352 1029 b'tlia
2396 977 2686 1045 facientes,
2719 992 2819 1032 nec
2866 978 2975 1032 ullo
3023 980 3183 1032 modo
3238 978 3344 1033 tale
3392 980 3590 1049 aliquid
3636 980 3786 1035 tacete

2224 1067 2603 1133 concupiscat,
2653 1081 2751 1120 nec
2803 1081 2897 1122 eos
2942 1078 3224 1137 propterea
3273 1069 3376 1123 sibi
3425 1072 3786 1139 praeponendos

2225 1158 2496 1212 existimet
2520 1174 2535 1222 ;
2568 1159 2647 1211 sic
2674 1160 2849 1211 anima
2884 1160 3055 1212 fidelis
3080 1172 3134 1213 et
3161 1160 3269 1229 pia,
3301 1176 3411 1215 non
3464 1163 3631 1216 solum
3657 1163 3785 1216 εἰτὶο

2224 1247 2389 1311 deat,
2444 1250 2793 1303 verumetiam
2833 1248 2915 1313 si,
2959 1259 3176 1318 propter
3222 1252 3565 1319 fragilitatem
3610 1254 3784 1317 cautis,

2224 1338 2513 1393 exhort'eat
2542 1340 2795 1394 miracula
2822 1339 3129 1394 daemonum
3148 1381 3162 1405 ,
3196 1357 3302 1395 non
3339 1346 3462 1396 ideo
3494 1352 3686 1407 tamen,
3710 1354 3783 1395 aut

2225 1443 2330 1483 non
2360 1443 2416 1483 se
2448 1444 2606 1494 posse
2649 1430 2771 1483 talia
2802 1430 3027 1495 dolebit,
3052 1442 3141 1485 aut
3169 1431 3239 1484 ob
3280 1433 3383 1487 hoc
3411 1433 3531 1487 illos
3561 1435 3782 1488 meliores

2225 1533 2345 1573 esse
2362 1519 2644 1588 iudicabit,
2666 1534 2790 1574 cum
2822 1522 2951 1587 sint,
2982 1523 3277 1589 praesertim
3309 1523 3361 1576 iu
3393 1526 3645 1587 societate
3678 1542 3781 1578 sau~

2226 1618 2456 1677 ctorum,
2503 1596 2593 1679 qui
2637 1626 2731 1679 per
2758 1602 3004 1681 virtutem
3042 1612 3157 1671 Dei.
3205 1614 3290 1668 cui
3334 1625 3531 1669 cuncta
3570 1604 3777 1683 subject:

2226 1712 2368 1767 sunt,
2393 1712 2447 1756 et
2474 1702 2692 1758 minime
2740 1703 2979 1770 fallacia,
3019 1717 3072 1759 et
3098 1705 3267 1761 tnulzo
3292 1708 3497 1778 majora
3536 1705 3774 1769 fecerunt,

2223 1794 2336 1850 sive
2359 1796 2626 1863 homines,
2659 1796 2773 1852 sive
2793 1797 2967 1867 angeli
2998 1798 3144 1852 boni.

2820 1930 3046 1988 CAPUT
3078 1931 3214 1987 XIV.

2226 2019 2328 2091 14
2354 2000 2425 2076 De
2454 2022 2599 2090 falsis
2637 2031 2681 2076 et
2712 2022 3014 2144 decepttztz'is
3066 1987 3457 2093 purgationibus
3477 2065 3491 2091 ,
3621 2027 3769 2081 eodem

2919 2108 2934 2143 t
2971 2108 3027 2144 ro
3058 2108 3132 2144 tv.

2919 2108 3027 2146 "HO
3058 2108 3132 2147 IV.

2292 2179 2634 2251 Nequaquam
2677 2180 2836 2251 igitur
2861 2196 2955 2251 per
3004 2184 3291 2254 sacrilegas
3315 2185 3693 2251 similitudines.
3718 2195 3762 2240 et

2223 2269 2412 2337 impias
2440 2269 2797 2335 curiositates,
2821 2280 2876 2325 et
2897 2272 3127 2341 magicas
3148 2276 3579 2330 consecrationes
3602 2277 3763 2329 animm

2222 2370 2514 2428 purgantur
2540 2410 2543 2415 .
2570 2370 2625 2414 et
2654 2362 3069 2416 reconciliantur
3099 2364 3229 2429 Deo,
3264 2367 3387 2433 quia
3419 2368 3573 2421 falsus
3600 2366 3764 2419 media-

2224 2458 2307 2501 tor
2338 2462 2441 2502 nou
2471 2449 2669 2518 trajicit
2693 2449 2757 2503 ad
2792 2452 3095 2520 superiora,
3126 2453 3220 2508 sed
3246 2456 3423 2522 potius
3452 2456 3680 2510 obsidens
3702 2457 3764 2510 itt-

2223 2538 2471 2592 tercludit
2496 2539 2635 2592 viam
2678 2554 2774 2608 per
2804 2540 3048 2608 aii’ectus,
3082 2556 3217 2611 quos
3269 2555 3415 2598 tanto
3445 2546 3762 2616 maligniores.

2222 2638 2421 2697 quanto
2449 2630 2791 2699 superbiores
2842 2645 2953 2685 suae
2993 2632 3231 2686 societati
3280 2632 3518 2703 inspirat,
3562 2637 3643 2704 qui
3678 2651 3706 2689 η
3737 2652 3760 2685 tt

2222 2730 2447 2788 possunt
2473 2721 2541 2775 ad
2572 2720 2885 2775 cvolandum
2918 2737 3120 2790 pennas
3160 2725 3371 2780 nutrire
3401 2727 3658 2790 virtutum,
3687 2728 3762 2778 sed

2225 2810 2401 2877 potius
2419 2813 2482 2865 ad
2500 2811 2915 2881 demergendum
2936 2815 3169 2883 pondera
3189 2830 3511 2885 exaggerare
3531 2818 3763 2877 vitiorum.

2226 2911 2375 2957 tanto
2404 2903 2616 2972 gravius
2656 2904 2834 2958 anima
2888 2906 3089 2959 ruitura
3120 2948 3133 2971 ,
3188 2916 3389 2976 quanto
3439 2908 3537 2961 sibi
3581 2908 3759 2959 videtur
3844 2896 3845 2969 ]

2225 3006 2400 3053 erecta
2431 2997 2737 3052 sublimius.

2839 3112 3063 3169 CAPUT
3094 3114 3203 3167 XV.

2224 3204 2301 3260 De
2321 3204 2400 3260 his
2429 3206 2513 3275 qui
2535 3206 2632 3260 sibi
2661 3206 3013 3276 purgationem
3035 3209 3098 3258 de
3124 3208 3304 3276 uirtute
3325 3207 3531 3276 pmpria
3553 3206 3761 3273 pellimu-

2738 3274 2840 3341 titr,
2869 3278 3044 3329 eodem
3074 3274 3201 3329 libro
3226 3291 3301 3328 tv.

2298 3389 2434 3443 Sunt
2454 3399 2627 3442 autem
2651 3387 2741 3457 qui
2771 3402 2831 3442 se
2850 3395 3035 3456 ptttant
3055 3388 3119 3439 ad
3150 3387 3606 3454 touteutplandum
3626 3386 3763 3439 Dctttn

2225 3486 2283 3535 ct
2315 3477 2681 3533 inhaerendum
2715 3478 2823 3532 Deo
2873 3479 3066 3532 virtute
3106 3478 3319 3546 prottria
3370 3493 3523 3545 posse
3561 3478 3760 3546 purgari,

2224 3586 2361 3641 quos
2392 3570 2502 3640 ipsa
2536 3568 2784 3637 superbia
2831 3569 3068 3622 maxime
3117 3571 3368 3622 maculat.
3423 3568 3621 3621 Nullum
3649 3570 3765 3619 enim

2226 3661 2409 3715 vitium
2436 3670 2519 3714 est
2542 3661 2623 3713 cui
2657 3661 2822 3728 magis
2843 3659 3020 3713 divina
3047 3663 3159 3726 lege
3185 3660 3485 3721 resistatur,
3508 3673 3553 3711 et
3580 3659 3626 3709 in
3653 3657 3765 3723 quoi

2229 3752 2400 3821 majus
2428 3749 2654 3818 accipiat
2678 3730 2984 3803 dominandi
3003 3748 3092 3817 jus
3129 3748 3218 3801 ille
3250 3749 3647 3815 superbissimus
3683 3748 3765 3814 spi-

2226 3851 2383 3907 rtus,
2414 3840 2479 3895 ad
2508 3841 2611 3893 ima
2642 3842 2925 3903 mediator,
2969 3839 3035 3892 ad
3085 3852 3291 3897 summa
3340 3839 3661 3899 interclusor,
3687 3838 3765 3888 nisi
3844 3838 3845 3907 ξ

2232 3933 2350 4004 (aut
2380 3931 2592 3987 occulte
2621 3909 2880 3985 insidians
2907 3930 3008 3984 alia
3043 3930 3125 3983 via
3153 3930 3447 3995 devitetur,
3475 3939 3559 3981 aut
3589 3942 3667 3995 per
3695 3941 3766 3994 po-

2230 4024 2411 4092 pulum
2460 4023 2801 4078 deiicieutem
2830 4064 2847 4090 ,
2896 4022 3036 4089 quod
3102 4021 3395 4090 interprete
3425 4037 3485 4073 ur
3532 4018 3765 4075 Amalech,

2229 4122 2411 4184 aperte
2448 4115 2702 4176 saeviens,
2734 4125 2787 4166 et
2834 4112 2899 4165 ad
2934 4122 3129 4165 terram
3174 4112 3599 4179 repromissionis
3638 4124 3763 4171 repu-

2228 4206 2441 4275 gnando
2472 4205 2751 4259 transitum
2782 4202 3008 4276 negans)
3053 4218 3148 4270 per
3175 4218 3391 4256 crucem
3426 4202 3645 4264 DominiI
3674 4212 3765 4267 quat

2230 4295 2398 4366 Moysi
2432 4296 2686 4349 manibus
2723 4295 2959 4348 extensis
2997 4300 3081 4345 est
3125 4294 3481 4362 pra-figurata,
3508 4298 3762 4357 superi-tur.

2232 4388 2367 4444 liittc
2395 4388 2553 4441 enim'
2571 4385 2673 4439 sibi
2706 4386 3071 4455 purgationem
3100 4385 3191 4437 isti
3234 4386 3429 4439 virtute
3466 4382 3654 4453 pr0pria
3680 4380 3760 4445 poi-

2162 4460 2484 4542 1)licentur,
2518 4477 2640 4545 quia
2674 4476 2910 4529 nonnulli
2934 4490 3116 4529 eorum
3152 4485 3439 4543 potuerunt
3460 4476 3616 4528 aciem
3644 4491 3761 4525 mru-

2238 4569 2474 4624 tis‘ttltra
2519 4582 2735 4622 omnem
2773 4568 3503 4629 creaturam-transmittere,
3550 4572 3596 4618 et
3628 4564 3759 4615 int-em

2238 4659 2690 4715 incommutabilis
2741 4658 2981 4712 veritatis
3030 4658 3496 4727 quantulacunque
3538 4672 3595 4710 ex
3644 4664 3756 4722 parte

2234 4752 2563 4820 contingere,
2594 4748 2733 4818 quod
2782 4746 3117 4802 Christianos
3162 4748 3363 4800 multos
3390 4762 3453 4800 ex
3477 4743 3755 4799 ﬁdeittlcrittt

2235 4844 2347 4896 sala
2398 4851 2635 4895 VlVCIllCS
2680 4840 2913 4892 nomium
2954 4837 3198 4906 potuisse
3238 4837 3501 4891 derident.
3530 4834 3621 4888 Sed
3660 4832 3753 4897 qui!

2236 4935 2454 5002 prodest
2494 4932 2835 5003 superbiettti
2874 4941 2928 4984 et
2979 4932 3050 4985 ob
3091 4931 3193 4984 hoc
3239 4928 3562 4985 erubescenti
3604 4926 3755 4993 lignum

2234 5026 2620 5090 conscendere,
2654 5024 2719 5078 de
2748 5022 3034 5093 longinquo
3057 5023 3365 5090 prospicere
3389 5020 3597 5087 patriam
3619 5026 3753 5067 tratn.

2240 5117 2534 5185 marinam?
2564 5117 2669 5169 Aut
2696 5114 2818 5185 qttid
2858 5116 3009 5168 obest
3053 5106 3236 5167 humili
3264 5114 3331 5166 de
3362 5120 3503 5165 tanta
3534 5106 3754 5162 ittlcrnilo

2235 5224 2342 5263 non
2370 5224 2486 5262 cum
2518 5208 2705 5262 videre
2736 5208 2785 5259 itt
2838 5204 2928 5260 εει.»
2960 5206 3122 5274 ligno,
3154 5204 3221 5258 ad
3270 5218 3388 5257 eam
3416 5202 3754 5263 venienti.‘l"°

2236 5301 2549 5368 dedignatur
2578 5300 2666 5353 ille
2698 5297 2932 5366 potiari?

2828 5409 3054 5465 CAPUT
3081 5408 3219 5462 XVI.

2242 5504 2315 5558 De
2353 5514 2667 5557 sacramento
2700 5502 3017 5565 llcdiatoris.
3055 5504 3116 5554 de
3137 5502 3241 5569 ﬁde
3273 5515 3372 5559 qua
3405 5498 3632 5550 credimus
3653 5501 3747 5569 trat-

2306 5577 2545 5643 poraiitrr
2570 5586 2729 5644 gestu.
2761 5584 2805 5623 et
2836 5564 3048 5625 ueritate
3074 5564 3186 5640 quo:
3215 5572 3380 5622 rcduit
3424 5578 3612 5627 adamat
3635 5578 3681 5614 νε
3699 5564 3747 5609 ⁸·

2306 5646 2393 5696 ltro
2420 5660 2466 5696 tv
2495 5644 2560 5695 de
2593 5644 2861 5707 Trittitate,
2897 5644 2977 5694 tit.
3010 5645 3093 5696 i8.

2304 5734 2434 5801 Quia
2459 5733 2616 5803 igitur
2642 5733 2929 5787 adtctcrtta
2976 5729 3298 5801 capessenda
3348 5724 3513 5784 idonei
3539 5736 3628 5777 non
3659 5730 3741 5772 εηο
