3862 6222
82 276 167 328 595

1267 255 1705 312 τηεεειωιυε.

1736 255 1888 311 CAP.
1929 252 2117 308 XVIII.
2142 259 2155 267 ‘
3199 239 3301 297 ειμι

80 381 495 450 nius,sordesque
525 383 860 448 peccatorum
881 386 979 427 nos
1010 367 1839 441 praegravabanttempo-Ajam
1898 368 2038 424 enim
2089 362 2429 422 credentibus
2508 373 2566 418 ut
2622 363 2674 418 iu
2728 363 2891 417 verbo
2945 361 3065 415 ﬁdei
3123 365 3306 413 maiie-

81 477 240 528 ralium
266 489 442 527 rerum
465 485 648 523 amore
669 474 975 528 Contractze,
998 471 1054 518 et
1077 464 1144 516 de
1175 464 1462 531 propagine
1486 475 1627 514 imr-

80 564 267 617 talitatis
282 573 528 630 tanquam
553 555 865 611 naturaliter
886 553 1103 617 inoiitte,
1122 551 1377 620 purgandi
1392 562 1627 604 eramus.

80 656 274 727 Pnrgari
303 664 480 707 autem
510 661 568 705 ut
588 657 1115 716 contemperaremur
1139 643 1375 709 aeternis,
1403 657 1504 695 non
1528 640 1628 694 nisi

83 766 160 814 per
188 745 492 815 temporalia
522 756 815 810 possemus,
842 739 1090 809 qualibus
1113 738 1219 806 jam
1246 731 1633 802 coutempcrati

83 837 390 891 tenebamur.
432 834 643 889 Sauitas
682 833 823 886 enim
851 845 880 882 a
911 829 1099 882 morbo
1136 827 1421 894 plurimum
1446 822 1630 888 distat,

81 931 159 983 sed
188 928 351 984 media
373 926 613 989 curatio,
647 925 748 978 nisi
789 923 974 977 morbo
998 930 1273 989 congruat,
1304 934 1407 971 non
1439 918 1633 986 perdu-

80 1025 141 1076 cit
163 1023 222 1076 ad
243 1022 554 1085 sanitatem;
583 1019 790 1073 inutilia
817 1016 1134 1085 temporalia
1165 1015 1437 1084 decipiunt
1461 1027 1632 1082 ἐνετο-

85 1126 174 1178 tos,
212 1114 356 1167 utilia
384 1111 700 1180 temporalia
742 1107 1035 1177 suscipiunt
1085 1107 1376 1167 sanandos,
1408 1113 1462 1157 et
1487 1103 1634 1170 traii-

84 1206 286 1260 ciuntad
304 1214 504 1258 aeterna
526 1209 760 1256 sanatus.
786 1200 934 1253 Mens
960 1211 1135 1252 autem
1175 1194 1466 1257 rationalis,
1498 1194 1638 1247 sicut

88 1304 284 1365 purgata
335 1292 838 1359 contemplationem
893 1289 1052 1342 debet
1095 1285 1253 1340 rebus
1282 1284 1527 1345 aeternis,
1562 1282 1639 1336 sic

88 1387 338 1457 purganda
367 1381 746 1457 temporalibus
776 1380 954 1434 ﬁdem.
1004 1379 1145 1432 Dixit
1174 1376 1383 1446 quidam
1402 1418 1416 1441 ,
1441 1386 1492 1429 et
1515 1374 1639 1430 illo-

89 1455 193 1532 rum
211 1476 296 1545 qui
309 1475 573 1544 quondam
605 1455 740 1542 apud
766 1471 980 1526 Graecos
1007 1470 1273 1539 sapientes
1295 1469 1456 1522 habiti
1478 1479 1597 1520 sunt
1623 1483 1637 1520 :

89 1569 333 1633 Quantum
354 1565 418 1618 ad
450 1566 503 1619 id
525 1565 666 1633 quod
683 1574 856 1617 ortum
869 1570 949 1617 est
970 1549 1236 1615 aeternitas
1250 1560 1639 1627 valet,,tautum

92 1661 145 1711 ad
175 1658 325 1711 tidem
344 1656 554 1710 veritas.
582 1655 650 1708 Et
673 1670 744 1717 ωε
770 1654 906 1718 tecto
933 1660 1016 1705 est
1045 1665 1166 1706 vera
1188 1650 1478 1713 sententia;
1501 1647 1639 1716 quod

1732 467 1853 512 rent
1880 497 1895 522 ,
1939 465 1994 512 et
2042 454 2168 510 inde
2217 454 2284 508 ad
2314 453 2617 521 veritatem,
2648 468 2710 508 ac
2742 468 2836 522 per
2863 452 2962 505 hoc
2987 452 3052 504 ad
3084 447 3304 508 aeterni-
3355 499 3361 507 .

1733 557 1894 601 tatem
1921 546 2162 616 perducti
2185 561 2213 599 a
2238 555 2409 601 morte
2438 543 2810 608 liberarentur,
2838 542 2909 598 ita
2940 535 3175 605 loquitur
3205 559 3218 594 :
3245 541 3304 594 Si

1735 635 2043 690 manseritis
2093 635 2142 688 in
2192 636 2357 704 verbo
2386 649 2524 701 meo,
2552 649 2678 688 vere
2721 632 2965 703 discipuli
2996 633 3102 688 mei
3131 631 3304 687 eritis.

1736 727 1803 780 Et
1831 726 1981 795 quasi
2011 733 2314 796 quaererent
2342 740 2448 792 quo
2497 725 2691 790 fructu,
2724 734 2938 779 secutus
2961 724 3033 778 ait
3064 740 3079 778 :
3123 722 3188 778 Et
3215 734 3306 778 co-

1734 818 2000 887 gnoscetis
2023 818 2322 872 veritatem.
2348 816 2415 870 Et
2435 831 2639 883 rursus,
2670 815 2818 886 quasi
2847 810 3120 872 dicerent:
3167 811 3306 880 Quid

1738 909 1957 978 prodest
1985 908 2297 961 mortalibus
2325 906 2556 985 veritas!
2585 907 2650 961 Et
2687 905 2914 972 veritas,
2947 905 3136 974 inquit,
3169 904 3308 960 libeo

1739 999 1878 1052 rabit
1901 1013 1996 1053 vos
2027 1015 2039 1051 :
2075 997 2245 1062 unde,
2278 997 2380 1052 nisi
2406 1012 2434 1050 a
2469 1006 2660 1064 morte,
2685 997 3095 1066 acerruptione.
3126 1010 3156 1050 a
3187 1011 3309 1050 mu-

1741 1089 2028 1143 tabilitate?
2063 1088 2266 1144 Veritas
2294 1089 2487 1158 quippe
2510 1087 2847 1154 immortalis,
2871 1088 3210 1163 incorrupta,
3228 1086 3309 1140 in-

1736 1180 2132 1235 commutabilis
2175 1187 2491 1248 permanet:
2529 1192 2652 1233 vera
2684 1187 2862 1248 autem
2904 1174 3308 1239 immortalitas,

1742 1286 1867 1325 vera
1896 1271 2527 1341 incorruptibilitas,vera
2549 1269 3055 1325 incomtuutabilitas
3086 1264 3196 1339 ipsa
3227 1275 3312 1325 est

1742 1373 2032 1417 aeternitas.
2346 1381 2348 1383 ’

2315 1493 2544 1550 CAPUT
2575 1493 2738 1549 XV".

1747 1598 1896 1664 Quod
1923 1597 2204 1652 testimonia
2228 1598 2462 1668 quaedam
2483 1603 2745 1649 venturum
2775 1594 3031 1649 Christum
3067 1609 3310 1668 pruriun-

1814 1669 2079 1733 tiavert'nt,
2117 1665 2348 1734 quadam
2377 1668 2566 1720 venisse
2598 1674 2777 1729 testata
2809 1668 2937 1732 sint,
2985 1681 3048 1720 ex
3092 1665 3219 1719 libro
3260 1680 3314 1719 tv

92 1751 218 1804 cnim
259 1763 356 1802 nos
382 1745 674 1815 temporale
703 1745 955 1804 dicimus,
991 1739 1088 1796 hoc
1134 1742 1242 1807 ille,
1275 1741 1414 1810 quod
1463 1750 1636 1803 ortum
1671 1741 1715 1800 Β
1757 1732 1761 1736 ’
1809 1741 1872 1792 de
1902 1732 2172 1802 Trinitate,
2204 1739 2279 1791 tit.
2314 1737 2402 1791 i9.

93 1849 182 1904 est,
209 1838 604 1908 appellavit,ex
628 1849 738 1904 quo
765 1848 958 1902 genere
987 1833 1145 1886 etiam
1174 1846 1270 1884 nos
1299 1845 1500 1894 sumus,
1536 1843 1639 1882 non

96 1939 280 1983 tantum
303 1926 592 1983 secundum
615 1940 832 1994 corpus,
855 1924 947 1979 sed
979 1924 1135 1976 etiam
1163 1923 1453 1975 secundum
1481 1920 1643 1979 animi

96 2021 502 2083 mutabilitatem.
535 2017 645 2071 Non
676 2017 818 2070 enim
872 2016 1082 2083 proprie
1117 2022 1334 2067 vocatur
1361 2025 1640 2080 (eternium,
1675 2025 1701 2041 ’

97 2111 220 2181 quod
247 2111 418 2179 aliqua
439 2125 504 2165 es
539 2114 685 2175 parte
711 2115 968 2168 mutatur;
996 2106 1048 2156 in
1073 2113 1322 2168 quantum
1353 2103 1510 2170 igitur
1533 2117 1645 2155 mu-

98 2201 270 2254 tabiles
286 2214 487 2266 sumus,
511 2201 561 2250 in
586 2207 786 2248 tantum
813 2196 878 2248 ab
901 2194 1194 2247 :rternitate
1215 2193 1489 2246 distamus.
1522 2191 1646 2245 l‘ro-
1672 2201 1678 2204 ’

100 2290 308 2344 mittitur
352 2297 528 2343 autem
559 2288 710 2341 nobis
749 2287 853 2338 vita
893 2292 1114 2351 tetertia,
1157 2299 1250 2351 per
1292 2281 1591 2345 veritatem,
1619 2294 1646 2333 a

101 2381 237 2450 cujus
265 2371 640 2449 perspicuitate
669 2392 850 2430 rursus
877 2368 1077 2428 tantum
1101 2375 1258 2454 distat
1286 2373 1415 2426 lides
1445 2383 1644 2434 nostra,

102 2479 338 2539 quantum
370 2471 437 2523 ab
476 2469 772 2522 aternitate
803 2466 1116 2519 mortalitas.
1160 2465 1308 2516 Nunc
1345 2477 1471 2531 ergo
1498 2462 1651 2514 aditi-

107 2567 278 2620 bemus
307 2564 462 2617 ﬁdem
491 2562 652 2616 rebus
683 2560 1043 2626 temporaliter
1081 2558 1241 2624 gestis
1282 2552 1496 2624 prepter
1534 2569 1651 2618 uos,

105 2655 152 2707 ει
173 2668 259 2722 per
291 2653 455 2721 ipsam
480 2650 814 2712 muntlamur,
846 2657 902 2700 ut
926 2662 1045 2699 cum
1076 2646 1140 2697 ad
1168 2645 1398 2712 Speciem
1447 2643 1656 2696 veneri-

109 2759 236 2809 mus,
262 2740 709 2812 quemadmodum
741 2738 976 2792 succedit
1007 2736 1125 2790 ﬁdei
1159 2735 1384 2799 veritas,
1413 2736 1481 2786 ita
1512 2749 1656 2786 mur-

110 2837 285 2890 talitati
316 2838 565 2898 succedat
586 2833 873 2888 aiter-nitas.
892 2831 1243 2899 Quapropter,
1262 2828 1508 2898 quoniam
1531 2826 1659 2879 ﬁdes

111 2938 275 2982 nostra
297 2927 385 2982 ﬁet
416 2926 632 2990 veritas,
663 2939 780 2977 cum
804 2921 868 2975 ad
899 2921 950 2975 id
977 2920 1115 2990 quod
1149 2919 1300 2973 nobis
1322 2917 1660 2972 credentibus

116 3018 421 3083 promittitur
449 3015 749 3085 venerimus
783 3007 1128 3082 (promittitur
1153 3019 1330 3063 autem
1373 3007 1523 3085 nobis
1557 3007 1660 3059 vita

113 3123 312 3172 :rterna,
338 3121 390 3164 et
419 3108 548 3162 dixit
575 3107 798 3169 Veritas,
817 3120 920 3158 non
949 3120 1065 3172 quas
1089 3105 1196 3168 ﬁet,
1221 3103 1356 3155 sicut
1380 3101 1551 3152 futura
1584 3109 1665 3153 est
1694 3093 1741 3157 C

119 3201 236 3253 Iides
265 3209 464 3264 nostra,
487 3197 579 3251 sed
609 3212 726 3265 qua:
743 3209 952 3262 semper
974 3204 1055 3248 est
1085 3193 1311 3256 Veritas,
1336 3193 1456 3260 quia
1489 3191 1559 3243 ibi
1589 3199 1669 3265 est

117 3291 388 3354 aternitas,
421 3262 560 3341 dixit
588 3262 759 3340 autem
791 3285 998 3338 Veritas
1030 3301 1040 3334 :
1076 3283 1198 3336 llaec
1227 3293 1308 3336 est
1353 3292 1529 3335 autem
1565 3262 1668 3348 vita

118 3396 156 3433 at
181 3395 299 3434 cana
336 3390 389 3431 ut
435 3383 757 3447 cognoscant
796 3383 848 3427 te
890 3389 1047 3425 unum
1079 3387 1284 3437 verum,
1318 3380 1368 3424 et
1390 3369 1672 3439 quemmi-

119 3472 222 3524 sisti
244 3471 420 3525 Jesum
450 3467 766 3536 Christum),
799 3478 916 3519 cum
949 3465 1079 3517 ﬁdes
1107 3471 1286 3516 nostra
1319 3461 1547 3514 videndo
1580 3459 1672 3512 ﬁet

124 3562 321 3622 veritas,
342 3572 463 3612 tunc
483 3557 857 3610 mortalitatem
883 3562 1112 3606 nostram
1131 3560 1503 3605 commutatam
1525 3559 1673 3602 teae-

126 3650 491 3704 bitzeternitas.
523 3647 672 3714 Quod
701 3647 872 3718 donec
908 3648 996 3696 liat
1035 3647 1052 3714 (
1081 3645 1201 3713 quia
1242 3643 1401 3696 rebus
1425 3642 1559 3694 'ortis
1589 3655 1678 3694 ac-

123 3741 505 3791 commodamus
564 3736 721 3789 ﬁdem
772 3733 1140 3797 credulitatis,
1192 3733 1327 3785 sicut
1377 3732 1426 3783 in
1469 3730 1680 3783 aeternis

126 3843 385 3896 speramus
410 3827 683 3880 veritatem
713 3823 1219 3891 contemplationis).
1242 3837 1308 3875 ne
1335 3821 1464 3874 ﬁdes
1487 3830 1680 3872 morta-

129 3921 184 3972 lis
211 3921 325 3972 vitae
347 3919 648 3972 dissonaret
668 3933 694 3967 a
720 3915 945 3992 veritate
962 3923 1174 3967 alterum
1194 3913 1329 3966 vitm.
1351 3913 1458 3980 ipsa
1478 3911 1682 3965 Veritas

130 4009 259 4062 l‘atri
288 4018 554 4061 cna-terna
594 4006 660 4058 de
701 4016 838 4058 terra
869 4010 983 4057 orla
1015 4015 1116 4070 est,
1146 4019 1263 4056 cum
1291 4003 1453 4057 Filius
1487 4003 1577 4055 Dei
1607 4002 1685 4055 sic

133 4099 285 4162 venit,
310 4108 363 4150 ut
387 4097 537 4150 ﬁeret
567 4096 704 4148 ﬁlius
733 4094 961 4166 liominis
983 4135 995 4157 ,
1025 4101 1079 4145 et
1105 4093 1218 4161 ipse
1252 4096 1304 4147 in
1334 4109 1392 4147 se
1419 4079 1687 4162 exciperet

130 4191 272 4242 liJein
321 4199 554 4242 nostram
613 4201 715 4254 qua
742 4183 852 4238 ‘nos
902 4172 1217 4253 perduceret
1273 4185 1336 4237 ad
1406 4184 1681 4236 veritatem

133 4291 292 4341 suam,
317 4278 400 4345 qui
433 4277 512 4330 sic
542 4274 774 4342 suscepit
802 4258 1174 4328 mortalitatem
1207 4285 1463 4337 nostram,
1493 4281 1548 4325 ut
1583 4286 1688 4325 non

131 4372 388 4425 amitteret
418 4369 769 4423 aeternitatem
817 4382 989 4420 suam.
1028 4367 1292 4432 Quantum
1340 4368 1480 4420 enim
1526 4366 1590 4419 ad
1639 4365 1687 4418 id

1818 1855 1951 1909 Ecce
1979 1853 2045 1907 ad
2068 1853 2208 1920 quod
2239 1835 2432 1906 missus
2453 1860 2535 1905 est
2565 1840 2872 1916 FiliusDei,
2892 1850 2999 1903 imo
3026 1863 3172 1913 vero,
3190 1864 3315 1914 ecce

1745 1945 1885 2015 quod
1913 1955 1994 1999 est
2039 1945 2257 1998 missum
2283 1958 2404 1998 esse
2431 1942 2624 1997 Filium
2659 1942 2772 1996 Dei.
2822 1941 3162 2010 Qumcunque
3194 1957 3316 2010 pro-

1749 2046 1861 2104 pter
1893 2036 2186 2090 l'aciendam
2219 2034 2374 2088 ﬁdem
2425 2050 2524 2102 qua
2557 2034 2953 2096 mundarcmur,
2987 2031 3318 2087 adeuntem-

1750 2128 1995 2198 plandam
2027 2128 2307 2180 veritatem
2337 2126 2390 2178 in
2422 2125 2583 2179 rebus
2612 2124 2747 2178 ortis
2772 2123 2838 2177 ab
2873 2123 3170 2177 aeternitate
3199 2138 3320 2191 pro-

1751 2221 1871 2274 latis
1910 2229 1964 2274 et
1992 2220 2057 2272 ad
2109 2218 2462 2272 aeternitatem
2512 2217 2717 2277 relatis,
2767 2214 3132 2282 temporaliter
3170 2225 3318 2282 gesta

1750 2323 1894 2374 Sttttt,
1946 2301 2247 2382 testimonia
2299 2310 2568 2364 missionis
2618 2309 2774 2377 hujus
2815 2310 3050 2374 fuerunt,
3073 2318 3164 2363 aut
3208 2310 3336 2378 ipsa

1755 2403 1938 2459 missio
1975 2403 2090 2456 Filii
2123 2402 2236 2455 Dei.
2281 2402 2383 2456 Sed
2428 2400 2729 2454 testimonia
2758 2400 2998 2468 qttzcdam
3038 2407 3320 2456 Venturum

1757 2494 2265 2564 prarnuntiaverunl,
2296 2490 2537 2559 qumdam
2574 2489 2785 2544 venisse
2816 2499 3006 2543 testata
3045 2501 3190 2544 sunt.
3227 2490 3325 2544 Fa-

1756 2592 1895 2638 ctum
1921 2583 2114 2651 quippe
2139 2590 2458 2642 creaturam,
2484 2595 2577 2648 per
2598 2594 2755 2647 quem
2787 2579 2936 2633 facta:
2961 2594 3147 2634 milites
3177 2594 3325 2634 crea-

1758 2683 1923 2738 tune,
1953 2686 2164 2725 omnem
2213 2677 2511 2724 creaturam
2562 2676 2749 2722 testem
2789 2667 2984 2722 habere
3028 2667 3326 2733 Oportebat.

1760 2763 1870 2818 Nisi
1903 2762 2000 2832 15
2030 2762 2170 2816 enim
2196 2760 2374 2814 multis
2405 2759 2582 2812 missis
2613 2757 2987 2826 prtedit'arctur
3028 2773 3187 2819 unus,
3222 2775 3328 2810 nou

1764 2856 1943 2914 multis
1960 2853 2192 2908 dimissis
2219 2860 2485 2904 teneretur
2511 2863 2667 2913 unus,
2689 2856 2743 2902 et
2764 2847 2865 2900 nisi
2892 2846 3014 2900 talia
3028 2855 3208 2904 essent
3227 2858 3331 2908 tesi

1766 2946 1981 3001 timonia
2004 2960 2120 3014 quae
2145 2944 2317 3012 parvis
2341 2957 2527 3010 magna
2551 2941 2874 3003 viderentur,
2892 2955 2994 2993 non
3026 2939 3332 3020 crederetur

1771 3052 1821 3091 ut
1854 3053 2072 3107 magnos
2103 3035 2302 3089 faceret
2327 3048 2547 3099 magnus
2568 3071 2582 3096 ,
2610 3033 2696 3102 qui
2720 3031 2783 3084 ad
2811 3046 2999 3100 parvos
3032 3029 3228 3085 missus
3250 3041 3335 3085 est

1775 3143 1988 3198 parvus.
2021 3123 2511 3194 lncomparabiliter
2544 3125 2683 3176 enim
2712 3122 2907 3189 majora
2935 3121 3053 3175 Filii
3083 3119 3176 3175 Dei
3202 3121 3351 3176 factai

1773 3229 1894 3276 sunt
1916 3214 2155 3290 (caelum,
2184 3229 2232 3271 et
2252 3229 2412 3281 terra,
2445 3215 2699 3270 etomnia
2725 3229 2840 3284 qum
2865 3215 2917 3266 in
2944 3212 3024 3269 eis
3048 3213 3339 3290 sunt,,quia’

1775 3281 1952 3365 omnia
1977 3324 2068 3377 per
2099 3281 2269 3375 ipsum
2302 3306 2433 3359 facta
2465 3303 2607 3375 sunt)
2639 3281 2795 3372 quam
2826 3303 2974 3371 signa
3020 3305 3174 3372 atq'ue
3220 3281 3340 3372 ῥδτά

1778 3412 1920 3456 tenta
1947 3416 2063 3470 quae
2094 3399 2147 3454 in
2177 3398 2292 3467 ejus
2326 3396 2684 3464 testimonium
2719 3403 3093 3463 proruperunt.

2275 3529 2281 3534 ’
2333 3524 2558 3582 CAPUT
2608 3523 2792 3584 XVlll.

1786 3643 1859 3695 De
1897 3640 2072 3696 eodem
2112 3639 2414 3693 Mediatoris
2452 3649 2790 3699 sacramento,
2821 3654 2884 3692 ea:
2925 3637 3053 3692 libro
3082 3652 3098 3693 ι
3127 3639 3190 3692 de
3215 3635 3346 3692 Con-

2252 3726 2401 3763 sensu
2439 3709 2881 3779 evangelistarum.

1857 3831 2190 3898 Quapropter
2237 3828 2474 3882 cum'sit
2523 3828 2636 3896 ipse
2677 3826 2918 3881 Christus
2957 3825 3222 3894 Sapientia
3256 3824 3350 3879 Dei

1789 3936 1880 3990 per
1920 3935 2076 3988 quam
2107 3929 2281 3973 creata
2323 3930 2445 3971 sunt
2478 3919 2679 3985 omnia,
2705 3925 2931 3985 eumque
2962 3917 3119 3970 nulla:
3146 3925 3351 3970 mentes

1787 4010 2072 4064 rationales
2123 4007 2533 4080 [rationabiles],
2561 4008 2676 4061 sive
2728 4007 3076 4074 angelorum,
3106 4006 3221 4061 sive
3252 4006 3350 4058 Ιιυο

1791 4101 2015 4164 minmn,
2049 4099 2148 4154 nisi
2178 4098 2577 4167 participatione
2605 4097 2770 4164 ipsius
2796 4097 3063 4163 sapientes
3095 4098 3245 4160 liant,
3267 4098 3353 4151 cui

1793 4205 1887 4259 per
1930 4189 2184 4260 Spiritum
2216 4198 2485 4250 sanctum,
2522 4201 2613 4254 per
2642 4200 2798 4254 quem
2830 4184 3061 4238 charitas
3104 4186 3154 4237 in
3185 4185 3358 4242 cordi-

1792 4282 1892 4337 bus
1938 4282 2135 4335 uestris
2187 4279 2532 4340 diﬁ'unditur,
2565 4276 2920 4340 inhaeremus,
2966 4291 3083 4345 qua:
3129 4276 3360 4330 Trinitas

1795 4371 2116 4431 unus‘Deus
2162 4378 2266 4433 est,
2320 4366 2621 4422 consultum
2652 4374 2745 4423 est
2797 4365 2972 4418 divina
3029 4364 3359 4433 providentia

131 4460 265 4526 quod
313 4473 484 4514 ortum
529 4469 611 4512 est
668 4457 940 4512 mteruitas
989 4460 1147 4524 valet,
1181 4465 1382 4510 tantum
1423 4458 1489 4509 ad
1535 4457 1666 4510 ﬁdett

1803 4461 2138 4526 mortalibus,
2169 4475 2393 4529 quorum
2425 4458 2733 4526 temporalis
2783 4456 2887 4529 vita
2917 4457 2967 4510 in
2998 4456 3157 4511 rebus
3186 4457 3361 4513 oriem

120 4551 339 4619 veritas.
375 4553 446 4604 ita
477 4565 606 4619 ergo
633 4549 976 4620 nos'purgari
1004 4553 1304 4617 Oportebat,
1338 4559 1392 4603 ut
1417 4551 1510 4604 ille
1543 4550 1694 4603 nobis

136 4643 276 4696 ﬁeret
303 4652 470 4707 ortus,
502 4641 593 4711 qui
624 4649 866 4696 maneret
893 4650 1140 4706 mternus,
1173 4657 1239 4696 ne
1266 4643 1401 4696 alter
1433 4643 1588 4695 nobis
1614 4658 1699 4696 es-

134 4741 211 4783 set
262 4732 312 4784 in
343 4731 465 4794 ﬁde,
499 4731 632 4783 alter
680 4731 731 4783 in
763 4730 1007 4784 veritate.
1055 4729 1162 4784 Nec
1208 4732 1273 4784 ab
1304 4747 1367 4784 eo
1410 4731 1549 4798 quod
1595 4733 1695 4786 orti

136 4839 329 4887 sumus,
357 4824 420 4876 ad
446 4832 645 4876 :rterna
679 4823 904 4877 transire
927 4821 1342 4890 possemus,nisi
1372 4833 1574 4877 aeterno
1605 4840 1698 4892 per

137 4925 300 4966 ortum
326 4923 563 4966 nostrum
597 4911 750 4965 nobis
774 4914 996 4975 sociati»,
1039 4913 1102 4966 ad
1134 4914 1486 4967 aeternitatem
1528 4913 1694 4979 ipsius

140 5004 512 5072 trajiceremur.
547 5002 696 5055 Nune
723 5003 900 5071 itaque
927 5003 1052 5056 illuc
1078 5004 1469 5072 quodammodo
1515 5013 1696 5058 secuta

139 5105 214 5146 est
260 5093 387 5147 lides
415 5103 595 5147 nastra
621 5108 726 5160 quo
756 5094 996 5147 ascendit
1028 5094 1077 5147 io
1120 5110 1279 5163 quem
1307 5096 1574 5149 credimus
1609 5112 1699 5148 or-

145 5193 240 5247 tus,
274 5193 526 5245 mortuus,
553 5183 916 5249 resuscitatus,
950 5195 1272 5251 assumptus.
1325 5186 1521 5240 ilorum
1564 5203 1696 5256 qua-

144 5280 254 5323 tuor
283 5275 598 5341 duopriora
653 5286 972 5326 noveramus
1018 5274 1071 5327 in
1117 5275 1291 5340 nobis,
1334 5277 1529 5330 seiinus
1555 5276 1695 5330 enim

147 5361 374 5417 homines
411 5373 464 5417 et
493 5363 618 5416 oriri
649 5373 700 5416 et
725 5365 890 5428 mori;
925 5363 1032 5417 duo
1061 5375 1238 5419 autem
1281 5367 1502 5436 reliqua,
1538 5367 1587 5420 id
1620 5377 1700 5422 est

148 5457 434 5508 resuscitari
457 5466 516 5519 et,
539 5456 761 5518 assumi,
781 5457 922 5523 juste
946 5455 999 5508 in
1029 5456 1182 5509 nobis
1211 5456 1382 5510 futura
1405 5473 1700 5524 speramus,

152 5545 266 5612 quia
297 5547 346 5600 in
378 5547 470 5600 illo
500 5548 637 5600 facta
669 5547 1013 5601 credidimus.
1044 5547 1222 5617 itaque
1263 5551 1313 5602 iu
1356 5551 1444 5604 illo
1490 5553 1610 5618 quia
1656 5552 1705 5604 id

151 5637 280 5705 quod
306 5647 469 5694 ortum
497 5647 613 5692 erat
637 5640 842 5692 transiit
864 5641 929 5693 ad
959 5643 1334 5707 aeternitatem,
1361 5643 1706 5696 transiturum

151 5736 230 5784 est
256 5738 304 5786 et
330 5743 590 5800 nostrum,
622 5745 741 5786 cum
794 5729 925 5788 ﬁdes
962 5735 1268 5803 pervenerit
1305 5733 1370 5789 ad
1403 5733 1707 5802 veritatem;

1801 4557 1940 4612 tibus
1972 4565 2026 4609 et
2065 4553 2430 4608 occidentibus
2458 4558 2709 4618 occupata
2751 4549 3061 4610 tenebatur,
3091 4556 3150 4602 ut
3173 4549 3361 4606 eadem

1803 4651 1914 4720 ipsa
1948 4649 2040 4702 Dei
2065 4647 2335 4714 Sapientia
2365 4645 2428 4698 ad
2462 4644 2713 4698 unitatem
2747 4656 2988 4711 persona:
3012 4655 3121 4695 sure
3149 4642 3364 4696 homine

1801 4749 2072 4807 assumpto
2103 4735 2282 4806 inquo
2329 4735 2689 4802 temporaliter
2757 4741 3092 4796 nasceretur,
3123 4733 3361 4803 viveret,

1807 4839 2126 4889 moreretur,
2147 4836 2464 4894 resurgeret,
2489 4839 2717 4889 congrua
2743 4823 2897 4876 saluti
2921 4831 3118 4878 nostra:
3140 4822 3365 4878 dicendo

1803 4927 1856 4973 et
1886 4917 2144 4980 faciendo,
2167 4915 2414 4985 patiendo
2437 4923 2491 4969 et
2513 4914 2845 4977 sustinendo,
2873 4914 3024 4971 ﬁeret
3047 4922 3101 4967 et
3118 4913 3363 4968 deorsum

1809 5009 2112 5061 hominibus
2140 5006 2441 5074 exemplum
2476 5004 2750 5068 redeundi,
2791 5005 2880 5073 qui
2925 5018 3129 5078 sursum
3162 5011 3240 5055 est
3279 4997 3373 5070 {et

1803 5093 1880 5153 eis
1909 5100 1994 5163 qui
2017 5090 2223 5150 sursum
2248 5095 2390 5166 sunt]
2413 5096 2616 5165 angelis
2639 5087 2940 5163 exemplum
2965 5091 3228 5148 manendi.
3254 5088 3358 5144 Nisi

1805 5191 1946 5245 enim
1973 5199 2026 5243 et
2049 5189 2100 5240 in
2133 5189 2323 5241 anima:
2363 5187 2638 5240 rationalis
2671 5194 2865 5239 natura
2887 5174 3243 5254 temporaliter
3269 5176 3362 5230 ali-

1807 5280 1930 5349 quid
1959 5281 2208 5344 oriretur,
2259 5279 2308 5331 id
2337 5288 2437 5339 est,
2472 5278 2728 5346 inciperet
2767 5291 2886 5332 esse
2921 5275 3059 5345 quod
3088 5287 3189 5327 non
3227 5278 3361 5335 erat,

1808 5388 2073 5442 nunquam
2103 5388 2164 5425 ex
2197 5373 2302 5424 vita
2326 5371 2554 5439 pessima
2571 5379 2618 5423 et
2642 5371 2798 5422 stulta
2821 5368 2885 5422 ad
2902 5367 3186 5437 sapientem
3207 5373 3366 5430 atque

1807 5465 2057 5532 optimam
2093 5462 2411 5528 perveniret.
2469 5463 2542 5513 Ac
2571 5475 2663 5529 per
2695 5460 2795 5512 hoc
2821 5474 2937 5512 cum
2971 5457 3122 5511 rebus
3152 5452 3366 5531 :etcrnis

1810 5552 2289 5620 centemplantium
2319 5551 2514 5604 veritas
2545 5548 2862 5614 perfruatur,
2897 5547 3049 5600 rebus
3078 5553 3251 5595 autem
3279 5553 3371 5593 oro

1813 5647 1880 5698 tis
1927 5643 2055 5696 ﬁdes
2098 5642 2428 5695 credentium
2479 5641 2757 5704 debeatur,
2804 5646 3052 5707 purgatur
3081 5635 3237 5686 homo
3275 5644 3370 5699 per

1815 5750 1992 5794 rerum
2041 5733 2403 5806 temporalium
2455 5730 2633 5798 ﬁdem;
2664 5741 2718 5787 ut
2763 5738 3074 5785 :eterttarutu
3115 5721 3372 5795 percipiat
