3862 6222
548 318 654 374 595

1603 322 1661 372 D.
1707 315 2028 372 EUGYI’I‘II
2073 312 2359 370 ABBATIS
2398 316 2718 374 AFRICANI

3687 323 3776 378 596

549 433 850 487 veritatem.
883 432 1084 488 Nsmet
1110 433 1322 502 quidam
1351 447 1535 488 eorum
1560 434 1916 490 nobilissimus
1943 432 2111 502 philo.
2138 436 2186 493 ,Α
2216 433 2406 499 oculis,
2436 435 2531 488 sed
2577 451 2705 502 pura
2750 441 2926 489 mente
2955 432 3233 490 veritatem
3263 432 3470 499 videri,
3499 435 3608 494 cui,
3641 451 3774 503 (ιη-»ιο

549 524 749 591 s0phus
780 522 946 590 Plato,
976 525 1027 577 in
1070 538 1133 576 eo
1157 524 1292 577 libro
1321 538 1476 593 quem
1502 523 1760 580 Timarum
1788 532 1998 590 vocant,
2030 523 2106 576 sic

549 613 660 666 ait:
687 613 946 680 Quantum
977 612 1042 665 ad
1068 611 1120 665 id
1149 613 1286 681 quod
1318 622 1496 667 ortum
1527 621 1610 670 est
1639 614 1910 667 mternitas
1944 613 2105 677 valet,

550 709 748 755 tantum
770 701 834 754 ad
862 701 1015 754 Iidem
1047 701 1257 755 veritas.
1286 701 1400 756 Duo
1426 703 1517 758 illa
1542 689 1752 756 sursum
1786 711 1928 768 sunt,
1955 712 2104 754 teter-

552 787 687 847 nitas
712 803 766 847 et
792 793 1010 860 veritas,
1037 793 1142 848 duo
1185 794 1284 850 ista
1329 796 1601 857 deorsum,
1629 798 1768 864 quod
1810 807 1984 851 ortum
2029 807 2106 849 est

551 891 604 936 et
633 882 762 936 ﬁdes
812 900 824 935 :
873 892 930 939 ut
979 898 1108 955 ergo
1153 886 1220 939 ab
1262 888 1382 941 imis
1415 887 1479 941 ad
1532 902 1736 941 summa
1778 886 2107 949 revortemur,

549 985 707 1043 atque
743 973 800 1032 id
839 975 978 1044 quod
1021 987 1194 1031 ortum
1240 987 1322 1032 est
1363 977 1584 1044 recipiat
1613 977 1986 1042 aeternitatem,
2017 991 2109 1044 [er

550 1064 708 1136 ﬁdem
751 1067 1066 1123 veniendum
1107 1078 1188 1123 est
1225 1069 1290 1123 ad
1322 1070 1618 1124 veritatem.
1669 1069 1733 1123 Et
1769 1069 1894 1137 quia
1933 1068 2108 1121 omnia

551 1174 670 1228 quas
700 1145 1110 1216 in'contrariunt
1145 1170 1364 1229 pergunt
1397 1175 1490 1228 per
1533 1159 1735 1230 aliquid
1768 1159 1996 1214 medium
2030 1175 2110 1212 rr-

551 1248 818 1305 ducuntur
840 1294 856 1317 ,
888 1261 941 1306 et
977 1253 1044 1305 ab
1070 1261 1266 1305 :rterna
1293 1250 1493 1319 justitia
1530 1251 1833 1319 temporalis
1865 1250 2111 1318 iniquitas

550 1330 650 1396 nos
671 1343 931 1398 alienabat
945 1359 958 1398 :
973 1357 1103 1410 Opus
1125 1358 1250 1412 ergo
1269 1352 1384 1397 erat
1403 1342 1572 1396 media
1587 1341 1790 1410 justitia
1811 1343 2112 1411 temporali,

551 1447 672 1501 qua:
725 1434 977 1492 medietas
1025 1435 1330 1503 temporalis
1378 1445 1520 1488 r~set
1562 1433 1629 1489 de
1677 1435 1833 1500 imis,
1856 1433 1997 1502 justa
2047 1435 2114 1488 de

552 1529 794 1588 summis,
827 1533 982 1591 atque
1030 1525 1101 1578 ita
1143 1542 1200 1581 se
1247 1537 1350 1580 nec
1389 1525 1707 1593 a'hrumpem
1731 1540 1759 1578 a
1790 1527 2033 1582 summis.
2064 1536 2115 1577 et

553 1623 959 1680 coutemperans
985 1614 1121 1678 imis,
1144 1615 1246 1668 ima
1275 1615 1517 1670 redderet
1541 1616 1786 1669 summis.
1818 1615 1939 1669 Ideo
1961 1614 2117 1669 Chri-

551 1712 665 1755 stns
696 1702 954 1758 mediator
982 1703 1070 1758 Dei
1094 1712 1147 1758 et
1167 1704 1443 1760 hominum
1471 1705 1640 1761 dictus
1661 1714 1763 1774 est,
1789 1706 1926 1761 inter
1951 1705 2114 1761 Deum

2211 538 2423 593 cunque
2462 527 2634 579 anima
2690 526 3010 589 itthssisset.
3041 540 3160 580 eam
3212 526 3423 579 beatam
3469 526 3585 578 ﬂeri
3633 537 3772 593 atquc

2210 616 2536 684 perfectam,
2606 618 2670 669 ad
2739 630 2897 684 quam
2971 617 3367 684 percipiendam
3435 615 3565 668 nihil
3621 616 3774 684 magis

2212 707 2472 775 impedire
2522 723 2678 775 quam
2708 709 2866 759 vitam
2900 706 3207 762 libidinibus
3249 707 3588 770 deditam,et
3633 708 3774 759 lalsas

2213 803 2468 871 imagines
2525 818 2704 859 rerum
2778 801 3140 864 sensibilium,
3203 817 3322 869 qum
3371 802 3524 856 nobis
3570 802 3639 855 ab
3687 805 3772 854 hoc

2212 891 2447 944 sensibili
2489 891 2684 943 mundo
2717 905 2810 958 per
2839 905 3032 958 corpus
3073 890 3348 958 impressa:
3380 892 3555 943 varias
3581 890 3772 956 opinio-

2214 996 2308 1034 nes
2355 996 2675 1050 erroresque
2721 993 3032 1050 gi-tterateut
3061 998 3073 1034 :
3101 981 3447 1050 quamobrem
3490 982 3769 1034 sanandum

2213 1087 2331 1126 esse
2357 1074 2612 1133 animum,
2643 1074 2706 1125 ad
2740 1074 3044 1127 intuendam
3089 1073 3578 1127 incommutabilem
3609 1088 3770 1126 rerum

2214 1159 2459 1228 formam,
2487 1175 2534 1215 et
2565 1162 2752 1216 eodem
2776 1163 2936 1217 modo
2963 1177 3175 1232 semper
3199 1178 3258 1218 se
3283 1164 3596 1228 habentem,
3625 1175 3771 1232 atque

2214 1253 2442 1320 undique
2464 1253 2558 1308 -sui
2595 1254 2823 1308 similem
2856 1253 3324 1320 pulchritudinem,
3351 1269 3450 1309 nec
3493 1254 3766 1309 distentam

2215 1345 2366 1409 locis,
2395 1360 2493 1398 nec
2540 1355 2776 1413 tempore
2803 1345 3060 1398 variatam
3085 1383 3101 1411 ,
3131 1345 3224 1400 sed
3253 1360 3417 1399 unum
3442 1356 3602 1413 atque
3643 1345 3766 1398 idem

2215 1436 2356 1489 omni
2387 1450 2450 1488 ex
2484 1442 2633 1503 parte
2659 1443 2986 1497 servantem,
3012 1449 3168 1503 quam
3195 1449 3303 1488 non
3353 1436 3635 1490 crederent
3658 1449 3766 1488 esse

2217 1529 2482 1592 homines,
2505 1542 2624 1582 cum
2655 1527 2764 1594 ipsa
2787 1541 2910 1581 vere
2932 1542 3249 1594 summeque
3271 1527 3370 1589 sit;
3399 1535 3588 1580 cetera
3617 1528 3765 1588 nasci,

2215 1618 2480 1679 occidere.
2514 1617 2699 1679 ﬂuere,
2728 1616 2851 1683 labi,
2883 1627 2936 1670 et
2964 1627 3139 1670 tamen
3178 1617 3230 1670 in
3254 1625 3506 1684 quantum
3549 1629 3670 1668 st'lt
3710 1616 3768 1666 ab

2218 1707 2311 1762 illo
2354 1716 2557 1762 aeterno
2587 1706 2720 1772 Deo,
2752 1721 2848 1774 per
2892 1705 3009 1774 ejus
3053 1707 3328 1759 veritatem
3373 1703 3622 1758 fabricata
3648 1720 3767 1757 con-

552 1790 902 1848 hnmortalem
942 1802 998 1849 et
1033 1794 1302 1850 hominem
1333 1797 1609 1853 mortalem
1631 1839 1648 1862 ,
1679 1797 1819 1852 Deus
1848 1807 1899 1852 et
1929 1797 2108 1864 homo,
2143 1806 2190 1866 Β
2216 1807 2375 1859 stare,
2409 1795 2461 1849 in
2506 1797 2697 1865 quibus
2738 1797 2929 1850 animm
2962 1804 3165 1848 tantum
3212 1795 3458 1847 rationali
3489 1806 3540 1849 et
3570 1796 3765 1848 intel'e-

552 1881 902 1936 reconcilians
924 1883 1188 1941 hominem
1245 1886 1385 1951 Deo,
1429 1903 1646 1942 manens
1687 1888 1737 1941 id
1787 1889 1925 1957 quod
1975 1877 2124 1952 erat,“

552 1969 725 2025 Iactus
752 1973 890 2042 quod
921 1985 1166 2029 non-erat
1193 1993 1205 2028 :
1232 1975 1342 2045 ipse
1370 1986 1450 2032 est
1487 1978 1636 2032 nobis
1680 1977 1812 2032 ﬁdes
1858 1980 1908 2033 in
1953 1980 2113 2033 rebus

553 2061 706 2126 ortis,
729 2063 816 2130 qui
863 2074 944 2118 est
986 2065 1178 2119 veritas
1223 2066 1272 2119 in
1319 2067 1556 2121 aeternis.
1608 2068 1720 2121 Iloe
1765 2084 2012 2138 magnum
2061 2078 2116 2122 et

552 2152 906 2208 inenarrabile
933 2166 1344 2219 sacramentum,
1380 2159 1479 2213 hoc
1510 2175 1727 2230 regnum
1770 2171 1822 2214 et
1863 2159 2116 2214 sacerdo-

553 2243 706 2309 tium,
732 2244 960 2314 antiquis
1001 2261 1092 2314 per
1135 2247 1466 2316 prephetiam
1497 2249 1860 2312 revelabatur,
1891 2252 2116 2319 posteris

552 2347 740 2386 eorum
771 2350 865 2402 per
894 2335 1233 2404 Evangeliutu
1268 2337 1604 2406 prmdicatur.
1651 2340 1945 2406 Oportebat
1972 2338 2114 2393 enim

553 2433 610 2485 ut
634 2424 918 2494 aliquando
961 2427 1011 2479 in
1061 2427 1305 2481 erunibus
1333 2428 1579 2498 gentibus
1606 2429 1941 2497 redderetur,
1973 2429 2142 2500 quod.

552 2516 644 2576 diu
685 2534 983 2588 perunam
1029 2531 1241 2591 gentem
1284 2523 1710 2592 promittebatur.
1753 2524 1986 2580 Proinde
2029 2525 2116 2592 qui

553 2610 838 2677 prephetas
860 2621 984 2665 ante
1005 2612 1404 2667 descensiooem
1435 2628 1582 2668 suam
1617 2615 1892 2683 praemisit,
1923 2615 2035 2683 ipse
2065 2622 2119 2670 et

491 2710 497 2715 '
552 2703 822 2770 apostolos
852 2714 969 2774 post
995 2707 1362 2761 ascensionem
1393 2721 1540 2760 suam
1572 2708 1734 2760 misit.

1089 2832 1310 2888 CAPUT
1350 2832 1510 2887 XVIII
1538 2835 1631 2888 bis.

554 2945 689 3013 Quot
708 2962 891 3018 genere
913 2947 1247 3012 apostolatus,
1264 2947 1340 3001 sei
1368 2948 1516 3016 quate
1542 2964 1722 3003 nomen
1745 2950 2040 3018 apostolus;
2068 2959 2119 3004 et

622 3017 873 3087 quomodo
913 3033 1180 3081 possumus
1230 3019 1358 3071 scire
1403 3019 1489 3086 qui
1532 3017 1841 3073 mittatur'a
1885 3019 2018 3087 Deo,
2056 3035 2120 3074 ω

621 3090 752 3141 libro
785 3085 1169 3141 Resolutionum
1197 3089 1264 3140 od
1301 3085 1561 3142 Orosium.

625 3197 908 3267 Apostolus
934 3199 1317 3269 interpretatur
1345 3200 1560 3254 missus.
1596 3199 1970 3268 Apostolorum
1997 3209 2120 3256 sunt

552 3305 749 3360 genera
790 3295 1121 3358 quatuortlt
1171 3292 1281 3346 Deo
1318 3292 1427 3346 non
1471 3306 1564 3360 per
1609 3291 1904 3356 hominem,
1935 3307 1965 3345 a
2008 3292 2120 3347 Deo

553 3382 646 3439 sed
671 3396 763 3451 per
806 3381 1093 3448 hominem,
1120 3386 1212 3452 per
1248 3383 1513 3438 hominem
1539 3392 1762 3447 tantum,
1795 3393 1849 3437 et
1873 3398 1936 3437 ex
1966 3397 2042 3436 se.
2074 3383 2120 3438 A

557 3474 669 3532 Deo
696 3489 726 3528 e
751 3474 901 3530 enim.
940 3475 1132 3529 missus
1162 3485 1244 3529 est
1285 3474 1514 3542 Moyses,
1543 3489 1571 3526 a
1607 3475 1716 3528 Deo
1739 3482 1794 3529 et
1825 3489 1918 3543 per
1947 3474 2120 3529 homi-

555 3578 676 3624 nem
703 3561 857 3616 Jesus
886 3562 1058 3625 Nave;
1088 3579 1179 3632 per
1206 3563 1471 3618 hominem
1506 3575 1728 3628 tantum,
1760 3565 1896 3619 sicut
1923 3566 2120 3620 nostris

557 3654 883 3723 temporibus
905 3654 1074 3720 multi,
1109 3655 1301 3710 iavore'
1323 3654 1482 3724 vulgi,
1513 3656 1563 3709 iu
1610 3655 1963 3710 sacerdotium
1993 3656 2122 3711 sub-

556 3743 729 3812 rogati
755 3753 910 3810 sunt;
943 3761 1005 3799 es
1037 3760 1094 3799 se
1124 3754 1320 3812 autem,
1349 3747 1488 3799 sicut
1515 3755 1637 3800 sunt
1666 3747 1764 3816 ipsi
1794 3747 2146 3815 pseudopro--

558 3838 766 3900 phetze;
802 3835 948 3888 illum
979 3849 1155 3889 autem
1205 3850 1465 3902 cognosce
1495 3836 1715 3890 missum
1745 3851 1772 3889 a
1809 3837 1938 3898 Deo,
1963 3851 2118 3904 quem

556 3938 664 3978 non
690 3938 991 3994 paucorum.
1009 3926 1278 3991 hominum
1303 3925 1536 3980 laudatio
1561 3926 1651 3980 vei
1680 3927 1852 3995 potius
1882 3928 2116 3981 adulatio

556 4015 723 4084 eligit,
752 4014 846 4068 sed
894 4015 1042 4068 illum
1089 4031 1242 4082 quem
1274 4024 1328 4068 et
1369 4017 1474 4070 vita
1523 4024 1578 4071 et
1618 4031 1794 4071 moros
1837 4018 2020 4085 nptinii
2067 4026 2128 4107 et

559 4105 968 4172 apostolicorum
1009 4104 1167 4159 etiam
1206 4107 1344 4160 actio
1387 4108 1724 4161 commendat
1759 4104 2116 4170 sacerdotum,

558 4197 640 4256 \el
665 4196 822 4251 etiam
851 4198 936 4266 qui
968 4198 1334 4253 universorum
1368 4199 1701 4267 populorum‘
1727 4199 1928 4267 judicio
1973 4214 2120 4253 com-

560 4285 941 4356 probatur,qui
969 4303 1074 4340 non
1099 4291 1295 4356 appetit
1324 4303 1572 4357 pra-ese,
1598 4289 1684 4358 qui
1714 4303 1812 4343 nec
1839 4289 2119 4358 pecuniam

558 4379 651 4430 dat
681 4383 738 4430 ut
763 4377 1100 4444 episcopatus
1130 4376 1386 4436 honorem
1416 4379 1674 4447 acquirat.
1717 4379 1848 4445 Nam
1878 4396 2000 4436 eum
2030 4383 2120 4452 qui

561 4481 796 4535 przeesse
839 4467 1051 4529 festinat
1076 4469 1287 4537 quidam
1320 4469 1531 4525 Patrum
1560 4472 1830 4542 eleganter
1855 4476 2118 4542 expressit

557 4558 949 4615 dicens:Sciat
974 4574 1035 4614 se
1081 4575 1197 4620 non,
1232 4575 1350 4617 esse
1396 4562 1724 4631 episcopum,
1754 4566 1852 4634 qui,
1892 4581 2123 4637 praeesse

560 4651 731 4718 αιεὶι,
758 4665 865 4704 non
898 4652 1172 4719 prodesse.

1145 4787 1370 4845 CAPUT
1409 4787 1548 4844 XIX.

559 4899 702 4965 Quid
746 4897 894 4953 Plato
925 4912 1105 4967 posset,
1133 4903 1179 4955 si
1217 4905 1380 4956 uiuens
1417 4904 1835 4968 interrogaretur,
1863 4906 1928 4958 de
1968 4905 2120 4959 Chri-

626 4971 794 5051 stiana
842 4970 1080 5041 religione
1122 4976 1444 5043 respondere,
1473 4989 1535 5025 ea:
1575 4975 1704 5026 libro
1734 4974 1796 5027 de
1824 4991 1942 5028 vero
1982 4977 2124 5030 Reli-

630 5057 712 5115 gto
718 5057 801 5094 ne.

631 5136 1008 5201 [ﬁdentissime
1049 5137 1274 5195 dixerim
1299 5185 1314 5209 ,
1345 5156 1473 5211 pace
1516 5140 1704 5194 horum
1755 5143 1986 5196 omnium
2033 5145 2123 5213 qui

557 5243 748 5284 sartum
775 5219 939 5284 libros
965 5229 1310 5298 pervicaciter
1338 5230 1566 5300 diligtnit
1588 5273 1604 5298 ,
1633 5229 1949 5284 Christianis
1978 5241 2123 5288 tem-

558 5319 779 5389 poribus
807 5335 1048 5391 qnaanam
1093 5317 1280 5386 religio
1312 5321 1642 5386 potissimum
1679 5303 1903 5376 tenenda
1946 5336 2035 5382 sit,
2067 5331 2122 5377 et

558 5425 678 5478 qua
707 5411 773 5464 ad
805 5409 1077 5465 veritatem
1103 5423 1166 5463 ac
1206 5408 1582 5471 beatitudinem
1608 5409 1692 5464 via
1738 5419 1841 5478 est,
1869 5427 1971 5466 non
1999 5427 2121 5467 esse

559 5502 931 5558 dubitandum.
967 5501 1026 5560 Si
1054 5503 1198 5565 enim
1231 5501 1378 5557 Plato
1398 5501 1511 5570 ipse
1537 5503 1736 5559 viveret
1759 5516 1811 5559 et
1841 5520 1926 5560 me
1957 5507 2120 5559 inter-

560 5602 835 5676 rogantem
867 5609 970 5649 non
1003 5603 1395 5663 aspernaretur,
1429 5601 1531 5648 vet»
1561 5597 1757 5663 potius,
1786 5599 1829 5652 si
1859 5615 1975 5667 qut.
2001 5599 2118 5666 ejus

566 5686 852 5756 discipulus
877 5677 946 5741 eo.
965 5686 1078 5754 ipso
1106 5697 1343 5756 tempore
1369 5702 1473 5755 quo
1513 5688 1721 5742 Vivebat
1746 5704 1864 5743 eum
1895 5693 2118 5765 interro-

569 5785 716 5844 garet
735 5814 753 5843 ,
779 5792 896 5834 cum
922 5779 1021 5835 sibi
1050 5778 1116 5834 ab
1137 5779 1228 5834 illo
1251 5779 1658 5850 persuaderetur
1709 5795 1813 5836 non
1846 5783 2115 5852 corporeis

2214 1886 2572 1942 ctualidotum
2610 1894 2695 1939 est
2740 1897 2795 1938 ut
2843 1885 2961 1952 ejus
2996 1883 3309 1939 aternitatis
3330 1884 3762 1950 contemplatione

2214 1977 2532 2046 perfruatur,
2563 1987 2724 2046 atque
2767 1977 3030 2031 afﬁciatur
3057 1986 3388 2045 orueturque
3427 1993 3486 2031 cs
3518 1993 3602 2040 ea,
3626 1986 3763 2029 ater-

2218 2082 2447 2136 namque
2482 2067 2856 2135 vitampossit
2902 2067 3249 2121 mererizsed
3293 2067 3761 2120 dum.nssccntium

2216 2169 2374 2225 atque
2407 2158 2796 2212 transeuntium
2828 2171 3003 2212 rerum
3047 2171 3232 2210 amore
3262 2171 3325 2210 ac
3367 2156 3547 2209 dolore
3577 2155 3760 2210 saucia-

2217 2257 2323 2313 tur,
2349 2257 2402 2303 et
2429 2247 2607 2303 dedita
2632 2247 3001 2302 consuetudini
3033 2245 3191 2315 hujus
3220 2247 3342 2299 vita
3362 2256 3519 2312 atque
3537 2245 3764 2299 sensibus

2217 2340 2478 2406 corporis,
2512 2339 2763 2392 inanibus
2806 2338 3042 2391 vanescit
3083 2331 3409 2408 [evanescit]
3453 2334 3760 2402 imaginibus,

2221 2430 2407 2483 irridet
2445 2445 2539 2484 eos
2563 2432 2652 2499 qui
2684 2428 2869 2482 dicunt
2893 2442 3014 2483 esse
3058 2427 3258 2497 aliquid
3289 2427 3433 2495 quod
3464 2441 3628 2494 neque
3666 2428 3761 2479 istis

2219 2518 2461 2572 videatur
2491 2518 2680 2582 oculis,
2712 2531 2810 2571 nec
2839 2517 2946 2570 ullo
2992 2516 3361 2585 phantasmate
3391 2515 3658 2584 cogitetur,
3681 2514 3762 2568 sed

2220 2617 2401 2665 mente
2445 2608 2556 2662 sola
2603 2617 2658 2662 et
2706 2603 3051 2674 intelligentia
3099 2604 3248 2659 cerni
3275 2613 3454 2672 queat
3482 2643 3498 2667 ,
3527 2618 3640 2656 eum
3667 2607 3763 2654 hac

2219 2713 2349 2769 ergo
2395 2700 2495 2754 sibi
2527 2714 2556 2752 a
2583 2697 2837 2767 magistro
2868 2696 3347 2766 persnaderentur,
3378 2694 3424 2748 si
3452 2711 3512 2748 ex
3539 2710 3601 2748 eo
3639 2709 3760 2760 quar-

2226 2801 2370 2846 reret
2391 2792 2480 2846 ille
2508 2790 2800 2857 discipulus
2850 2796 3026 2842 utrum
3057 2788 3100 2841 si
3129 2788 3408 2857 quisquam
3436 2789 3680 2839 es‘steret
3694 2782 3761 2834 vir

2221 2899 2446 2954 magnus
2475 2891 2635 2951 atque
2662 2881 2891 2944 divinus,
2924 2880 3012 2947 qui
3043 2879 3164 2934 talia
3197 2879 3406 2947 populis
3443 2875 3760 2945 persuaderet

2221 2974 2506 3039 credenda,
2528 2974 2716 3028 saltem
2731 2974 2778 3028 si
2808 2973 3077 3042 percipere
3100 2985 3204 3025 non
3228 2973 3481 3033 valerent,
3501 2982 3584 3021 aut
3613 2969 3653 3020 si
3676 2964 3753 3033 qui

2225 3074 2443 3136 possent
2473 3065 2751 3134 percipere
2779 3078 2883 3118 non
2913 3061 3089 3130 pravis
3110 3059 3453 3127 Opinionibus
3492 3057 3760 3112 multiludi-

2151 3161 2196 3223 ί]
2225 3155 2310 3210 nis
2338 3154 2614 3222 implicati,
2640 3154 2946 3223 vulgaribus
2974 3153 3328 3206 obruerentur
3347 3151 3636 3210 erroribus,
3656 3162 3758 3200 cum

2221 3248 2414 3303 divinis
2456 3245 2749 3300 honoribus
2797 3244 3015 3312 dignum
3058 3241 3355 3310 judicaret;
3402 3240 3758 3308 respondevet,

2219 3334 2404 3400 credo,
2429 3333 2520 3388 ille
2549 3348 2654 3388 non
2687 3345 2840 3400 posse
2868 3331 2970 3385 hoc
2997 3329 3066 3383 ab
3094 3330 3305 3383 homine
3337 3327 3475 3391 neri,
3502 3327 3595 3379 nisi
3624 3338 3758 3392 quem

2217 3426 2357 3481 torte
2401 3426 2510 3494 ipsa
2549 3421 2648 3502 Dei
2686 3423 2854 3477 virtus
2892 3430 3050 3489 atque
3077 3419 3338 3487 sapientia
3368 3417 3438 3470 ab
3465 3418 3568 3484 ipsa
3602 3427 3758 3468 rerum

2219 3529 2406 3572 natura
2431 3525 2733 3584 exceptum,
2768 3510 3177 3568 nec'hotninum
3205 3508 3528 3578 magisterio,
3557 3507 3640 3560 sed
3680 3508 3749 3555 in-

2222 3609 2347 3662 tima
2376 3605 2783 3669 illuminatione,
2807 3605 2874 3656 ab
2903 3587 3234 3655 incunabulis
3264 3600 3598 3658 illustratum,
3628 3602 3750 3647 tanta

2220 3697 2530 3752 honestaret
2571 3695 2770 3764 gratia,
2822 3700 2964 3746 tanta
3014 3691 3268 3744 ﬁrmitate
3309 3687 3600 3750 roboraret,
3631 3691 3752 3735 tanta

2219 3787 2449 3855 denique
2468 3780 2743 3854 majestate
2765 3783 3102 3845 subveheret,
3120 3792 3177 3833 ut
3196 3779 3374 3833 omnia
3395 3772 3758 3832 contemnendo

2220 3892 2341 3945 qua:
2387 3877 2534 3945 pravi
2577 3875 2821 3928 homines
2850 3871 3090 3939 cupiunt,
3123 3879 3175 3922 et
3222 3869 3403 3922 omnia
3444 3861 3757 3934 perpetiendo

2220 3983 2339 4036 quae
2383 3967 2721 4030 horrescunt,
2749 3974 2798 4018 et
2853 3961 3027 4016 omnia
3076 3958 3320 4014 faciendo
3348 3973 3471 4025 qua
3508 3956 3752 4010 mirantur,

2219 4072 2389 4128 genus
2412 4058 2699 4110 humanum
2727 4054 2801 4129 ad
2830 4052 2931 4122 16
2959 4060 3066 4104 tam
3095 4051 3363 4109 salubrem
3392 4047 3546 4101 ﬁdem
3572 4055 3752 4099 summo

2221 4163 2405 4204 amore
2444 4160 2602 4214 atque
2647 4144 2960 4199 auctoritate
2987 4147 3361 4202 converteret;
3393 4137 3461 4192 de
3502 4135 3753 4191 honoribus

2223 4258 2352 4298 vero
2379 4242 2495 4311 ejus
2524 4239 2716 4294 frustra
2745 4254 2802 4293 se
2830 4234 3060 4301 consuli,
3083 4248 3203 4286 cum
3235 4233 3387 4286 facile
3412 4231 3573 4298 possit
3594 4226 3751 4281 existi-

2221 4333 2354 4388 mari
2396 4331 2577 4402 quanti
2619 4330 2847 4383 honores
2875 4327 3172 4379 debeantur
3214 4321 3506 4390 Sapientia
3535 4319 3646 4381 Dei,
3669 4327 3751 4383 qna

2222 4433 2464 4495 gestante
2500 4431 2556 4475 et
2582 4421 2930 4488 gubernante.
2956 4415 3047 4470 ille
3085 4427 3184 4484 pro
3211 4426 3338 4467 vera
3366 4412 3537 4468 salute
3577 4406 3752 4477 generis

2150 4519 2198 4578 Β
2226 4515 2439 4570 humani
2491 4526 2738 4582 magnum
2785 4507 2985 4578 aliquid
3030 4505 3304 4575 proprium
3348 4513 3406 4558 et
3447 4503 3580 4570 quod
3623 4510 3749 4563 sum

2232 4605 2475 4660 homines
2501 4610 2642 4657 esset
2669 4610 2980 4671 mereretur.
3013 4599 3141 4662 Quas
3169 4596 3214 4648 si
3242 4594 3378 4648 facta
3407 4603 3547 4654 sunt,
3574 4591 3612 4644 si
3633 4589 3751 4640 lius-

2232 4697 2304 4749 ris
2350 4689 2811 4757 monumentisque
2855 4687 3215 4749 celebrantur,
3245 4682 3292 4740 si
3334 4682 3401 4736 ab
3435 4697 3536 4736 una
3575 4678 3749 4745 regionis

2231 4799 2492 4842 terrarum
2546 4785 2599 4838 in
2641 4797 2744 4852 qua
2773 4781 2886 4834 sola
2931 4794 3069 4834 unus
3116 4777 3395 4830 colebatur
3439 4773 3586 4831 Deus,
3614 4764 3747 4817 t-tn-‘i

2232 4877 2390 4931 talem
2429 4874 2574 4928 nasci
2613 4872 2911 4939 Oportebat,
2943 4885 3040 4939 per
3089 4878 3252 4922 totum
3301 4866 3487 4918 orbem
3533 4868 3744 4916 terrmm

2225 4968 2370 5021 tn'ssi
2402 4966 2557 5020 electi
2586 4965 2716 5030 viri,
2747 4963 3030 5017 virtutibus
3057 4971 3214 5027 atque
3257 4955 3583 5008 sermotnlms
3612 4946 3743 5002 divini

2223 5059 2423 5113 amoris
2453 5057 2690 5111 incendia
2721 5070 2763 5108 et
2787 5055 3083 5115 ncitarunt;
3116 5051 3182 5112 si,
3213 5047 3522 5102 conﬁrmata
3549 5045 3743 5097 saluber-

2225 5151 2358 5204 rima
2387 5147 2695 5215 disciplina,
2731 5144 3050 5198 illuminatas
3082 5151 3249 5194 terras
3295 5139 3518 5206 posteris
3556 5133 3741 5199 relique-

2226 5249 2385 5304 runt;
2411 5249 2483 5300 et,
2514 5254 2580 5294 ne
2609 5239 2677 5292 de
2721 5236 3001 5305 praeteritis
3041 5235 3250 5303 loquar,
3276 5245 3393 5300 quae
3441 5228 3556 5282 licet
3590 5224 3743 5288 cuique

2226 5348 2331 5385 non
2374 5332 2613 5394 credere,
2635 5329 2689 5384 si
2721 5328 2881 5383 hodie
2912 5341 3006 5394 per
3032 5333 3215 5395 gentes
3248 5319 3566 5390 populosque
3593 5312 3735 5380 prtuli-

2224 5433 2373 5477 catur
2410 5441 2422 5475 :
2464 5423 2520 5476 In
2563 5420 2821 5490 principio
2861 5427 2973 5472 erat
3019 5414 3270 5475 Verbum,
3311 5420 3366 5463 et
3408 5407 3622 5461 Verbum
3654 5407 3742 5454 erat

2224 5513 2359 5581 apud
2390 5515 2576 5576 Deum,
2603 5521 2657 5565 et
2685 5510 2822 5581 Deus
2846 5493 2966 5561 'erat
3000 5506 3252 5559 Verbum.
3285 5500 3392 5554 Hoc
3420 5506 3527 5552 erat
3553 5495 3600 5548 in
3627 5491 3738 5562 prin-

2225 5605 2364 5672 cipio
2392 5603 2527 5673 apud
2575 5601 2761 5655 Deum.
2808 5599 2994 5653 Omnia
3043 5611 3136 5662 per
3181 5595 3350 5662 ipsum
3382 5589 3508 5643 facta
3549 5592 3674 5673 sunt,
3697 5584 3737 5629 et
3774 5619 3779 5624 .

2226 5695 2340 5747 sine
2365 5672 2481 5762 ipso
2507 5691 2700 5746 factum
2730 5699 2813 5743 est
2840 5687 2991 5741 nihil.
3021 5686 3078 5741 Si
3111 5683 3175 5736 ad
3221 5683 3321 5748 hoc
3365 5672 3733 5748 percipiendum.

2227 5782 2567 5852 diligendum,
2593 5779 2992 5851 perimendum,
3016 5787 3072 5834 ut
3095 5778 3269 5830 anima
3292 5779 3516 5833 sanetur.
3538 5775 3586 5822 et
3604 5771 3728 5819 tanta
