  <div class='ocr_page' id='page_1' title='image "/cluster/home/n/w/nwhite01/storage/ocr_20150623/61-62/uva.x000827102/886.png"; bbox 0 0 3862 6222; ppageno 0'>
   <div class='ocr_carea' id='block_1_1' title="bbox 88 213 3393 278">
    <p class='ocr_par' dir='ltr' id='par_1_1' title="bbox 88 213 3393 278">
     <span class='ocr_line' id='line_1_1' title="bbox 88 213 3393 278; baseline 0 -10"><span class='ocrx_word' id='word_1_1' title='bbox 88 214 214 269; x_wconf 69' lang='lat'><strong>597</strong></span> <span class='ocrx_word' id='word_1_2' title='bbox 1335 213 1771 274; x_wconf 75' lang='lat' dir='ltr'><strong>TIIESAURUS.</strong></span> <span class='ocrx_word' id='word_1_3' title='bbox 1815 215 1962 274; x_wconf 83' lang='lat' dir='ltr'><strong>CAP.</strong></span> <span class='ocrx_word' id='word_1_4' title='bbox 2008 219 2151 278; x_wconf 80' lang='lat' dir='ltr'><strong>XIX.</strong></span> <span class='ocrx_word' id='word_1_5' title='bbox 2478 237 2479 242; x_wconf 78' lang='lat'>‘</span> <span class='ocrx_word' id='word_1_6' title='bbox 3292 216 3393 270; x_wconf 74' lang='lat'><strong>503</strong></span> 
     </span>
    </p>
   </div>
   <div class='ocr_carea' id='block_1_2' title="bbox 93 319 3393 410">
    <p class='ocr_par' dir='ltr' id='par_1_2' title="bbox 93 319 3393 410">
     <span class='ocr_line' id='line_1_2' title="bbox 93 319 3393 410; baseline -0.003 -20"><span class='ocrx_word' id='word_1_7' title='bbox 93 335 260 391; x_wconf 75' lang='lat' dir='ltr'><strong>locis</strong></span> <span class='ocrx_word' id='word_1_8' title='bbox 335 337 468 410; x_wconf 76' lang='lat' dir='ltr'><strong>[luci</strong></span> <span class='ocrx_word' id='word_1_9' title='bbox 500 337 511 408; x_wconf 75' lang='grc' dir='ltr'><strong>Ι</strong></span> <span class='ocrx_word' id='word_1_10' title='bbox 566 337 874 392; x_wconf 71' lang='lat' dir='ltr'><strong>haurienda:</strong></span> <span class='ocrx_word' id='word_1_11' title='bbox 925 344 1120 391; x_wconf 85' lang='lat' dir='ltr'><strong>mentis</strong></span> <span class='ocrx_word' id='word_1_12' title='bbox 1165 335 1308 390; x_wconf 83' lang='lat' dir='ltr'><strong>acies</strong></span> <span class='ocrx_word' id='word_1_13' title='bbox 1356 319 1714 396; x_wconf 87' lang='lat' dir='ltr'><strong>convalescat,</strong></span> <span class='ocrx_word' id='word_1_14' title='bbox 1743 333 1792 393; x_wconf 82' lang='grc' dir='ltr'><strong>Δ</strong></span> <span class='ocrx_word' id='word_1_15' title='bbox 1822 334 2085 402; x_wconf 86' lang='lat' dir='ltr'><strong>valerent,</strong></span> <span class='ocrx_word' id='word_1_16' title='bbox 2110 346 2201 392; x_wconf 89' lang='lat' dir='ltr'><strong>aut</strong></span> <span class='ocrx_word' id='word_1_17' title='bbox 2229 335 2275 391; x_wconf 90' lang='lat' dir='ltr'><strong>si</strong></span> <span class='ocrx_word' id='word_1_18' title='bbox 2309 348 2412 389; x_wconf 92' lang='lat' dir='ltr'><strong>non</strong></span> <span class='ocrx_word' id='word_1_19' title='bbox 2461 333 2632 397; x_wconf 88' lang='lat' dir='ltr'><strong>fieret,</strong></span> <span class='ocrx_word' id='word_1_20' title='bbox 2663 331 2863 386; x_wconf 90' lang='lat' dir='ltr'><strong>crimen</strong></span> <span class='ocrx_word' id='word_1_21' title='bbox 2896 330 3199 384; x_wconf 71' lang='lat' dir='ltr'><strong>invidentae</strong></span> <span class='ocrx_word' id='word_1_22' title='bbox 3228 330 3393 383; x_wconf 75' lang='lat' dir='ltr'><strong>vitate</strong></span> 
     </span>
    </p>
   </div>
   <div class='ocr_carea' id='block_1_3' title="bbox 89 419 3390 495">
    <p class='ocr_par' dir='ltr' id='par_1_3' title="bbox 89 419 3390 495">
     <span class='ocr_line' id='line_1_3' title="bbox 89 419 3390 495; baseline -0.004 -12"><span class='ocrx_word' id='word_1_23' title='bbox 89 430 330 485; x_wconf 87' lang='lat' dir='ltr'><strong>dicitur</strong></span> <span class='ocrx_word' id='word_1_24' title='bbox 376 432 592 485; x_wconf 81' lang='lat' dir='ltr'><strong>avaris:</strong></span> <span class='ocrx_word' id='word_1_25' title='bbox 627 430 798 484; x_wconf 83' lang='lat' dir='ltr'><strong>Nolite</strong></span> <span class='ocrx_word' id='word_1_26' title='bbox 842 429 996 483; x_wconf 82' lang='lat' dir='ltr'><strong>vobis</strong></span> <span class='ocrx_word' id='word_1_27' title='bbox 1043 428 1290 483; x_wconf 81' lang='lat' dir='ltr'><strong>condere</strong></span> <span class='ocrx_word' id='word_1_28' title='bbox 1323 426 1607 481; x_wconf 70' lang='lat' dir='ltr'><strong>thesauros</strong></span> <span class='ocrx_word' id='word_1_29' title='bbox 1661 424 1710 476; x_wconf 93' lang='lat' dir='ltr'><strong>in</strong></span> <span class='ocrx_word' id='word_1_30' title='bbox 1816 440 1921 477; x_wconf 91' lang='lat' dir='ltr'><strong>non</strong></span> <span class='ocrx_word' id='word_1_31' title='bbox 1953 438 2190 494; x_wconf 90' lang='lat' dir='ltr'><strong>possent.</strong></span> <span class='ocrx_word' id='word_1_32' title='bbox 2227 427 2368 495; x_wconf 82' lang='lat' dir='ltr'><strong>Ergo</strong></span> <span class='ocrx_word' id='word_1_33' title='bbox 2394 423 2649 480; x_wconf 85' lang='lat' dir='ltr'><strong>cedantei</strong></span> <span class='ocrx_word' id='word_1_34' title='bbox 2668 433 2886 493; x_wconf 87' lang='lat' dir='ltr'><strong>etaquo</strong></span> <span class='ocrx_word' id='word_1_35' title='bbox 2905 423 2974 494; x_wconf 74' lang='grc' dir='ltr'><strong>[υἱ</strong></span> <span class='ocrx_word' id='word_1_36' title='bbox 2998 419 3171 492; x_wconf 90' lang='lat' dir='ltr'><strong>aquo]</strong></span> <span class='ocrx_word' id='word_1_37' title='bbox 3193 419 3390 475; x_wconf 81' lang='lat' dir='ltr'><strong>factum</strong></span> 
     </span>
    </p>
   </div>
   <div class='ocr_carea' id='block_1_4' title="bbox 93 515 3392 596">
    <p class='ocr_par' dir='ltr' id='par_1_4' title="bbox 93 515 3392 596">
     <span class='ocr_line' id='line_1_4' title="bbox 93 515 3392 596; baseline -0.003 -18"><span class='ocrx_word' id='word_1_38' title='bbox 93 537 293 591; x_wconf 82' lang='lat' dir='ltr'><strong>terra,</strong></span> <span class='ocrx_word' id='word_1_39' title='bbox 316 527 401 581; x_wconf 92' lang='lat' dir='ltr'><strong>ubi</strong></span> <span class='ocrx_word' id='word_1_40' title='bbox 438 527 577 580; x_wconf 88' lang='lat' dir='ltr'><strong>tinea</strong></span> <span class='ocrx_word' id='word_1_41' title='bbox 608 534 663 578; x_wconf 91' lang='lat' dir='ltr'><strong>et</strong></span> <span class='ocrx_word' id='word_1_42' title='bbox 685 525 869 592; x_wconf 83' lang='lat' dir='ltr'><strong>rubigo</strong></span> <span class='ocrx_word' id='word_1_43' title='bbox 890 523 1114 596; x_wconf 68' lang='lat' dir='ltr'><strong>[mrugoj</strong></span> <span class='ocrx_word' id='word_1_44' title='bbox 1143 522 1520 584; x_wconf 72' lang='lat' dir='ltr'><strong>exterminant,</strong></span> <span class='ocrx_word' id='word_1_45' title='bbox 1550 528 1596 574; x_wconf 77' lang='lat' dir='ltr'><strong>et</strong></span> <span class='ocrx_word' id='word_1_46' title='bbox 1625 518 1711 571; x_wconf 89' lang='lat' dir='ltr'><strong>ubi</strong></span> <span class='ocrx_word' id='word_1_47' title='bbox 1821 528 1920 582; x_wconf 87' lang='lat' dir='ltr'><strong>cst,</strong></span> <span class='ocrx_word' id='word_1_48' title='bbox 1958 534 2056 574; x_wconf 89' lang='lat' dir='ltr'><strong>nec</strong></span> <span class='ocrx_word' id='word_1_49' title='bbox 2089 519 2398 575; x_wconf 83' lang='lat' dir='ltr'><strong>curiositate</strong></span> <span class='ocrx_word' id='word_1_50' title='bbox 2426 529 2517 572; x_wconf 87' lang='lat' dir='ltr'><strong>aut</strong></span> <span class='ocrx_word' id='word_1_51' title='bbox 2547 519 2688 572; x_wconf 88' lang='lat' dir='ltr'><strong>inani</strong></span> <span class='ocrx_word' id='word_1_52' title='bbox 2732 517 2987 586; x_wconf 84' lang='lat' dir='ltr'><strong>jactantia</strong></span> <span class='ocrx_word' id='word_1_53' title='bbox 3038 515 3392 585; x_wconf 80' lang='lat' dir='ltr'><strong>impediantur</strong></span> 
     </span>
    </p>
   </div>
   <div class='ocr_carea' id='block_1_5' title="bbox 94 608 3390 682">
    <p class='ocr_par' dir='ltr' id='par_1_5' title="bbox 94 608 3390 682">
     <span class='ocr_line' id='line_1_5' title="bbox 94 608 3390 682; baseline -0.002 -14"><span class='ocrx_word' id='word_1_54' title='bbox 94 621 270 672; x_wconf 80' lang='lat' dir='ltr'><strong>fures</strong></span> <span class='ocrx_word' id='word_1_55' title='bbox 323 617 589 672; x_wconf 84' lang='lat' dir='ltr'><strong>eli&#39;odiunt</strong></span> <span class='ocrx_word' id='word_1_56' title='bbox 633 624 689 669; x_wconf 80' lang='lat' dir='ltr'><strong>et</strong></span> <span class='ocrx_word' id='word_1_57' title='bbox 730 616 1004 681; x_wconf 88' lang='lat' dir='ltr'><strong>furantur;</strong></span> <span class='ocrx_word' id='word_1_58' title='bbox 1033 614 1128 670; x_wconf 81' lang='lat' dir='ltr'><strong>sed</strong></span> <span class='ocrx_word' id='word_1_59' title='bbox 1178 613 1534 668; x_wconf 84' lang='lat' dir='ltr'><strong>thesaurizate</strong></span> <span class='ocrx_word' id='word_1_60' title='bbox 1559 609 1712 663; x_wconf 83' lang='lat' dir='ltr'><strong>vobis</strong></span> <span class='ocrx_word' id='word_1_61' title='bbox 1813 611 2095 676; x_wconf 89' lang='lat' dir='ltr'><strong>quominus</strong></span> <span class='ocrx_word' id='word_1_62' title='bbox 2142 619 2435 682; x_wconf 72' lang='lat' dir='ltr'><strong>agnoscant</strong></span> <span class='ocrx_word' id='word_1_63' title='bbox 2479 608 2607 679; x_wconf 84' lang='lat' dir='ltr'><strong>quid</strong></span> <span class='ocrx_word' id='word_1_64' title='bbox 2655 608 2866 663; x_wconf 86' lang='lat' dir='ltr'><strong>intersit</strong></span> <span class='ocrx_word' id='word_1_65' title='bbox 2917 610 3057 662; x_wconf 87' lang='lat' dir='ltr'><strong>inter</strong></span> <span class='ocrx_word' id='word_1_66' title='bbox 3102 621 3390 678; x_wconf 84' lang='lat' dir='ltr'><strong>paucorum</strong></span> 
     </span>
    </p>
   </div>
   <div class='ocr_carea' id='block_1_6' title="bbox 95 697 3389 774">
    <p class='ocr_par' dir='ltr' id='par_1_6' title="bbox 95 697 3389 774">
     <span class='ocr_line' id='line_1_6' title="bbox 95 697 3389 774; baseline -0.002 -16"><span class='ocrx_word' id='word_1_67' title='bbox 95 708 418 761; x_wconf 74' lang='lat' dir='ltr'><strong>thesauros</strong></span> <span class='ocrx_word' id='word_1_68' title='bbox 463 707 517 760; x_wconf 92' lang='lat' dir='ltr'><strong>in</strong></span> <span class='ocrx_word' id='word_1_69' title='bbox 559 707 720 770; x_wconf 75' lang='lat' dir='ltr'><strong>cmlo,</strong></span> <span class='ocrx_word' id='word_1_70' title='bbox 763 707 850 760; x_wconf 90' lang='lat' dir='ltr'><strong>ubi</strong></span> <span class='ocrx_word' id='word_1_71' title='bbox 901 720 1072 774; x_wconf 89' lang='lat' dir='ltr'><strong>neque</strong></span> <span class='ocrx_word' id='word_1_72' title='bbox 1118 706 1280 768; x_wconf 85' lang='lat' dir='ltr'><strong>tinea,</strong></span> <span class='ocrx_word' id='word_1_73' title='bbox 1305 718 1478 772; x_wconf 87' lang='lat' dir='ltr'><strong>neque</strong></span> <span class='ocrx_word' id='word_1_74' title='bbox 1526 699 1712 768; x_wconf 82' lang='lat' dir='ltr'><strong>rubigo</strong></span> <span class='ocrx_word' id='word_1_75' title='bbox 1817 697 2026 753; x_wconf 83' lang='lat' dir='ltr'><strong>timidas</strong></span> <span class='ocrx_word' id='word_1_76' title='bbox 2053 697 2331 772; x_wconf 81' lang='lat' dir='ltr'><strong>[tumidas]</strong></span> <span class='ocrx_word' id='word_1_77' title='bbox 2361 701 2694 768; x_wconf 85' lang='lat' dir='ltr'><strong>conjecturas</strong></span> <span class='ocrx_word' id='word_1_78' title='bbox 2715 707 2770 754; x_wconf 87' lang='lat' dir='ltr'><strong>et</strong></span> <span class='ocrx_word' id='word_1_79' title='bbox 2793 699 3121 754; x_wconf 83' lang='lat' dir='ltr'><strong>manifestam</strong></span> <span class='ocrx_word' id='word_1_80' title='bbox 3163 698 3389 753; x_wconf 77' lang='lat' dir='ltr'><strong>salutem</strong></span> 
     </span>
    </p>
   </div>
   <div class='ocr_carea' id='block_1_7' title="bbox 93 789 3394 868">
    <p class='ocr_par' dir='ltr' id='par_1_7' title="bbox 93 789 3394 868">
     <span class='ocr_line' id='line_1_7' title="bbox 93 789 3394 868; baseline -0.002 -17"><span class='ocrx_word' id='word_1_81' title='bbox 93 798 517 862; x_wconf 80' lang='lat' dir='ltr'><strong>exterminant,</strong></span> <span class='ocrx_word' id='word_1_82' title='bbox 546 813 718 868; x_wconf 88' lang='lat' dir='ltr'><strong>neque</strong></span> <span class='ocrx_word' id='word_1_83' title='bbox 757 799 900 852; x_wconf 82' lang='lat' dir='ltr'><strong>fures</strong></span> <span class='ocrx_word' id='word_1_84' title='bbox 940 797 1195 851; x_wconf 75' lang='lat' dir='ltr'><strong>effodiunt</strong></span> <span class='ocrx_word' id='word_1_85' title='bbox 1237 809 1409 864; x_wconf 86' lang='lat' dir='ltr'><strong>neque</strong></span> <span class='ocrx_word' id='word_1_86' title='bbox 1440 793 1709 855; x_wconf 89' lang='lat' dir='ltr'><strong>furantur;</strong></span> <span class='ocrx_word' id='word_1_87' title='bbox 1814 792 2306 861; x_wconf 82' lang='lat' dir='ltr'><strong>correctionemque</strong></span> <span class='ocrx_word' id='word_1_88' title='bbox 2335 792 2678 862; x_wconf 79' lang='lat' dir='ltr'><strong>populorum.</strong></span> <span class='ocrx_word' id='word_1_89' title='bbox 2730 790 2808 846; x_wconf 92' lang='lat' dir='ltr'><strong>llli</strong></span> <span class='ocrx_word' id='word_1_90' title='bbox 2838 791 2980 845; x_wconf 88' lang='lat' dir='ltr'><strong>enim</strong></span> <span class='ocrx_word' id='word_1_91' title='bbox 3022 791 3067 844; x_wconf 88' lang='lat' dir='ltr'><strong>si</strong></span> <span class='ocrx_word' id='word_1_92' title='bbox 3108 789 3394 844; x_wconf 85' lang='lat' dir='ltr'><strong>revivisce-</strong></span> 
     </span>
    </p>
   </div>
   <div class='ocr_carea' id='block_1_8' title="bbox 97 881 3396 954">
    <p class='ocr_par' dir='ltr' id='par_1_8' title="bbox 97 881 3396 954">
     <span class='ocr_line' id='line_1_8' title="bbox 97 881 3396 954; baseline -0.002 -13"><span class='ocrx_word' id='word_1_93' title='bbox 97 890 199 943; x_wconf 87' lang='lat' dir='ltr'><strong>ubi</strong></span> <span class='ocrx_word' id='word_1_94' title='bbox 260 892 414 946; x_wconf 87' lang='lat' dir='ltr'><strong>enim</strong></span> <span class='ocrx_word' id='word_1_95' title='bbox 452 901 536 946; x_wconf 85' lang='lat' dir='ltr'><strong>est</strong></span> <span class='ocrx_word' id='word_1_96' title='bbox 579 890 866 946; x_wconf 85' lang='lat' dir='ltr'><strong>thesaurus</strong></span> <span class='ocrx_word' id='word_1_97' title='bbox 897 899 1046 953; x_wconf 92' lang='lat' dir='ltr'><strong>tuus,</strong></span> <span class='ocrx_word' id='word_1_98' title='bbox 1082 888 1156 942; x_wconf 87' lang='lat' dir='ltr'><strong>ibi</strong></span> <span class='ocrx_word' id='word_1_99' title='bbox 1197 897 1277 942; x_wconf 84' lang='lat' dir='ltr'><strong>est</strong></span> <span class='ocrx_word' id='word_1_100' title='bbox 1318 896 1372 939; x_wconf 89' lang='lat' dir='ltr'><strong>et</strong></span> <span class='ocrx_word' id='word_1_101' title='bbox 1407 899 1501 939; x_wconf 92' lang='lat' dir='ltr'><strong>cor</strong></span> <span class='ocrx_word' id='word_1_102' title='bbox 1541 894 1709 936; x_wconf 91' lang='lat' dir='ltr'><strong>tuum.</strong></span> <span class='ocrx_word' id='word_1_103' title='bbox 1815 894 1931 939; x_wconf 92' lang='lat' dir='ltr'><strong>rent</strong></span> <span class='ocrx_word' id='word_1_104' title='bbox 1958 899 2182 954; x_wconf 91' lang='lat' dir='ltr'><strong>quorum</strong></span> <span class='ocrx_word' id='word_1_105' title='bbox 2212 885 2298 940; x_wconf 86' lang='lat' dir='ltr'><strong>isti</strong></span> <span class='ocrx_word' id='word_1_106' title='bbox 2347 886 2399 939; x_wconf 90' lang='lat' dir='ltr'><strong>in</strong></span> <span class='ocrx_word' id='word_1_107' title='bbox 2433 884 2739 938; x_wconf 84' lang='lat' dir='ltr'><strong>hominibus</strong></span> <span class='ocrx_word' id='word_1_108' title='bbox 2765 882 3080 952; x_wconf 83' lang='lat' dir='ltr'><strong>gloriantur,</strong></span> <span class='ocrx_word' id='word_1_109' title='bbox 3111 887 3166 935; x_wconf 90' lang='lat' dir='ltr'><strong>et</strong></span> <span class='ocrx_word' id='word_1_110' title='bbox 3192 881 3396 935; x_wconf 87' lang='lat' dir='ltr'><strong>inveni-</strong></span> 
     </span>
    </p>
   </div>
   <div class='ocr_carea' id='block_1_9' title="bbox 97 975 3395 1047">
    <p class='ocr_par' dir='ltr' id='par_1_9' title="bbox 97 975 3395 1047">
     <span class='ocr_line' id='line_1_9' title="bbox 97 975 3395 1047; baseline -0.001 -15"><span class='ocrx_word' id='word_1_111' title='bbox 97 979 339 1035; x_wconf 84' lang='lat' dir='ltr'><strong>Dicitur</strong></span> <span class='ocrx_word' id='word_1_112' title='bbox 377 982 661 1035; x_wconf 79' lang='lat' dir='ltr'><strong>luxuriosis</strong></span> <span class='ocrx_word' id='word_1_113' title='bbox 687 998 699 1032; x_wconf 91' lang='lat'>:</span> <span class='ocrx_word' id='word_1_114' title='bbox 725 980 828 1047; x_wconf 82' lang='lat' dir='ltr'><strong>Qui</strong></span> <span class='ocrx_word' id='word_1_115' title='bbox 874 981 1104 1034; x_wconf 87' lang='lat' dir='ltr'><strong>seminat</strong></span> <span class='ocrx_word' id='word_1_116' title='bbox 1147 981 1196 1033; x_wconf 93' lang='lat' dir='ltr'><strong>in</strong></span> <span class='ocrx_word' id='word_1_117' title='bbox 1239 992 1420 1043; x_wconf 88' lang='lat' dir='ltr'><strong>carne,</strong></span> <span class='ocrx_word' id='word_1_118' title='bbox 1454 977 1520 1030; x_wconf 90' lang='lat' dir='ltr'><strong>de</strong></span> <span class='ocrx_word' id='word_1_119' title='bbox 1554 989 1714 1029; x_wconf 89' lang='lat' dir='ltr'><strong>carne</strong></span> <span class='ocrx_word' id='word_1_120' title='bbox 1815 987 1933 1031; x_wconf 90' lang='lat' dir='ltr'><strong>rent</strong></span> <span class='ocrx_word' id='word_1_121' title='bbox 1963 977 2186 1032; x_wconf 88' lang='lat' dir='ltr'><strong>refertas</strong></span> <span class='ocrx_word' id='word_1_122' title='bbox 2215 977 2493 1044; x_wconf 86' lang='lat' dir='ltr'><strong>ecclesias,</strong></span> <span class='ocrx_word' id='word_1_123' title='bbox 2542 978 2848 1047; x_wconf 74' lang='lat' dir='ltr'><strong>templaque</strong></span> <span class='ocrx_word' id='word_1_124' title='bbox 2876 975 3395 1044; x_wconf 88' lang='lat' dir='ltr'><strong>deserta,etacupi-</strong></span> 
     </span>
    </p>
   </div>
   <div class='ocr_carea' id='block_1_10' title="bbox 99 1060 3396 1140">
    <p class='ocr_par' dir='ltr' id='par_1_10' title="bbox 99 1060 3396 1140">
     <span class='ocr_line' id='line_1_10' title="bbox 99 1060 3396 1140; baseline -0.002 -17"><span class='ocrx_word' id='word_1_125' title='bbox 99 1080 298 1125; x_wconf 76' lang='lat' dir='ltr'><strong>metet</strong></span> <span class='ocrx_word' id='word_1_126' title='bbox 327 1073 756 1140; x_wconf 85' lang='lat' dir='ltr'><strong>cerruptionem;</strong></span> <span class='ocrx_word' id='word_1_127' title='bbox 783 1071 875 1140; x_wconf 88' lang='lat' dir='ltr'><strong>qtti</strong></span> <span class='ocrx_word' id='word_1_128' title='bbox 916 1069 1146 1125; x_wconf 85' lang='lat' dir='ltr'><strong>seminat</strong></span> <span class='ocrx_word' id='word_1_129' title='bbox 1175 1069 1225 1122; x_wconf 92' lang='lat' dir='ltr'><strong>in</strong></span> <span class='ocrx_word' id='word_1_130' title='bbox 1272 1067 1480 1136; x_wconf 85' lang='lat' dir='ltr'><strong>spiritu,</strong></span> <span class='ocrx_word' id='word_1_131' title='bbox 1515 1065 1582 1118; x_wconf 91' lang='lat' dir='ltr'><strong>de</strong></span> <span class='ocrx_word' id='word_1_132' title='bbox 1609 1065 1714 1132; x_wconf 89' lang='lat' dir='ltr'><strong>spi-</strong></span> <span class='ocrx_word' id='word_1_133' title='bbox 1814 1070 1980 1126; x_wconf 58' lang='lat' dir='ltr'><strong>ditare</strong></span> <span class='ocrx_word' id='word_1_134' title='bbox 2024 1072 2285 1126; x_wconf 72' lang='lat' dir='ltr'><strong>bonorum</strong></span> <span class='ocrx_word' id='word_1_135' title='bbox 2333 1069 2708 1139; x_wconf 66' lang='lat' dir='ltr'><strong>temporalium</strong></span> <span class='ocrx_word' id='word_1_136' title='bbox 2757 1079 2919 1140; x_wconf 76' lang='lat' dir='ltr'><strong>atque</strong></span> <span class='ocrx_word' id='word_1_137' title='bbox 2963 1060 3280 1129; x_wconf 79' lang='lat' dir='ltr'><strong>ﬂuentium,</strong></span> <span class='ocrx_word' id='word_1_138' title='bbox 3330 1068 3396 1120; x_wconf 89' lang='lat' dir='ltr'><strong>ad</strong></span> 
     </span>
    </p>
   </div>
   <div class='ocr_carea' id='block_1_11' title="bbox 85 1154 1714 1233">
    <p class='ocr_par' dir='ltr' id='par_1_11' title="bbox 85 1154 1714 1227">
     <span class='ocr_line' id='line_1_11' title="bbox 85 1154 1714 1227; baseline -0.003 -14"><span class='ocrx_word' id='word_1_139' title='bbox 85 1163 222 1214; x_wconf 63' lang='lat' dir='ltr'><strong>‘ritu</strong></span> <span class='ocrx_word' id='word_1_140' title='bbox 263 1171 438 1217; x_wconf 81' lang='lat' dir='ltr'><strong>metet</strong></span> <span class='ocrx_word' id='word_1_141' title='bbox 471 1163 633 1217; x_wconf 87' lang='lat' dir='ltr'><strong>vitam</strong></span> <span class='ocrx_word' id='word_1_142' title='bbox 669 1172 944 1218; x_wconf 65' lang='lat' dir='ltr'><strong>aeternam.</strong></span> <span class='ocrx_word' id='word_1_143' title='bbox 982 1160 1185 1215; x_wconf 75' lang='lat' dir='ltr'><strong>Dicitur</strong></span> <span class='ocrx_word' id='word_1_144' title='bbox 1215 1157 1457 1227; x_wconf 83' lang='lat' dir='ltr'><strong>superbis</strong></span> <span class='ocrx_word' id='word_1_145' title='bbox 1484 1175 1495 1209; x_wconf 92' lang='lat'>:</span> <span class='ocrx_word' id='word_1_146' title='bbox 1526 1154 1626 1223; x_wconf 86' lang='lat' dir='ltr'><strong>Qui</strong></span> <span class='ocrx_word' id='word_1_147' title='bbox 1656 1168 1714 1208; x_wconf 86' lang='lat' dir='ltr'><strong>se</strong></span> 
     </span>
    </p>
   </div>
   <div class='ocr_carea' id='block_1_12' title="bbox 1818 1154 3396 1233">
    <p class='ocr_par' dir='ltr' id='par_1_12' title="bbox 1818 1157 3396 1233">
     <span class='ocr_line' id='line_1_12' title="bbox 1818 1157 3396 1233; baseline -0.006 -16"><span class='ocrx_word' id='word_1_148' title='bbox 1818 1177 1963 1233; x_wconf 84' lang='lat' dir='ltr'><strong>spem</strong></span> <span class='ocrx_word' id='word_1_149' title='bbox 1990 1163 2110 1218; x_wconf 79' lang='lat' dir='ltr'><strong>vitae</strong></span> <span class='ocrx_word' id='word_1_150' title='bbox 2136 1173 2352 1219; x_wconf 64' lang='lat' dir='ltr'><strong>aeterna:</strong></span> <span class='ocrx_word' id='word_1_151' title='bbox 2391 1172 2445 1217; x_wconf 90' lang='lat' dir='ltr'><strong>et</strong></span> <span class='ocrx_word' id='word_1_152' title='bbox 2473 1162 2609 1216; x_wconf 89' lang='lat' dir='ltr'><strong>bona</strong></span> <span class='ocrx_word' id='word_1_153' title='bbox 2655 1163 2912 1231; x_wconf 82' lang='lat' dir='ltr'><strong>spiritalia</strong></span> <span class='ocrx_word' id='word_1_154' title='bbox 2944 1168 2999 1214; x_wconf 87' lang='lat' dir='ltr'><strong>et</strong></span> <span class='ocrx_word' id='word_1_155' title='bbox 3042 1157 3396 1226; x_wconf 81' lang='lat' dir='ltr'><strong>intelligibilia</strong></span> 
     </span>
    </p>
   </div>
   <div class='ocr_carea' id='block_1_13' title="bbox 101 1247 1714 1322">
    <p class='ocr_par' dir='ltr' id='par_1_13' title="bbox 101 1247 1712 1322">
     <span class='ocr_line' id='line_1_13' title="bbox 101 1247 1712 1322; baseline -0.006 -15"><span class='ocrx_word' id='word_1_156' title='bbox 101 1251 334 1307; x_wconf 78' lang='lat' dir='ltr'><strong>exaltat</strong></span> <span class='ocrx_word' id='word_1_157' title='bbox 365 1252 730 1308; x_wconf 85' lang='lat' dir='ltr'><strong>humiliabitur</strong></span> <span class='ocrx_word' id='word_1_158' title='bbox 749 1296 764 1319; x_wconf 95' lang='lat'><strong>,</strong></span> <span class='ocrx_word' id='word_1_159' title='bbox 794 1260 849 1308; x_wconf 81' lang='lat' dir='ltr'><strong>et</strong></span> <span class='ocrx_word' id='word_1_160' title='bbox 873 1252 963 1322; x_wconf 89' lang='lat' dir='ltr'><strong>qui</strong></span> <span class='ocrx_word' id='word_1_161' title='bbox 993 1266 1052 1306; x_wconf 88' lang='lat' dir='ltr'><strong>se</strong></span> <span class='ocrx_word' id='word_1_162' title='bbox 1096 1251 1337 1304; x_wconf 89' lang='lat' dir='ltr'><strong>humiliat</strong></span> <span class='ocrx_word' id='word_1_163' title='bbox 1362 1247 1712 1304; x_wconf 73' lang='lat' dir='ltr'><strong>exaltabitur.</strong></span> 
     </span>
    </p>
   </div>
   <div class='ocr_carea' id='block_1_14' title="bbox 1818 1247 3390 1322">
    <p class='ocr_par' dir='ltr' id='par_1_14' title="bbox 1818 1249 3390 1322">
     <span class='ocr_line' id='line_1_14' title="bbox 1818 1249 3390 1322; baseline -0.004 -14"><span class='ocrx_word' id='word_1_164' title='bbox 1818 1254 1992 1308; x_wconf 88' lang='lat' dir='ltr'><strong>vocari</strong></span> <span class='ocrx_word' id='word_1_165' title='bbox 2018 1264 2071 1308; x_wconf 91' lang='lat' dir='ltr'><strong>et</strong></span> <span class='ocrx_word' id='word_1_166' title='bbox 2099 1267 2318 1308; x_wconf 89' lang='lat' dir='ltr'><strong>currere</strong></span> <span class='ocrx_word' id='word_1_167' title='bbox 2345 1253 2634 1307; x_wconf 88' lang='lat' dir='ltr'><strong>humanum</strong></span> <span class='ocrx_word' id='word_1_168' title='bbox 2663 1267 2829 1322; x_wconf 88' lang='lat' dir='ltr'><strong>genus</strong></span> <span class='ocrx_word' id='word_1_169' title='bbox 2849 1291 2864 1317; x_wconf 89' lang='lat'><strong>,</strong></span> <span class='ocrx_word' id='word_1_170' title='bbox 2896 1251 3138 1306; x_wconf 88' lang='lat' dir='ltr'><strong>dicerent</strong></span> <span class='ocrx_word' id='word_1_171' title='bbox 3167 1249 3390 1303; x_wconf 78' lang='lat' dir='ltr'><strong>fortasse</strong></span> 
     </span>
    </p>
   </div>
   <div class='ocr_carea' id='block_1_15' title="bbox 104 1341 1714 1415">
    <p class='ocr_par' dir='ltr' id='par_1_15' title="bbox 104 1341 1714 1415">
     <span class='ocr_line' id='line_1_15' title="bbox 104 1341 1714 1415; baseline -0.004 -16"><span class='ocrx_word' id='word_1_172' title='bbox 104 1346 343 1402; x_wconf 86' lang='lat' dir='ltr'><strong>Dicitur</strong></span> <span class='ocrx_word' id='word_1_173' title='bbox 373 1347 639 1403; x_wconf 85' lang='lat' dir='ltr'><strong>iracundis</strong></span> <span class='ocrx_word' id='word_1_174' title='bbox 665 1366 677 1400; x_wconf 93' lang='lat'>:</span> <span class='ocrx_word' id='word_1_175' title='bbox 705 1346 967 1415; x_wconf 82' lang='lat' dir='ltr'><strong>Accepisti</strong></span> <span class='ocrx_word' id='word_1_176' title='bbox 992 1346 1221 1414; x_wconf 79' lang='lat' dir='ltr'><strong>alapam,</strong></span> <span class='ocrx_word' id='word_1_177' title='bbox 1252 1357 1376 1412; x_wconf 82' lang='lat' dir='ltr'><strong>para</strong></span> <span class='ocrx_word' id='word_1_178' title='bbox 1407 1351 1462 1397; x_wconf 87' lang='lat' dir='ltr'><strong>et</strong></span> <span class='ocrx_word' id='word_1_179' title='bbox 1486 1341 1714 1394; x_wconf 76' lang='lat' dir='ltr'><strong>alteram</strong></span> 
     </span>
    </p>
   </div>
   <div class='ocr_carea' id='block_1_16' title="bbox 105 1423 1717 1506">
    <p class='ocr_par' dir='ltr' id='par_1_16' title="bbox 105 1423 1717 1506">
     <span class='ocr_line' id='line_1_16' title="bbox 105 1423 1717 1506; baseline -0.004 -15"><span class='ocrx_word' id='word_1_180' title='bbox 105 1441 434 1494; x_wconf 74' lang='lat' dir='ltr'><strong>maxillam.</strong></span> <span class='ocrx_word' id='word_1_181' title='bbox 465 1423 669 1495; x_wconf 88' lang='lat' dir='ltr'><strong>Dicitur</strong></span> <span class='ocrx_word' id='word_1_182' title='bbox 695 1439 1076 1496; x_wconf 86' lang='lat' dir='ltr'><strong>discordiosis:</strong></span> <span class='ocrx_word' id='word_1_183' title='bbox 1105 1437 1316 1506; x_wconf 78' lang='lat' dir='ltr'><strong>Diligite</strong></span> <span class='ocrx_word' id='word_1_184' title='bbox 1354 1435 1598 1488; x_wconf 91' lang='lat' dir='ltr'><strong>inimicos</strong></span> <span class='ocrx_word' id='word_1_185' title='bbox 1629 1449 1717 1485; x_wconf 89' lang='lat' dir='ltr'><strong>ve-</strong></span> 
     </span>
    </p>
   </div>
   <div class='ocr_carea' id='block_1_17' title="bbox 105 1526 1716 1601">
    <p class='ocr_par' dir='ltr' id='par_1_17' title="bbox 105 1526 1716 1601">
     <span class='ocr_line' id='line_1_17' title="bbox 105 1526 1716 1601; baseline -0.006 -15"><span class='ocrx_word' id='word_1_186' title='bbox 105 1541 300 1586; x_wconf 84' lang='lat' dir='ltr'><strong>stros.</strong></span> <span class='ocrx_word' id='word_1_187' title='bbox 337 1533 540 1587; x_wconf 90' lang='lat' dir='ltr'><strong>Dicitur</strong></span> <span class='ocrx_word' id='word_1_188' title='bbox 568 1530 955 1601; x_wconf 85' lang='lat' dir='ltr'><strong>superStitiosis</strong></span> <span class='ocrx_word' id='word_1_189' title='bbox 981 1549 993 1585; x_wconf 91' lang='lat'><strong>:</strong></span> <span class='ocrx_word' id='word_1_190' title='bbox 1021 1529 1256 1599; x_wconf 79' lang='lat' dir='ltr'><strong>Regnum</strong></span> <span class='ocrx_word' id='word_1_191' title='bbox 1305 1527 1399 1581; x_wconf 88' lang='lat' dir='ltr'><strong>Dei</strong></span> <span class='ocrx_word' id='word_1_192' title='bbox 1443 1526 1581 1579; x_wconf 90' lang='lat' dir='ltr'><strong>intra</strong></span> <span class='ocrx_word' id='word_1_193' title='bbox 1621 1538 1716 1578; x_wconf 84' lang='lat' dir='ltr'><strong>vos</strong></span> 
     </span>
    </p>
   </div>
   <div class='ocr_carea' id='block_1_18' title="bbox 108 1618 1710 1690">
    <p class='ocr_par' dir='ltr' id='par_1_18' title="bbox 108 1618 1710 1690">
     <span class='ocr_line' id='line_1_18' title="bbox 108 1618 1710 1690; baseline -0.007 -9"><span class='ocrx_word' id='word_1_194' title='bbox 108 1638 226 1681; x_wconf 73' lang='grc' dir='ltr'><strong>εει.</strong></span> <span class='ocrx_word' id='word_1_195' title='bbox 272 1625 481 1681; x_wconf 89' lang='lat' dir='ltr'><strong>Dicitur</strong></span> <span class='ocrx_word' id='word_1_196' title='bbox 506 1626 769 1681; x_wconf 87' lang='lat' dir='ltr'><strong>curiosis:</strong></span> <span class='ocrx_word' id='word_1_197' title='bbox 795 1625 970 1678; x_wconf 84' lang='lat' dir='ltr'><strong>Nolite</strong></span> <span class='ocrx_word' id='word_1_198' title='bbox 1016 1636 1253 1690; x_wconf 69' lang='lat' dir='ltr'><strong>quaerere</strong></span> <span class='ocrx_word' id='word_1_199' title='bbox 1292 1635 1410 1689; x_wconf 74' lang='lat' dir='ltr'><strong>qua:</strong></span> <span class='ocrx_word' id='word_1_200' title='bbox 1447 1618 1710 1681; x_wconf 87' lang='lat' dir='ltr'><strong>videntur,</strong></span> 
     </span>
    </p>
   </div>
   <div class='ocr_carea' id='block_1_19' title="bbox 1816 1341 3397 1415">
    <p class='ocr_par' dir='ltr' id='par_1_19' title="bbox 1816 1341 3397 1415">
     <span class='ocr_line' id='line_1_19' title="bbox 1816 1341 3397 1415; baseline -0.004 -14"><span class='ocrx_word' id='word_1_201' title='bbox 1816 1346 1896 1415; x_wconf 85' lang='lat' dir='ltr'><strong>(si</strong></span> <span class='ocrx_word' id='word_1_202' title='bbox 1946 1348 2083 1402; x_wconf 82' lang='lat' dir='ltr'><strong>tales</strong></span> <span class='ocrx_word' id='word_1_203' title='bbox 2129 1356 2312 1401; x_wconf 87' lang='lat' dir='ltr'><strong>essent</strong></span> <span class='ocrx_word' id='word_1_204' title='bbox 2365 1349 2550 1413; x_wconf 77' lang='lat' dir='ltr'><strong>quales</strong></span> <span class='ocrx_word' id='word_1_205' title='bbox 2594 1347 2764 1400; x_wconf 87' lang='lat' dir='ltr'><strong>fuisse</strong></span> <span class='ocrx_word' id='word_1_206' title='bbox 2805 1341 3397 1411; x_wconf 78' lang='lat' dir='ltr'><strong>metnorantur):l|:cc</strong></span> 
     </span>
    </p>
   </div>
   <div class='ocr_carea' id='block_1_20' title="bbox 1814 1437 3400 1508">
    <p class='ocr_par' dir='ltr' id='par_1_20' title="bbox 1814 1437 3400 1508">
     <span class='ocr_line' id='line_1_20' title="bbox 1814 1437 3400 1508; baseline -0.004 -15"><span class='ocrx_word' id='word_1_207' title='bbox 1814 1449 1940 1494; x_wconf 86' lang='lat' dir='ltr'><strong>sunt</strong></span> <span class='ocrx_word' id='word_1_208' title='bbox 1965 1453 2081 1506; x_wconf 63' lang='lat' dir='ltr'><strong>qua:</strong></span> <span class='ocrx_word' id='word_1_209' title='bbox 2111 1454 2210 1493; x_wconf 86' lang='lat' dir='ltr'><strong>nos</strong></span> <span class='ocrx_word' id='word_1_210' title='bbox 2240 1439 2564 1508; x_wconf 86' lang='lat' dir='ltr'><strong>persuadere</strong></span> <span class='ocrx_word' id='word_1_211' title='bbox 2597 1438 2806 1508; x_wconf 83' lang='lat' dir='ltr'><strong>populis</strong></span> <span class='ocrx_word' id='word_1_212' title='bbox 2835 1452 2942 1492; x_wconf 85' lang='lat' dir='ltr'><strong>non</strong></span> <span class='ocrx_word' id='word_1_213' title='bbox 2968 1437 3082 1491; x_wconf 87' lang='lat' dir='ltr'><strong>ausi</strong></span> <span class='ocrx_word' id='word_1_214' title='bbox 3114 1450 3319 1497; x_wconf 83' lang='lat' dir='ltr'><strong>sumus,</strong></span> <span class='ocrx_word' id='word_1_215' title='bbox 3344 1443 3400 1488; x_wconf 92' lang='lat' dir='ltr'><strong>et</strong></span> 
     </span>
    </p>
   </div>
   <div class='ocr_carea' id='block_1_21' title="bbox 1814 1527 3397 1602">
    <p class='ocr_par' dir='ltr' id='par_1_21' title="bbox 1814 1527 3397 1602">
     <span class='ocr_line' id='line_1_21' title="bbox 1814 1527 3397 1602; baseline -0.006 -16"><span class='ocrx_word' id='word_1_216' title='bbox 1814 1546 1998 1586; x_wconf 90' lang='lat' dir='ltr'><strong>eorum</strong></span> <span class='ocrx_word' id='word_1_217' title='bbox 2047 1534 2220 1602; x_wconf 91' lang='lat' dir='ltr'><strong>potius</strong></span> <span class='ocrx_word' id='word_1_218' title='bbox 2265 1530 2638 1588; x_wconf 86' lang='lat' dir='ltr'><strong>censuetudini</strong></span> <span class='ocrx_word' id='word_1_219' title='bbox 2685 1529 2965 1595; x_wconf 64' lang='lat' dir='ltr'><strong>cessimus,</strong></span> <span class='ocrx_word' id='word_1_220' title='bbox 2996 1542 3153 1598; x_wconf 86' lang='lat' dir='ltr'><strong>quam</strong></span> <span class='ocrx_word' id='word_1_221' title='bbox 3195 1527 3316 1581; x_wconf 87' lang='lat' dir='ltr'><strong>illos</strong></span> <span class='ocrx_word' id='word_1_222' title='bbox 3348 1527 3397 1578; x_wconf 89' lang='lat' dir='ltr'><strong>in</strong></span> 
     </span>
    </p>
   </div>
   <div class='ocr_carea' id='block_1_22' title="bbox 1817 1617 3397 1690">
    <p class='ocr_par' dir='ltr' id='par_1_22' title="bbox 1817 1617 3397 1690">
     <span class='ocr_line' id='line_1_22' title="bbox 1817 1617 3397 1690; baseline -0.004 -13"><span class='ocrx_word' id='word_1_223' title='bbox 1817 1633 2052 1678; x_wconf 87' lang='lat' dir='ltr'><strong>nostram</strong></span> <span class='ocrx_word' id='word_1_224' title='bbox 2095 1623 2255 1680; x_wconf 87' lang='lat' dir='ltr'><strong>fidem</strong></span> <span class='ocrx_word' id='word_1_225' title='bbox 2298 1623 2734 1690; x_wconf 84' lang='lat' dir='ltr'><strong>voluntatemque</strong></span> <span class='ocrx_word' id='word_1_226' title='bbox 2803 1620 3156 1674; x_wconf 78' lang='lat' dir='ltr'><strong>traduximas.</strong></span> <span class='ocrx_word' id='word_1_227' title='bbox 3217 1617 3397 1686; x_wconf 79' lang='lat' dir='ltr'><strong>Itaque</strong></span> 
     </span>
    </p>
   </div>
   <div class='ocr_carea' id='block_1_23' title="bbox 111 1701 3398 1787">
    <p class='ocr_par' dir='ltr' id='par_1_23' title="bbox 111 1701 3398 1787">
     <span class='ocr_line' id='line_1_23' title="bbox 111 1701 3398 1787; baseline -0.006 -2"><span class='ocrx_word' id='word_1_228' title='bbox 111 1717 220 1772; x_wconf 60' lang='lat' dir='ltr'><strong>Sed</strong></span> <span class='ocrx_word' id='word_1_229' title='bbox 288 1733 409 1787; x_wconf 67' lang='lat' dir='ltr'><strong>quae</strong></span> <span class='ocrx_word' id='word_1_230' title='bbox 460 1732 565 1772; x_wconf 86' lang='lat' dir='ltr'><strong>non</strong></span> <span class='ocrx_word' id='word_1_231' title='bbox 614 1717 896 1781; x_wconf 76' lang='lat' dir='ltr'><strong>videnlur;</strong></span> <span class='ocrx_word' id='word_1_232' title='bbox 927 1731 1042 1784; x_wconf 64' lang='lat' dir='ltr'><strong>qua:</strong></span> <span class='ocrx_word' id='word_1_233' title='bbox 1074 1713 1220 1768; x_wconf 82' lang='lat' dir='ltr'><strong>enim</strong></span> <span class='ocrx_word' id='word_1_234' title='bbox 1245 1713 1490 1767; x_wconf 82' lang='lat' dir='ltr'><strong>videnlur</strong></span> <span class='ocrx_word' id='word_1_235' title='bbox 1519 1720 1715 1778; x_wconf 78' lang='lat' dir='ltr'><strong>tempo-</strong></span> <span class='ocrx_word' id='word_1_236' title='bbox 1747 1701 1862 1771; x_wconf 80' lang='lat' dir='ltr'><strong>Bsi</strong></span> <span class='ocrx_word' id='word_1_237' title='bbox 1907 1717 2043 1771; x_wconf 86' lang='lat' dir='ltr'><strong>hanc</strong></span> <span class='ocrx_word' id='word_1_238' title='bbox 2088 1717 2249 1772; x_wconf 88' lang='lat' dir='ltr'><strong>vitam</strong></span> <span class='ocrx_word' id='word_1_239' title='bbox 2290 1717 2366 1772; x_wconf 87' lang='lat' dir='ltr'><strong>illi</strong></span> <span class='ocrx_word' id='word_1_240' title='bbox 2398 1714 2531 1787; x_wconf 72' lang='lat' dir='ltr'><strong>[isti]</strong></span> <span class='ocrx_word' id='word_1_241' title='bbox 2559 1716 2658 1768; x_wconf 83' lang='lat' dir='ltr'><strong>viri</strong></span> <span class='ocrx_word' id='word_1_242' title='bbox 2691 1713 2963 1768; x_wconf 76' lang='lat' dir='ltr'><strong>uobiscum</strong></span> <span class='ocrx_word' id='word_1_243' title='bbox 3009 1726 3196 1766; x_wconf 82' lang='lat' dir='ltr'><strong>rursus</strong></span> <span class='ocrx_word' id='word_1_244' title='bbox 3241 1728 3398 1780; x_wconf 80' lang='lat' dir='ltr'><strong>agerc</strong></span> 
     </span>
    </p>
   </div>
   <div class='ocr_carea' id='block_1_24' title="bbox 114 1805 1710 1878">
    <p class='ocr_par' dir='ltr' id='par_1_24' title="bbox 114 1805 1710 1878">
     <span class='ocr_line' id='line_1_24' title="bbox 114 1805 1710 1878; baseline -0.005 -17"><span class='ocrx_word' id='word_1_245' title='bbox 114 1808 270 1862; x_wconf 84' lang='lat' dir='ltr'><strong>ralia</strong></span> <span class='ocrx_word' id='word_1_246' title='bbox 322 1815 467 1875; x_wconf 85' lang='lat' dir='ltr'><strong>sunt,</strong></span> <span class='ocrx_word' id='word_1_247' title='bbox 497 1824 614 1878; x_wconf 72' lang='lat' dir='ltr'><strong>ane</strong></span> <span class='ocrx_word' id='word_1_248' title='bbox 663 1817 837 1863; x_wconf 90' lang='lat' dir='ltr'><strong>autem</strong></span> <span class='ocrx_word' id='word_1_249' title='bbox 884 1823 986 1860; x_wconf 92' lang='lat' dir='ltr'><strong>non</strong></span> <span class='ocrx_word' id='word_1_250' title='bbox 1036 1805 1311 1871; x_wconf 91' lang='lat' dir='ltr'><strong>videntur,</strong></span> <span class='ocrx_word' id='word_1_251' title='bbox 1339 1812 1535 1858; x_wconf 78' lang='lat' dir='ltr'><strong>:ctcrna</strong></span> <span class='ocrx_word' id='word_1_252' title='bbox 1566 1810 1710 1856; x_wconf 88' lang='lat' dir='ltr'><strong>sunt.</strong></span> 
     </span>
    </p>
   </div>
   <div class='ocr_carea' id='block_1_25' title="bbox 115 1893 1712 1974">
    <p class='ocr_par' dir='ltr' id='par_1_25' title="bbox 115 1893 1712 1974">
     <span class='ocr_line' id='line_1_25' title="bbox 115 1893 1712 1974; baseline -0.004 -22"><span class='ocrx_word' id='word_1_253' title='bbox 115 1899 424 1954; x_wconf 75' lang='lat' dir='ltr'><strong>Postremo</strong></span> <span class='ocrx_word' id='word_1_254' title='bbox 453 1901 644 1954; x_wconf 86' lang='lat' dir='ltr'><strong>dieitur</strong></span> <span class='ocrx_word' id='word_1_255' title='bbox 680 1900 926 1954; x_wconf 84' lang='lat' dir='ltr'><strong>erunibus</strong></span> <span class='ocrx_word' id='word_1_256' title='bbox 949 1914 964 1953; x_wconf 88' lang='lat'><strong>:</strong></span> <span class='ocrx_word' id='word_1_257' title='bbox 987 1897 1160 1952; x_wconf 85' lang='lat' dir='ltr'><strong>Nolite</strong></span> <span class='ocrx_word' id='word_1_258' title='bbox 1187 1896 1406 1964; x_wconf 79' lang='lat' dir='ltr'><strong>diligere</strong></span> <span class='ocrx_word' id='word_1_259' title='bbox 1436 1893 1712 1974; x_wconf 86' lang='lat' dir='ltr'><strong>mundum,</strong></span> 
     </span>
    </p>
   </div>
   <div class='ocr_carea' id='block_1_26' title="bbox 113 1985 1712 2060">
    <p class='ocr_par' dir='ltr' id='par_1_26' title="bbox 113 1985 1712 2060">
     <span class='ocr_line' id='line_1_26' title="bbox 113 1985 1712 2060; baseline -0.004 -16"><span class='ocrx_word' id='word_1_260' title='bbox 113 1993 389 2056; x_wconf 87' lang='lat' dir='ltr'><strong>quoniam</strong></span> <span class='ocrx_word' id='word_1_261' title='bbox 420 2007 481 2046; x_wconf 90' lang='lat' dir='ltr'><strong>ea</strong></span> <span class='ocrx_word' id='word_1_262' title='bbox 506 2007 622 2060; x_wconf 74' lang='lat' dir='ltr'><strong>qua:</strong></span> <span class='ocrx_word' id='word_1_263' title='bbox 644 1994 694 2046; x_wconf 90' lang='lat' dir='ltr'><strong>in</strong></span> <span class='ocrx_word' id='word_1_264' title='bbox 724 1992 921 2046; x_wconf 89' lang='lat' dir='ltr'><strong>mundo</strong></span> <span class='ocrx_word' id='word_1_265' title='bbox 942 2001 1064 2044; x_wconf 89' lang='lat' dir='ltr'><strong>sunt</strong></span> <span class='ocrx_word' id='word_1_266' title='bbox 1084 1988 1511 2056; x_wconf 86' lang='lat' dir='ltr'><strong>concupiscentia</strong></span> <span class='ocrx_word' id='word_1_267' title='bbox 1535 1985 1712 2040; x_wconf 88' lang='lat' dir='ltr'><strong>carnis</strong></span> 
     </span>
    </p>
   </div>
   <div class='ocr_carea' id='block_1_27' title="bbox 115 2076 1712 2151">
    <p class='ocr_par' dir='ltr' id='par_1_27' title="bbox 115 2076 1712 2151">
     <span class='ocr_line' id='line_1_27' title="bbox 115 2076 1712 2151; baseline -0.003 -17"><span class='ocrx_word' id='word_1_268' title='bbox 115 2091 234 2148; x_wconf 84' lang='lat' dir='ltr'><strong>est,</strong></span> <span class='ocrx_word' id='word_1_269' title='bbox 270 2089 330 2135; x_wconf 93' lang='lat' dir='ltr'><strong>et</strong></span> <span class='ocrx_word' id='word_1_270' title='bbox 355 2081 783 2151; x_wconf 86' lang='lat' dir='ltr'><strong>concupiscentia</strong></span> <span class='ocrx_word' id='word_1_271' title='bbox 827 2082 1122 2145; x_wconf 82' lang='lat' dir='ltr'><strong>oculorum,</strong></span> <span class='ocrx_word' id='word_1_272' title='bbox 1155 2092 1206 2132; x_wconf 90' lang='lat' dir='ltr'><strong>et</strong></span> <span class='ocrx_word' id='word_1_273' title='bbox 1251 2077 1471 2132; x_wconf 90' lang='lat' dir='ltr'><strong>ambitio</strong></span> <span class='ocrx_word' id='word_1_274' title='bbox 1509 2076 1712 2131; x_wconf 61' lang='lat' dir='ltr'><strong>saeculi.</strong></span> 
     </span>
    </p>
   </div>
   <div class='ocr_carea' id='block_1_28' title="bbox 117 2169 1716 2240">
    <p class='ocr_par' dir='ltr' id='par_1_28' title="bbox 117 2169 1716 2240">
     <span class='ocr_line' id='line_1_28' title="bbox 117 2169 1716 2240; baseline -0.002 -16"><span class='ocrx_word' id='word_1_275' title='bbox 117 2169 179 2224; x_wconf 80' lang='lat' dir='ltr'><strong>Si</strong></span> <span class='ocrx_word' id='word_1_276' title='bbox 213 2171 340 2225; x_wconf 63' lang='lat' dir='ltr'><strong>lucc</strong></span> <span class='ocrx_word' id='word_1_277' title='bbox 389 2189 481 2240; x_wconf 91' lang='lat' dir='ltr'><strong>per</strong></span> <span class='ocrx_word' id='word_1_278' title='bbox 532 2181 700 2227; x_wconf 88' lang='lat' dir='ltr'><strong>totum</strong></span> <span class='ocrx_word' id='word_1_279' title='bbox 750 2173 932 2226; x_wconf 89' lang='lat' dir='ltr'><strong>orbem</strong></span> <span class='ocrx_word' id='word_1_280' title='bbox 960 2171 1069 2240; x_wconf 90' lang='lat' dir='ltr'><strong>jam</strong></span> <span class='ocrx_word' id='word_1_281' title='bbox 1105 2169 1312 2237; x_wconf 79' lang='lat' dir='ltr'><strong>populis</strong></span> <span class='ocrx_word' id='word_1_282' title='bbox 1364 2169 1628 2237; x_wconf 89' lang='lat' dir='ltr'><strong>leguntur,</strong></span> <span class='ocrx_word' id='word_1_283' title='bbox 1661 2175 1716 2222; x_wconf 89' lang='lat' dir='ltr'><strong>et</strong></span> 
     </span>
    </p>
   </div>
   <div class='ocr_carea' id='block_1_29' title="bbox 121 2261 1716 2328">
    <p class='ocr_par' dir='ltr' id='par_1_29' title="bbox 121 2261 1716 2328">
     <span class='ocr_line' id='line_1_29' title="bbox 121 2261 1716 2328; baseline -0.003 -12"><span class='ocrx_word' id='word_1_284' title='bbox 121 2277 256 2316; x_wconf 86' lang='lat' dir='ltr'><strong>cum</strong></span> <span class='ocrx_word' id='word_1_285' title='bbox 328 2263 675 2318; x_wconf 82' lang='lat' dir='ltr'><strong>veneratione</strong></span> <span class='ocrx_word' id='word_1_286' title='bbox 727 2264 1078 2318; x_wconf 87' lang='lat' dir='ltr'><strong>libentissime</strong></span> <span class='ocrx_word' id='word_1_287' title='bbox 1134 2262 1461 2326; x_wconf 80' lang='lat' dir='ltr'><strong>audiuntur;</strong></span> <span class='ocrx_word' id='word_1_288' title='bbox 1509 2261 1552 2314; x_wconf 88' lang='lat' dir='ltr'><strong>si</strong></span> <span class='ocrx_word' id='word_1_289' title='bbox 1596 2268 1716 2328; x_wconf 86' lang='lat' dir='ltr'><strong>post</strong></span> 
     </span>
    </p>
   </div>
   <div class='ocr_carea' id='block_1_30' title="bbox 123 2354 1716 2422">
    <p class='ocr_par' dir='ltr' id='par_1_30' title="bbox 123 2354 1716 2422">
     <span class='ocr_line' id='line_1_30' title="bbox 123 2354 1716 2422; baseline 0 -19"><span class='ocrx_word' id='word_1_290' title='bbox 123 2362 346 2406; x_wconf 89' lang='lat' dir='ltr'><strong>tantum</strong></span> <span class='ocrx_word' id='word_1_291' title='bbox 396 2355 730 2422; x_wconf 88' lang='lat' dir='ltr'><strong>sanguinem,</strong></span> <span class='ocrx_word' id='word_1_292' title='bbox 764 2363 936 2407; x_wconf 71' lang='lat' dir='ltr'><strong>tantm</strong></span> <span class='ocrx_word' id='word_1_293' title='bbox 968 2354 1135 2420; x_wconf 79' lang='lat' dir='ltr'><strong>ignes,</strong></span> <span class='ocrx_word' id='word_1_294' title='bbox 1165 2363 1241 2407; x_wconf 90' lang='lat' dir='ltr'><strong>tot</strong></span> <span class='ocrx_word' id='word_1_295' title='bbox 1289 2367 1478 2406; x_wconf 88' lang='lat' dir='ltr'><strong>cruces</strong></span> <span class='ocrx_word' id='word_1_296' title='bbox 1520 2362 1716 2421; x_wconf 86' lang='lat' dir='ltr'><strong>marty-</strong></span> 
     </span>
    </p>
   </div>
   <div class='ocr_carea' id='block_1_31' title="bbox 123 2443 1717 2514">
    <p class='ocr_par' dir='ltr' id='par_1_31' title="bbox 123 2443 1717 2514">
     <span class='ocr_line' id='line_1_31' title="bbox 123 2443 1717 2514; baseline 0.001 -18"><span class='ocrx_word' id='word_1_297' title='bbox 123 2460 282 2508; x_wconf 87' lang='lat' dir='ltr'><strong>rum,</strong></span> <span class='ocrx_word' id='word_1_298' title='bbox 315 2453 463 2497; x_wconf 83' lang='lat' dir='ltr'><strong>tanto</strong></span> <span class='ocrx_word' id='word_1_299' title='bbox 499 2445 726 2498; x_wconf 86' lang='lat' dir='ltr'><strong>fe.lilius</strong></span> <span class='ocrx_word' id='word_1_300' title='bbox 770 2453 824 2498; x_wconf 88' lang='lat' dir='ltr'><strong>et</strong></span> <span class='ocrx_word' id='word_1_301' title='bbox 871 2445 1082 2498; x_wconf 89' lang='lat' dir='ltr'><strong>uberius</strong></span> <span class='ocrx_word' id='word_1_302' title='bbox 1133 2459 1299 2514; x_wconf 90' lang='lat' dir='ltr'><strong>usque</strong></span> <span class='ocrx_word' id='word_1_303' title='bbox 1348 2443 1414 2497; x_wconf 91' lang='lat' dir='ltr'><strong>ad</strong></span> <span class='ocrx_word' id='word_1_304' title='bbox 1463 2443 1717 2497; x_wconf 87' lang='lat' dir='ltr'><strong>barbaras</strong></span> 
     </span>
    </p>
   </div>
   <div class='ocr_carea' id='block_1_32' title="bbox 128 2536 1717 2602">
    <p class='ocr_par' dir='ltr' id='par_1_32' title="bbox 128 2536 1717 2602">
     <span class='ocr_line' id='line_1_32' title="bbox 128 2536 1717 2602; baseline 0.001 -16"><span class='ocrx_word' id='word_1_305' title='bbox 128 2537 392 2590; x_wconf 84' lang='lat' dir='ltr'><strong>nationes</strong></span> <span class='ocrx_word' id='word_1_306' title='bbox 443 2537 692 2590; x_wconf 63' lang='lat' dir='ltr'><strong>Ecclesiae</strong></span> <span class='ocrx_word' id='word_1_307' title='bbox 730 2537 1085 2602; x_wconf 89' lang='lat' dir='ltr'><strong>pullularunt;</strong></span> <span class='ocrx_word' id='word_1_308' title='bbox 1142 2536 1183 2589; x_wconf 65' lang='lat' dir='ltr'><strong>si</strong></span> <span class='ocrx_word' id='word_1_309' title='bbox 1243 2544 1318 2588; x_wconf 89' lang='lat' dir='ltr'><strong>tot</strong></span> <span class='ocrx_word' id='word_1_310' title='bbox 1363 2536 1618 2602; x_wconf 89' lang='lat' dir='ltr'><strong>juvenum</strong></span> <span class='ocrx_word' id='word_1_311' title='bbox 1665 2545 1717 2589; x_wconf 89' lang='lat' dir='ltr'><strong>et</strong></span> 
     </span>
    </p>
   </div>
   <div class='ocr_carea' id='block_1_33' title="bbox 127 2627 1717 2697">
    <p class='ocr_par' dir='ltr' id='par_1_33' title="bbox 127 2627 1717 2697">
     <span class='ocr_line' id='line_1_33' title="bbox 127 2627 1717 2697; baseline 0.001 -20"><span class='ocrx_word' id='word_1_312' title='bbox 127 2627 407 2697; x_wconf 82' lang='lat' dir='ltr'><strong>virginum</strong></span> <span class='ocrx_word' id='word_1_313' title='bbox 461 2627 621 2680; x_wconf 83' lang='lat' dir='ltr'><strong>millia</strong></span> <span class='ocrx_word' id='word_1_314' title='bbox 687 2627 1142 2680; x_wconf 87' lang='lat' dir='ltr'><strong>eontemnentium</strong></span> <span class='ocrx_word' id='word_1_315' title='bbox 1201 2627 1409 2694; x_wconf 83' lang='lat' dir='ltr'><strong>nuptias</strong></span> <span class='ocrx_word' id='word_1_316' title='bbox 1468 2634 1717 2693; x_wconf 83' lang='lat' dir='ltr'><strong>casteque</strong></span> 
     </span>
    </p>
   </div>
   <div class='ocr_carea' id='block_1_34' title="bbox 129 2714 1720 2786">
    <p class='ocr_par' dir='ltr' id='par_1_34' title="bbox 129 2714 1720 2786">
     <span class='ocr_line' id='line_1_34' title="bbox 129 2714 1720 2786; baseline -0.001 -16"><span class='ocrx_word' id='word_1_317' title='bbox 129 2717 431 2772; x_wconf 67' lang='lat' dir='ltr'><strong>viventium</strong></span> <span class='ocrx_word' id='word_1_318' title='bbox 468 2718 578 2785; x_wconf 86' lang='lat' dir='ltr'><strong>jam</strong></span> <span class='ocrx_word' id='word_1_319' title='bbox 623 2733 780 2772; x_wconf 89' lang='lat' dir='ltr'><strong>nemo</strong></span> <span class='ocrx_word' id='word_1_320' title='bbox 830 2717 1082 2780; x_wconf 88' lang='lat' dir='ltr'><strong>miratur;</strong></span> <span class='ocrx_word' id='word_1_321' title='bbox 1134 2717 1272 2786; x_wconf 92' lang='lat' dir='ltr'><strong>quod</strong></span> <span class='ocrx_word' id='word_1_322' title='bbox 1325 2731 1443 2769; x_wconf 92' lang='lat' dir='ltr'><strong>cum</strong></span> <span class='ocrx_word' id='word_1_323' title='bbox 1501 2714 1720 2770; x_wconf 84' lang='lat' dir='ltr'><strong>fecisset</strong></span> 
     </span>
    </p>
   </div>
   <div class='ocr_carea' id='block_1_35' title="bbox 133 2805 1720 2876">
    <p class='ocr_par' dir='ltr' id='par_1_35' title="bbox 133 2805 1720 2876">
     <span class='ocr_line' id='line_1_35' title="bbox 133 2805 1720 2876; baseline -0.003 -14"><span class='ocrx_word' id='word_1_324' title='bbox 133 2810 314 2871; x_wconf 77' lang='lat' dir='ltr'><strong>Plato,</strong></span> <span class='ocrx_word' id='word_1_325' title='bbox 349 2824 519 2876; x_wconf 91' lang='lat' dir='ltr'><strong>usque</strong></span> <span class='ocrx_word' id='word_1_326' title='bbox 546 2809 681 2864; x_wconf 88' lang='lat' dir='ltr'><strong>adeo</strong></span> <span class='ocrx_word' id='word_1_327' title='bbox 713 2822 1015 2874; x_wconf 75' lang='lat' dir='ltr'><strong>perversam</strong></span> <span class='ocrx_word' id='word_1_328' title='bbox 1062 2819 1360 2875; x_wconf 81' lang='lat' dir='ltr'><strong>temporum</strong></span> <span class='ocrx_word' id='word_1_329' title='bbox 1406 2820 1624 2859; x_wconf 88' lang='lat' dir='ltr'><strong>suorum</strong></span> <span class='ocrx_word' id='word_1_330' title='bbox 1656 2805 1720 2858; x_wconf 83' lang='lat' dir='ltr'><strong>ti-</strong></span> 
     </span>
    </p>
   </div>
   <div class='ocr_carea' id='block_1_36' title="bbox 84 2898 1715 2968">
    <p class='ocr_par' dir='ltr' id='par_1_36' title="bbox 84 2898 1715 2968">
     <span class='ocr_line' id='line_1_36' title="bbox 84 2898 1715 2968; baseline -0.002 -16"><span class='ocrx_word' id='word_1_331' title='bbox 84 2904 88 2905; x_wconf 65' lang='grc'><strong><em>⁷</em></strong></span> <span class='ocrx_word' id='word_1_332' title='bbox 134 2902 274 2954; x_wconf 89' lang='lat' dir='ltr'><strong>muit</strong></span> <span class='ocrx_word' id='word_1_333' title='bbox 300 2900 623 2968; x_wconf 89' lang='lat' dir='ltr'><strong>opinionem,</strong></span> <span class='ocrx_word' id='word_1_334' title='bbox 650 2909 706 2954; x_wconf 92' lang='lat' dir='ltr'><strong>ut</strong></span> <span class='ocrx_word' id='word_1_335' title='bbox 734 2900 1070 2968; x_wconf 83' lang='lat' dir='ltr'><strong>perhibeatur</strong></span> <span class='ocrx_word' id='word_1_336' title='bbox 1097 2899 1430 2953; x_wconf 79' lang='lat' dir='ltr'><strong>sacriﬁcasse</strong></span> <span class='ocrx_word' id='word_1_337' title='bbox 1480 2898 1715 2964; x_wconf 66' lang='lat' dir='ltr'><strong>Naturae,</strong></span> 
     </span>
    </p>
   </div>
   <div class='ocr_carea' id='block_1_37' title="bbox 133 2990 1716 3063">
    <p class='ocr_par' dir='ltr' id='par_1_37' title="bbox 133 2990 1716 3063">
     <span class='ocr_line' id='line_1_37' title="bbox 133 2990 1716 3063; baseline -0.001 -17"><span class='ocrx_word' id='word_1_338' title='bbox 133 3004 396 3063; x_wconf 84' lang='lat' dir='ltr'><strong>tanquam</strong></span> <span class='ocrx_word' id='word_1_339' title='bbox 460 3003 703 3046; x_wconf 85' lang='lat' dir='ltr'><strong>naturam</strong></span> <span class='ocrx_word' id='word_1_340' title='bbox 771 3002 1080 3046; x_wconf 84' lang='lat' dir='ltr'><strong>exsecratus</strong></span> <span class='ocrx_word' id='word_1_341' title='bbox 1110 3034 1123 3055; x_wconf 93' lang='lat'><strong>,</strong></span> <span class='ocrx_word' id='word_1_342' title='bbox 1157 3002 1214 3046; x_wconf 89' lang='lat' dir='ltr'><strong>ut</strong></span> <span class='ocrx_word' id='word_1_343' title='bbox 1269 3000 1546 3059; x_wconf 87' lang='lat' dir='ltr'><strong>peccatum</strong></span> <span class='ocrx_word' id='word_1_344' title='bbox 1591 2990 1716 3044; x_wconf 89' lang='lat' dir='ltr'><strong>illud</strong></span> 
     </span>
    </p>
   </div>
   <div class='ocr_carea' id='block_1_38' title="bbox 1815 1805 3395 1879">
    <p class='ocr_par' dir='ltr' id='par_1_38' title="bbox 1815 1805 3395 1879">
     <span class='ocr_line' id='line_1_38' title="bbox 1815 1805 3395 1879; baseline -0.003 -17"><span class='ocrx_word' id='word_1_345' title='bbox 1815 1811 2134 1879; x_wconf 89' lang='lat' dir='ltr'><strong>potuissent,</strong></span> <span class='ocrx_word' id='word_1_346' title='bbox 2168 1810 2410 1866; x_wconf 88' lang='lat' dir='ltr'><strong>viderent</strong></span> <span class='ocrx_word' id='word_1_347' title='bbox 2452 1807 2689 1879; x_wconf 88' lang='lat' dir='ltr'><strong>profecto</strong></span> <span class='ocrx_word' id='word_1_348' title='bbox 2724 1810 2876 1876; x_wconf 83' lang='lat' dir='ltr'><strong>cujus</strong></span> <span class='ocrx_word' id='word_1_349' title='bbox 2925 1809 3240 1874; x_wconf 68' lang='lat' dir='ltr'><strong>auctoritate</strong></span> <span class='ocrx_word' id='word_1_350' title='bbox 3269 1805 3395 1858; x_wconf 80' lang='lat' dir='ltr'><strong>faei-</strong></span> 
     </span>
    </p>
   </div>
   <div class='ocr_carea' id='block_1_39' title="bbox 1818 1894 3396 1970">
    <p class='ocr_par' dir='ltr' id='par_1_39' title="bbox 1818 1894 3396 1970">
     <span class='ocr_line' id='line_1_39' title="bbox 1818 1894 3396 1970; baseline -0.005 -14"><span class='ocrx_word' id='word_1_351' title='bbox 1818 1904 1923 1959; x_wconf 90' lang='lat' dir='ltr'><strong>lius</strong></span> <span class='ocrx_word' id='word_1_352' title='bbox 1950 1904 2323 1958; x_wconf 80' lang='lat' dir='ltr'><strong>consuleretur</strong></span> <span class='ocrx_word' id='word_1_353' title='bbox 2351 1902 2676 1964; x_wconf 85' lang='lat' dir='ltr'><strong>hominibus,</strong></span> <span class='ocrx_word' id='word_1_354' title='bbox 2708 1910 2781 1963; x_wconf 90' lang='lat' dir='ltr'><strong>et,</strong></span> <span class='ocrx_word' id='word_1_355' title='bbox 2815 1898 2992 1970; x_wconf 55' lang='lat' dir='ltr'><strong>paucis</strong></span> <span class='ocrx_word' id='word_1_356' title='bbox 3015 1894 3245 1952; x_wconf 37' lang='lat' dir='ltr'><strong>&#39;mutatis</strong></span> <span class='ocrx_word' id='word_1_357' title='bbox 3277 1913 3396 1949; x_wconf 84' lang='lat' dir='ltr'><strong>vcr-</strong></span> 
     </span>
    </p>
   </div>
   <div class='ocr_carea' id='block_1_40' title="bbox 1817 1987 3397 2061">
    <p class='ocr_par' dir='ltr' id='par_1_40' title="bbox 1817 1987 3397 2061">
     <span class='ocr_line' id='line_1_40' title="bbox 1817 1987 3397 2061; baseline -0.006 -12"><span class='ocrx_word' id='word_1_358' title='bbox 1817 1994 1897 2049; x_wconf 88' lang='lat' dir='ltr'><strong>bis</strong></span> <span class='ocrx_word' id='word_1_359' title='bbox 1920 2003 2078 2061; x_wconf 80' lang='lat' dir='ltr'><strong>at~|ue</strong></span> <span class='ocrx_word' id='word_1_360' title='bbox 2101 1993 2404 2058; x_wconf 87' lang='lat' dir='ltr'><strong>sententiis,</strong></span> <span class='ocrx_word' id='word_1_361' title='bbox 2427 1992 2716 2047; x_wconf 83' lang='lat' dir='ltr'><strong>Christiani</strong></span> <span class='ocrx_word' id='word_1_362' title='bbox 2752 1993 2957 2054; x_wconf 76' lang='lat' dir='ltr'><strong>tierent,</strong></span> <span class='ocrx_word' id='word_1_363' title='bbox 2988 1987 3124 2043; x_wconf 82' lang='lat' dir='ltr'><strong>sicut</strong></span> <span class='ocrx_word' id='word_1_364' title='bbox 3155 1988 3397 2058; x_wconf 89' lang='lat' dir='ltr'><strong>plerique</strong></span> 
     </span>
    </p>
   </div>
   <div class='ocr_carea' id='block_1_41' title="bbox 1817 2081 3389 2152">
    <p class='ocr_par' dir='ltr' id='par_1_41' title="bbox 1817 2081 3389 2152">
     <span class='ocr_line' id='line_1_41' title="bbox 1817 2081 3389 2152; baseline -0.008 -10"><span class='ocrx_word' id='word_1_365' title='bbox 1817 2087 2174 2142; x_wconf 87' lang='lat' dir='ltr'><strong>recentiorum</strong></span> <span class='ocrx_word' id='word_1_366' title='bbox 2201 2097 2504 2141; x_wconf 91' lang='lat' dir='ltr'><strong>nostrorum</strong></span> <span class='ocrx_word' id='word_1_367' title='bbox 2532 2095 2827 2152; x_wconf 86' lang='lat' dir='ltr'><strong>temporum</strong></span> <span class='ocrx_word' id='word_1_368' title='bbox 2852 2081 3105 2136; x_wconf 78' lang='lat' dir='ltr'><strong>Platonici</strong></span> <span class='ocrx_word' id='word_1_369' title='bbox 3130 2081 3389 2133; x_wconf 82' lang='lat' dir='ltr'><strong>fecerunt.</strong></span> 
     </span>
    </p>
   </div>
   <div class='ocr_carea' id='block_1_42' title="bbox 1817 2166 3395 2237">
    <p class='ocr_par' dir='ltr' id='par_1_42' title="bbox 1817 2166 3395 2237">
     <span class='ocr_line' id='line_1_42' title="bbox 1817 2166 3395 2237; baseline -0.008 -5"><span class='ocrx_word' id='word_1_370' title='bbox 1817 2179 1920 2232; x_wconf 80' lang='lat' dir='ltr'><strong>Aut</strong></span> <span class='ocrx_word' id='word_1_371' title='bbox 1947 2177 2114 2231; x_wconf 86' lang='lat' dir='ltr'><strong>sihoc</strong></span> <span class='ocrx_word' id='word_1_372' title='bbox 2145 2192 2249 2230; x_wconf 90' lang='lat' dir='ltr'><strong>non</strong></span> <span class='ocrx_word' id='word_1_373' title='bbox 2297 2176 2613 2236; x_wconf 85' lang='lat' dir='ltr'><strong>faterentur,</strong></span> <span class='ocrx_word' id='word_1_374' title='bbox 2647 2188 2746 2230; x_wconf 89' lang='lat' dir='ltr'><strong>nec</strong></span> <span class='ocrx_word' id='word_1_375' title='bbox 2776 2172 3030 2236; x_wconf 75' lang='lat' dir='ltr'><strong>facerent,</strong></span> <span class='ocrx_word' id='word_1_376' title='bbox 3066 2169 3116 2223; x_wconf 92' lang='lat' dir='ltr'><strong>in</strong></span> <span class='ocrx_word' id='word_1_377' title='bbox 3147 2166 3395 2237; x_wconf 83' lang='lat' dir='ltr'><strong>superbia</strong></span> 
     </span>
    </p>
   </div>
   <div class='ocr_carea' id='block_1_43' title="bbox 1814 2259 3394 2332">
    <p class='ocr_par' dir='ltr' id='par_1_43' title="bbox 1814 2259 3394 2332">
     <span class='ocr_line' id='line_1_43' title="bbox 1814 2259 3394 2332; baseline -0.007 -11"><span class='ocrx_word' id='word_1_378' title='bbox 1814 2277 1868 2322; x_wconf 85' lang='lat' dir='ltr'><strong>et</strong></span> <span class='ocrx_word' id='word_1_379' title='bbox 1901 2267 2094 2321; x_wconf 88' lang='lat' dir='ltr'><strong>invidia</strong></span> <span class='ocrx_word' id='word_1_380' title='bbox 2145 2277 2517 2332; x_wconf 84' lang='lat' dir='ltr'><strong>remanentcs,</strong></span> <span class='ocrx_word' id='word_1_381' title='bbox 2550 2265 2732 2319; x_wconf 88' lang='lat' dir='ltr'><strong>nescio</strong></span> <span class='ocrx_word' id='word_1_382' title='bbox 2778 2275 2954 2317; x_wconf 89' lang='lat' dir='ltr'><strong>utrmn</strong></span> <span class='ocrx_word' id='word_1_383' title='bbox 2998 2269 3216 2330; x_wconf 86' lang='lat' dir='ltr'><strong>possent</strong></span> <span class='ocrx_word' id='word_1_384' title='bbox 3245 2259 3308 2313; x_wconf 91' lang='lat' dir='ltr'><strong>ad</strong></span> <span class='ocrx_word' id='word_1_385' title='bbox 3335 2276 3394 2311; x_wconf 76' lang='lat' dir='ltr'><strong>ea</strong></span> 
     </span>
    </p>
   </div>
   <div class='ocr_carea' id='block_1_44' title="bbox 1818 2350 3399 2428">
    <p class='ocr_par' dir='ltr' id='par_1_44' title="bbox 1818 2350 3399 2428">
     <span class='ocr_line' id='line_1_44' title="bbox 1818 2350 3399 2428; baseline -0.006 -16"><span class='ocrx_word' id='word_1_386' title='bbox 1818 2358 1931 2428; x_wconf 86' lang='lat' dir='ltr'><strong>ipsa</strong></span> <span class='ocrx_word' id='word_1_387' title='bbox 1977 2374 2094 2428; x_wconf 73' lang='lat' dir='ltr'><strong>qua:</strong></span> <span class='ocrx_word' id='word_1_388' title='bbox 2140 2359 2458 2427; x_wconf 79' lang='lat' dir='ltr'><strong>appetenda</strong></span> <span class='ocrx_word' id='word_1_389' title='bbox 2485 2366 2540 2413; x_wconf 89' lang='lat' dir='ltr'><strong>et</strong></span> <span class='ocrx_word' id='word_1_390' title='bbox 2588 2354 2944 2410; x_wconf 84' lang='lat' dir='ltr'><strong>desideranda</strong></span> <span class='ocrx_word' id='word_1_391' title='bbox 2991 2366 3110 2407; x_wconf 89' lang='lat' dir='ltr'><strong>esse</strong></span> <span class='ocrx_word' id='word_1_392' title='bbox 3155 2350 3399 2404; x_wconf 72' lang='lat' dir='ltr'><strong>dixerant</strong></span> 
     </span>
    </p>
   </div>
   <div class='ocr_carea' id='block_1_45' title="bbox 1818 2443 3399 2518">
    <p class='ocr_par' dir='ltr' id='par_1_45' title="bbox 1818 2443 3399 2518">
     <span class='ocr_line' id='line_1_45' title="bbox 1818 2443 3399 2518; baseline -0.009 -10"><span class='ocrx_word' id='word_1_393' title='bbox 1818 2466 1938 2508; x_wconf 90' lang='lat' dir='ltr'><strong>cum</strong></span> <span class='ocrx_word' id='word_1_394' title='bbox 1991 2452 2109 2506; x_wconf 81' lang='lat' dir='ltr'><strong>istis</strong></span> <span class='ocrx_word' id='word_1_395' title='bbox 2151 2451 2405 2505; x_wconf 84' lang='lat' dir='ltr'><strong>sordibus</strong></span> <span class='ocrx_word' id='word_1_396' title='bbox 2450 2451 2702 2518; x_wconf 82' lang='lat' dir='ltr'><strong>viscoque</strong></span> <span class='ocrx_word' id='word_1_397' title='bbox 2739 2449 2999 2503; x_wconf 85' lang='lat' dir='ltr'><strong>revelare.</strong></span> <span class='ocrx_word' id='word_1_398' title='bbox 3056 2445 3184 2499; x_wconf 88' lang='lat' dir='ltr'><strong>Nam</strong></span> <span class='ocrx_word' id='word_1_399' title='bbox 3245 2443 3399 2497; x_wconf 86' lang='lat' dir='ltr'><strong>tertio</strong></span> 
     </span>
    </p>
   </div>
   <div class='ocr_carea' id='block_1_46' title="bbox 1819 2532 3396 2612">
    <p class='ocr_par' dir='ltr' id='par_1_46' title="bbox 1819 2532 3396 2612">
     <span class='ocr_line' id='line_1_46' title="bbox 1819 2532 3396 2612; baseline -0.006 -14"><span class='ocrx_word' id='word_1_400' title='bbox 1819 2545 1949 2600; x_wconf 80' lang='lat' dir='ltr'><strong>vitio</strong></span> <span class='ocrx_word' id='word_1_401' title='bbox 1995 2538 2323 2602; x_wconf 74' lang='lat' dir='ltr'><strong>curiositatis</strong></span> <span class='ocrx_word' id='word_1_402' title='bbox 2360 2546 2414 2600; x_wconf 83' lang='lat' dir='ltr'><strong>in</strong></span> <span class='ocrx_word' id='word_1_403' title='bbox 2456 2532 2869 2612; x_wconf 79' lang='lat' dir='ltr'><strong>percunctandis</strong></span> <span class='ocrx_word' id='word_1_404' title='bbox 2912 2537 3261 2600; x_wconf 60' lang='lat' dir='ltr'><strong>dri-monibus,</strong></span> <span class='ocrx_word' id='word_1_405' title='bbox 3293 2552 3396 2604; x_wconf 73' lang='grc' dir='ltr'><strong>(ιεό</strong></span> 
     </span>
    </p>
   </div>
   <div class='ocr_carea' id='block_1_47' title="bbox 1822 2627 3393 2706">
    <p class='ocr_par' dir='ltr' id='par_1_47' title="bbox 1822 2627 3393 2706">
     <span class='ocr_line' id='line_1_47' title="bbox 1822 2627 3393 2706; baseline -0.008 -15"><span class='ocrx_word' id='word_1_406' title='bbox 1822 2637 1908 2691; x_wconf 82' lang='lat' dir='ltr'><strong>isti</strong></span> <span class='ocrx_word' id='word_1_407' title='bbox 1937 2639 2169 2691; x_wconf 69' lang='grc' dir='ltr'><strong>ωτιιίωο</strong></span> <span class='ocrx_word' id='word_1_408' title='bbox 2195 2651 2316 2691; x_wconf 88' lang='lat' dir='ltr'><strong>eum</strong></span> <span class='ocrx_word' id='word_1_409' title='bbox 2363 2635 2558 2706; x_wconf 87' lang='lat' dir='ltr'><strong>quibus</strong></span> <span class='ocrx_word' id='word_1_410' title='bbox 2588 2649 2729 2690; x_wconf 90' lang='lat' dir='ltr'><strong>nunc</strong></span> <span class='ocrx_word' id='word_1_411' title='bbox 2767 2635 2941 2703; x_wconf 88' lang='lat' dir='ltr'><strong>agitur</strong></span> <span class='ocrx_word' id='word_1_412' title='bbox 2972 2630 3159 2700; x_wconf 82' lang='lat' dir='ltr'><strong>pagani</strong></span> <span class='ocrx_word' id='word_1_413' title='bbox 3188 2644 3216 2680; x_wconf 88' lang='lat' dir='ltr'><strong>a</strong></span> <span class='ocrx_word' id='word_1_414' title='bbox 3245 2627 3393 2681; x_wconf 78' lang='lat' dir='ltr'><strong>Chri-</strong></span> 
     </span>
    </p>
   </div>
   <div class='ocr_carea' id='block_1_48' title="bbox 1821 2719 3396 2796">
    <p class='ocr_par' dir='ltr' id='par_1_48' title="bbox 1821 2719 3396 2796">
     <span class='ocr_line' id='line_1_48' title="bbox 1821 2719 3396 2796; baseline -0.01 -14"><span class='ocrx_word' id='word_1_415' title='bbox 1821 2730 1990 2783; x_wconf 87' lang='lat' dir='ltr'><strong>stiana</strong></span> <span class='ocrx_word' id='word_1_416' title='bbox 2035 2728 2207 2784; x_wconf 85' lang='lat' dir='ltr'><strong>salute</strong></span> <span class='ocrx_word' id='word_1_417' title='bbox 2259 2738 2577 2782; x_wconf 86' lang='lat' dir='ltr'><strong>revocantur</strong></span> <span class='ocrx_word' id='word_1_418' title='bbox 2625 2727 2769 2796; x_wconf 87' lang='lat' dir='ltr'><strong>(quia</strong></span> <span class='ocrx_word' id='word_1_419' title='bbox 2822 2724 2980 2778; x_wconf 91' lang='lat' dir='ltr'><strong>nimis</strong></span> <span class='ocrx_word' id='word_1_420' title='bbox 3025 2721 3228 2789; x_wconf 85' lang='lat' dir='ltr'><strong>puerile</strong></span> <span class='ocrx_word' id='word_1_421' title='bbox 3272 2719 3396 2785; x_wconf 79' lang='lat' dir='ltr'><strong>est),</strong></span> 
     </span>
    </p>
   </div>
   <div class='ocr_carea' id='block_1_49' title="bbox 1823 2811 3399 2892">
    <p class='ocr_par' dir='ltr' id='par_1_49' title="bbox 1823 2811 3399 2892">
     <span class='ocr_line' id='line_1_49' title="bbox 1823 2811 3399 2892; baseline -0.007 -18"><span class='ocrx_word' id='word_1_422' title='bbox 1823 2821 2003 2875; x_wconf 88' lang='lat' dir='ltr'><strong>nescio</strong></span> <span class='ocrx_word' id='word_1_423' title='bbox 2037 2829 2212 2874; x_wconf 89' lang='lat' dir='ltr'><strong>utrum</strong></span> <span class='ocrx_word' id='word_1_424' title='bbox 2244 2821 2382 2875; x_wconf 84' lang='lat' dir='ltr'><strong>tales</strong></span> <span class='ocrx_word' id='word_1_425' title='bbox 2407 2820 2483 2874; x_wconf 85' lang='lat' dir='ltr'><strong>illi</strong></span> <span class='ocrx_word' id='word_1_426' title='bbox 2512 2817 2646 2892; x_wconf 87' lang='lat' dir='ltr'><strong>[isti]</strong></span> <span class='ocrx_word' id='word_1_427' title='bbox 2691 2817 3112 2886; x_wconf 60' lang='lat' dir='ltr'><strong>praepedirettlur</strong></span> <span class='ocrx_word' id='word_1_428' title='bbox 3142 2811 3236 2866; x_wconf 76' lang='lat' dir='ltr'><strong>riri</strong></span> <span class='ocrx_word' id='word_1_429' title='bbox 3265 2829 3276 2864; x_wconf 93' lang='lat'>:</span> <span class='ocrx_word' id='word_1_430' title='bbox 3306 2811 3399 2865; x_wconf 82' lang='lat' dir='ltr'><strong>sed</strong></span> 
     </span>
    </p>
   </div>
   <div class='ocr_carea' id='block_1_50' title="bbox 1823 2902 3397 2981">
    <p class='ocr_par' dir='ltr' id='par_1_50' title="bbox 1823 2902 3397 2981">
     <span class='ocr_line' id='line_1_50' title="bbox 1823 2902 3397 2981; baseline -0.006 -19"><span class='ocrx_word' id='word_1_431' title='bbox 1823 2925 2036 2981; x_wconf 86' lang='lat' dir='ltr'><strong>quoquo</strong></span> <span class='ocrx_word' id='word_1_432' title='bbox 2076 2909 2236 2965; x_wconf 90' lang='lat' dir='ltr'><strong>modo</strong></span> <span class='ocrx_word' id='word_1_433' title='bbox 2280 2925 2340 2964; x_wconf 86' lang='lat' dir='ltr'><strong>se</strong></span> <span class='ocrx_word' id='word_1_434' title='bbox 2385 2909 2579 2966; x_wconf 83' lang='lat' dir='ltr'><strong>habeat</strong></span> <span class='ocrx_word' id='word_1_435' title='bbox 2624 2908 3064 2978; x_wconf 86' lang='lat' dir='ltr'><strong>philosophorum</strong></span> <span class='ocrx_word' id='word_1_436' title='bbox 3106 2902 3397 2973; x_wconf 79' lang='lat' dir='ltr'><strong>jactantia,</strong></span> 
     </span>
    </p>
   </div>
   <div class='ocr_carea' id='block_1_51' title="bbox 1818 2997 3396 3076">
    <p class='ocr_par' dir='ltr' id='par_1_51' title="bbox 1818 2997 3396 3076">
     <span class='ocr_line' id='line_1_51' title="bbox 1818 2997 3396 3076; baseline -0.006 -20"><span class='ocrx_word' id='word_1_437' title='bbox 1818 3004 1951 3059; x_wconf 87' lang='lat' dir='ltr'><strong>illud</strong></span> <span class='ocrx_word' id='word_1_438' title='bbox 1980 3005 2132 3073; x_wconf 87' lang='lat' dir='ltr'><strong>cujus</strong></span> <span class='ocrx_word' id='word_1_439' title='bbox 2160 3003 2374 3076; x_wconf 75' lang='lat' dir='ltr'><strong>[cuivis]</strong></span> <span class='ocrx_word' id='word_1_440' title='bbox 2404 3003 2703 3072; x_wconf 76' lang='lat' dir='ltr'><strong>intelligere</strong></span> <span class='ocrx_word' id='word_1_441' title='bbox 2753 3000 2903 3055; x_wconf 87' lang='lat' dir='ltr'><strong>facile</strong></span> <span class='ocrx_word' id='word_1_442' title='bbox 2941 3009 3019 3052; x_wconf 89' lang='lat' dir='ltr'><strong>est</strong></span> <span class='ocrx_word' id='word_1_443' title='bbox 3049 2997 3396 3065; x_wconf 86' lang='lat' dir='ltr'><strong>:religionetn</strong></span> 
     </span>
    </p>
   </div>
   <div class='ocr_carea' id='block_1_52' title="bbox 137 3070 1714 3164">
    <p class='ocr_par' dir='ltr' id='par_1_52' title="bbox 137 3084 1714 3153">
     <span class='ocr_line' id='line_1_52' title="bbox 137 3084 1714 3153; baseline 0.001 -17"><span class='ocrx_word' id='word_1_444' title='bbox 137 3086 476 3149; x_wconf 82' lang='lat' dir='ltr'><strong>aboleretur;</strong></span> <span class='ocrx_word' id='word_1_445' title='bbox 507 3089 551 3139; x_wconf 86' lang='lat' dir='ltr'><strong>si</strong></span> <span class='ocrx_word' id='word_1_446' title='bbox 583 3086 697 3140; x_wconf 52' lang='lat' dir='ltr'><strong>hate</strong></span> <span class='ocrx_word' id='word_1_447' title='bbox 723 3085 800 3138; x_wconf 88' lang='lat' dir='ltr'><strong>sic</strong></span> <span class='ocrx_word' id='word_1_448' title='bbox 833 3084 1184 3153; x_wconf 87' lang='lat' dir='ltr'><strong>accipiuntur,</strong></span> <span class='ocrx_word' id='word_1_449' title='bbox 1216 3095 1271 3138; x_wconf 93' lang='lat' dir='ltr'><strong>ut</strong></span> <span class='ocrx_word' id='word_1_450' title='bbox 1299 3085 1565 3153; x_wconf 79' lang='lat' dir='ltr'><strong>quemodo</strong></span> <span class='ocrx_word' id='word_1_451' title='bbox 1594 3092 1714 3138; x_wconf 80' lang='lat' dir='ltr'><strong>ante</strong></span> 
     </span>
    </p>
   </div>
   <div class='ocr_carea' id='block_1_53' title="bbox 1818 3070 3400 3164">
    <p class='ocr_par' dir='ltr' id='par_1_53' title="bbox 1821 3081 3400 3164">
     <span class='ocr_line' id='line_1_53' title="bbox 1821 3081 3400 3164; baseline -0.008 -14"><span class='ocrx_word' id='word_1_452' title='bbox 1821 3097 1888 3150; x_wconf 89' lang='lat' dir='ltr'><strong>ab</strong></span> <span class='ocrx_word' id='word_1_453' title='bbox 1915 3096 1992 3150; x_wconf 90' lang='lat' dir='ltr'><strong>eis</strong></span> <span class='ocrx_word' id='word_1_454' title='bbox 2021 3081 2125 3150; x_wconf 85' lang='lat' dir='ltr'><strong>non</strong></span> <span class='ocrx_word' id='word_1_455' title='bbox 2154 3111 2274 3151; x_wconf 87' lang='lat' dir='ltr'><strong>esse</strong></span> <span class='ocrx_word' id='word_1_456' title='bbox 2316 3095 2692 3164; x_wconf 72' lang='lat' dir='ltr'><strong>qua-rendam,</strong></span> <span class='ocrx_word' id='word_1_457' title='bbox 2720 3095 2807 3163; x_wconf 91' lang='lat' dir='ltr'><strong>qni</strong></span> <span class='ocrx_word' id='word_1_458' title='bbox 2837 3091 3025 3146; x_wconf 86' lang='lat' dir='ltr'><strong>eadem</strong></span> <span class='ocrx_word' id='word_1_459' title='bbox 3053 3104 3200 3143; x_wconf 88' lang='lat' dir='ltr'><strong>sacra</strong></span> <span class='ocrx_word' id='word_1_460' title='bbox 3231 3090 3400 3142; x_wconf 72' lang='lat' dir='ltr'><strong>sn~ci-</strong></span> 
     </span>
    </p>
   </div>
   <div class='ocr_carea' id='block_1_54' title="bbox 137 3175 1720 3246">
    <p class='ocr_par' dir='ltr' id='par_1_54' title="bbox 137 3175 1720 3246">
     <span class='ocr_line' id='line_1_54' title="bbox 137 3175 1720 3246; baseline -0.002 -15"><span class='ocrx_word' id='word_1_461' title='bbox 137 3180 267 3232; x_wconf 82' lang='lat' dir='ltr'><strong>talia</strong></span> <span class='ocrx_word' id='word_1_462' title='bbox 295 3177 592 3246; x_wconf 84' lang='lat' dir='ltr'><strong>disputare,</strong></span> <span class='ocrx_word' id='word_1_463' title='bbox 623 3178 699 3233; x_wconf 88' lang='lat' dir='ltr'><strong>sic</strong></span> <span class='ocrx_word' id='word_1_464' title='bbox 733 3192 873 3230; x_wconf 91' lang='lat' dir='ltr'><strong>nunc</strong></span> <span class='ocrx_word' id='word_1_465' title='bbox 902 3184 1084 3230; x_wconf 87' lang='lat' dir='ltr'><strong>contra</strong></span> <span class='ocrx_word' id='word_1_466' title='bbox 1117 3177 1389 3244; x_wconf 85' lang='lat' dir='ltr'><strong>disputare</strong></span> <span class='ocrx_word' id='word_1_467' title='bbox 1410 3175 1720 3229; x_wconf 81' lang='lat' dir='ltr'><strong>monstruo-</strong></span> 
     </span>
    </p>
   </div>
   <div class='ocr_carea' id='block_1_55' title="bbox 138 3269 1719 3339">
    <p class='ocr_par' dir='ltr' id='par_1_55' title="bbox 138 3269 1719 3339">
     <span class='ocr_line' id='line_1_55' title="bbox 138 3269 1719 3339; baseline -0.002 -15"><span class='ocrx_word' id='word_1_468' title='bbox 138 3286 259 3325; x_wconf 89' lang='lat' dir='ltr'><strong>sum</strong></span> <span class='ocrx_word' id='word_1_469' title='bbox 305 3271 403 3334; x_wconf 87' lang='lat' dir='ltr'><strong>sit;</strong></span> <span class='ocrx_word' id='word_1_470' title='bbox 434 3271 479 3325; x_wconf 89' lang='lat' dir='ltr'><strong>si</strong></span> <span class='ocrx_word' id='word_1_471' title='bbox 527 3270 617 3324; x_wconf 89' lang='lat' dir='ltr'><strong>tali</strong></span> <span class='ocrx_word' id='word_1_472' title='bbox 665 3270 1030 3339; x_wconf 88' lang='lat' dir='ltr'><strong>pollicitationi</strong></span> <span class='ocrx_word' id='word_1_473' title='bbox 1078 3281 1236 3338; x_wconf 86' lang='lat' dir='ltr'><strong>atque</strong></span> <span class='ocrx_word' id='word_1_474' title='bbox 1281 3269 1591 3337; x_wconf 78' lang='lat' dir='ltr'><strong>sponsioni,</strong></span> <span class='ocrx_word' id='word_1_475' title='bbox 1627 3284 1719 3336; x_wconf 86' lang='lat' dir='ltr'><strong>per</strong></span> 
     </span>
    </p>
   </div>
   <div class='ocr_carea' id='block_1_56' title="bbox 135 3351 1736 3430">
    <p class='ocr_par' dir='ltr' id='par_1_56' title="bbox 135 3351 1736 3430">
     <span class='ocr_line' id='line_1_56' title="bbox 135 3351 1736 3430; baseline -0.001 -16"><span class='ocrx_word' id='word_1_476' title='bbox 135 3378 331 3416; x_wconf 71' lang='lat' dir='ltr'><strong>omnes</strong></span> <span class='ocrx_word' id='word_1_477' title='bbox 361 3373 620 3416; x_wconf 87' lang='lat' dir='ltr'><strong>terrarum</strong></span> <span class='ocrx_word' id='word_1_478' title='bbox 652 3371 828 3430; x_wconf 89' lang='lat' dir='ltr'><strong>partes</strong></span> <span class='ocrx_word' id='word_1_479' title='bbox 851 3376 982 3430; x_wconf 88' lang='lat' dir='ltr'><strong>quas</strong></span> <span class='ocrx_word' id='word_1_480' title='bbox 1014 3361 1257 3414; x_wconf 90' lang='lat' dir='ltr'><strong>homines</strong></span> <span class='ocrx_word' id='word_1_481' title='bbox 1288 3359 1548 3423; x_wconf 85' lang='lat' dir='ltr'><strong>ineolunt,</strong></span> <span class='ocrx_word' id='word_1_482' title='bbox 1568 3351 1736 3414; x_wconf 82' lang='lat' dir='ltr'><strong>sacra</strong></span> 
     </span>
    </p>
   </div>
   <div class='ocr_carea' id='block_1_57' title="bbox 139 3451 1718 3528">
    <p class='ocr_par' dir='ltr' id='par_1_57' title="bbox 139 3451 1718 3528">
     <span class='ocr_line' id='line_1_57' title="bbox 139 3451 1718 3528; baseline -0.001 -21"><span class='ocrx_word' id='word_1_483' title='bbox 139 3454 445 3508; x_wconf 85' lang='lat' dir='ltr'><strong>Christiana</strong></span> <span class='ocrx_word' id='word_1_484' title='bbox 493 3453 804 3517; x_wconf 89' lang='lat' dir='ltr'><strong>traduntur;</strong></span> <span class='ocrx_word' id='word_1_485' title='bbox 836 3456 880 3505; x_wconf 89' lang='lat' dir='ltr'><strong>si</strong></span> <span class='ocrx_word' id='word_1_486' title='bbox 928 3452 1045 3504; x_wconf 70' lang='lat' dir='ltr'><strong>tunc</strong></span> <span class='ocrx_word' id='word_1_487' title='bbox 1089 3451 1330 3520; x_wconf 87' lang='lat' dir='ltr'><strong>quotidie</strong></span> <span class='ocrx_word' id='word_1_488' title='bbox 1367 3454 1625 3528; x_wconf 78' lang='lat' dir='ltr'><strong>leguntur</strong></span> <span class='ocrx_word' id='word_1_489' title='bbox 1668 3453 1718 3505; x_wconf 88' lang='lat' dir='ltr'><strong>in</strong></span> 
     </span>
    </p>
   </div>
   <div class='ocr_carea' id='block_1_58' title="bbox 138 3540 1722 3612">
    <p class='ocr_par' dir='ltr' id='par_1_58' title="bbox 138 3540 1722 3612">
     <span class='ocr_line' id='line_1_58' title="bbox 138 3540 1722 3612; baseline -0.004 -12"><span class='ocrx_word' id='word_1_490' title='bbox 138 3546 386 3600; x_wconf 86' lang='lat' dir='ltr'><strong>ecclesiis</strong></span> <span class='ocrx_word' id='word_1_491' title='bbox 408 3589 422 3612; x_wconf 90' lang='lat'><strong>,</strong></span> <span class='ocrx_word' id='word_1_492' title='bbox 461 3555 514 3600; x_wconf 88' lang='lat' dir='ltr'><strong>et</strong></span> <span class='ocrx_word' id='word_1_493' title='bbox 539 3559 568 3597; x_wconf 88' lang='lat' dir='ltr'><strong>a</strong></span> <span class='ocrx_word' id='word_1_494' title='bbox 599 3544 966 3600; x_wconf 84' lang='lat' dir='ltr'><strong>sacerdotibus</strong></span> <span class='ocrx_word' id='word_1_495' title='bbox 997 3540 1333 3610; x_wconf 79' lang='lat' dir='ltr'><strong>exponuntur</strong></span> <span class='ocrx_word' id='word_1_496' title='bbox 1359 3558 1378 3606; x_wconf 76' lang='lat'><strong>°,</strong></span> <span class='ocrx_word' id='word_1_497' title='bbox 1403 3542 1722 3596; x_wconf 64' lang='lat' dir='ltr'><strong>si-ttmdunt</strong></span> 
     </span>
    </p>
   </div>
   <div class='ocr_carea' id='block_1_59' title="bbox 140 3634 1720 3708">
    <p class='ocr_par' dir='ltr' id='par_1_59' title="bbox 140 3634 1720 3708">
     <span class='ocr_line' id='line_1_59' title="bbox 140 3634 1720 3708; baseline -0.005 -13"><span class='ocrx_word' id='word_1_498' title='bbox 140 3647 360 3708; x_wconf 84' lang='lat' dir='ltr'><strong>pectora</strong></span> <span class='ocrx_word' id='word_1_499' title='bbox 391 3638 478 3707; x_wconf 92' lang='lat' dir='ltr'><strong>qui</strong></span> <span class='ocrx_word' id='word_1_500' title='bbox 510 3637 625 3692; x_wconf 74' lang='lat' dir='ltr'><strong>hate</strong></span> <span class='ocrx_word' id='word_1_501' title='bbox 646 3638 868 3704; x_wconf 90' lang='lat' dir='ltr'><strong>implere</strong></span> <span class='ocrx_word' id='word_1_502' title='bbox 898 3645 1179 3700; x_wconf 82' lang='lat' dir='ltr'><strong>conantur;</strong></span> <span class='ocrx_word' id='word_1_503' title='bbox 1209 3636 1255 3688; x_wconf 93' lang='lat' dir='ltr'><strong>si</strong></span> <span class='ocrx_word' id='word_1_504' title='bbox 1287 3643 1393 3688; x_wconf 88' lang='lat' dir='ltr'><strong>tam</strong></span> <span class='ocrx_word' id='word_1_505' title='bbox 1422 3634 1720 3690; x_wconf 79' lang='lat' dir='ltr'><strong>innumera-</strong></span> 
     </span>
    </p>
   </div>
   <div class='ocr_carea' id='block_1_60' title="bbox 141 3723 1721 3800">
    <p class='ocr_par' dir='ltr' id='par_1_60' title="bbox 141 3723 1721 3800">
     <span class='ocr_line' id='line_1_60' title="bbox 141 3723 1721 3800; baseline -0.003 -17"><span class='ocrx_word' id='word_1_506' title='bbox 141 3732 280 3786; x_wconf 82' lang='lat' dir='ltr'><strong>biles</strong></span> <span class='ocrx_word' id='word_1_507' title='bbox 322 3729 703 3800; x_wconf 81' lang='lat' dir='ltr'><strong>aggrediuntur</strong></span> <span class='ocrx_word' id='word_1_508' title='bbox 746 3728 882 3781; x_wconf 85' lang='lat' dir='ltr'><strong>hanc</strong></span> <span class='ocrx_word' id='word_1_509' title='bbox 927 3727 1094 3794; x_wconf 84' lang='lat' dir='ltr'><strong>viam,</strong></span> <span class='ocrx_word' id='word_1_510' title='bbox 1128 3734 1203 3791; x_wconf 91' lang='lat' dir='ltr'><strong>ut,</strong></span> <span class='ocrx_word' id='word_1_511' title='bbox 1250 3725 1474 3781; x_wconf 87' lang='lat' dir='ltr'><strong>desertis</strong></span> <span class='ocrx_word' id='word_1_512' title='bbox 1521 3723 1721 3779; x_wconf 82' lang='lat' dir='ltr'><strong>divitiis</strong></span> 
     </span>
    </p>
   </div>
   <div class='ocr_carea' id='block_1_61' title="bbox 138 3816 1718 3888">
    <p class='ocr_par' dir='ltr' id='par_1_61' title="bbox 138 3816 1718 3888">
     <span class='ocr_line' id='line_1_61' title="bbox 138 3816 1718 3888; baseline -0.003 -13"><span class='ocrx_word' id='word_1_513' title='bbox 138 3831 191 3875; x_wconf 88' lang='lat' dir='ltr'><strong>et</strong></span> <span class='ocrx_word' id='word_1_514' title='bbox 217 3821 517 3876; x_wconf 85' lang='lat' dir='ltr'><strong>honoribus</strong></span> <span class='ocrx_word' id='word_1_515' title='bbox 538 3822 692 3888; x_wconf 85' lang='lat' dir='ltr'><strong>hujus</strong></span> <span class='ocrx_word' id='word_1_516' title='bbox 720 3818 923 3884; x_wconf 90' lang='lat' dir='ltr'><strong>tnundi,</strong></span> <span class='ocrx_word' id='word_1_517' title='bbox 946 3833 1012 3872; x_wconf 81' lang='lat' dir='ltr'><strong>ex</strong></span> <span class='ocrx_word' id='word_1_518' title='bbox 1038 3818 1183 3871; x_wconf 88' lang='lat' dir='ltr'><strong>omni</strong></span> <span class='ocrx_word' id='word_1_519' title='bbox 1217 3816 1490 3870; x_wconf 86' lang='lat' dir='ltr'><strong>hominum</strong></span> <span class='ocrx_word' id='word_1_520' title='bbox 1521 3830 1718 3885; x_wconf 87' lang='lat' dir='ltr'><strong>genere</strong></span> 
     </span>
    </p>
   </div>
   <div class='ocr_carea' id='block_1_62' title="bbox 139 3909 1720 3968">
    <p class='ocr_par' dir='ltr' id='par_1_62' title="bbox 139 3909 1720 3968">
     <span class='ocr_line' id='line_1_62' title="bbox 139 3909 1720 3968; baseline -0.003 -1"><span class='ocrx_word' id='word_1_521' title='bbox 139 3916 226 3968; x_wconf 77' lang='lat' dir='ltr'><strong>uni</strong></span> <span class='ocrx_word' id='word_1_522' title='bbox 265 3914 378 3968; x_wconf 91' lang='lat' dir='ltr'><strong>Deo</strong></span> <span class='ocrx_word' id='word_1_523' title='bbox 405 3928 613 3968; x_wconf 88' lang='lat' dir='ltr'><strong>summo</strong></span> <span class='ocrx_word' id='word_1_524' title='bbox 656 3920 818 3965; x_wconf 88' lang='lat' dir='ltr'><strong>totam</strong></span> <span class='ocrx_word' id='word_1_525' title='bbox 865 3909 1024 3964; x_wconf 89' lang='lat' dir='ltr'><strong>vitam</strong></span> <span class='ocrx_word' id='word_1_526' title='bbox 1074 3909 1254 3963; x_wconf 90' lang='lat' dir='ltr'><strong>dicare</strong></span> <span class='ocrx_word' id='word_1_527' title='bbox 1298 3909 1585 3962; x_wconf 87' lang='lat' dir='ltr'><strong>volentium</strong></span> <span class='ocrx_word' id='word_1_528' title='bbox 1627 3910 1720 3963; x_wconf 86' lang='lat' dir='ltr'><strong>de-</strong></span> 
     </span>
    </p>
   </div>
   <div class='ocr_carea' id='block_1_63' title="bbox 139 3997 1720 4073">
    <p class='ocr_par' dir='ltr' id='par_1_63' title="bbox 139 3997 1720 4073">
     <span class='ocr_line' id='line_1_63' title="bbox 139 3997 1720 4073; baseline -0.004 -17"><span class='ocrx_word' id='word_1_529' title='bbox 139 4015 301 4058; x_wconf 62' lang='lat' dir='ltr'><strong>sertae</strong></span> <span class='ocrx_word' id='word_1_530' title='bbox 336 4002 604 4073; x_wconf 85' lang='lat' dir='ltr'><strong>quondam</strong></span> <span class='ocrx_word' id='word_1_531' title='bbox 636 3997 842 4056; x_wconf 56' lang='lat' dir='ltr'><strong>insulae</strong></span> <span class='ocrx_word' id='word_1_532' title='bbox 862 4015 925 4054; x_wconf 89' lang='lat' dir='ltr'><strong>ac</strong></span> <span class='ocrx_word' id='word_1_533' title='bbox 974 4000 1260 4053; x_wconf 86' lang='lat' dir='ltr'><strong>multarum</strong></span> <span class='ocrx_word' id='word_1_534' title='bbox 1303 4007 1565 4054; x_wconf 89' lang='lat' dir='ltr'><strong>terrarum</strong></span> <span class='ocrx_word' id='word_1_535' title='bbox 1596 3998 1720 4053; x_wconf 91' lang='lat' dir='ltr'><strong>soli-</strong></span> 
     </span>
    </p>
   </div>
   <div class='ocr_carea' id='block_1_64' title="bbox 143 4090 1714 4162">
    <p class='ocr_par' dir='ltr' id='par_1_64' title="bbox 143 4090 1714 4162">
     <span class='ocr_line' id='line_1_64' title="bbox 143 4090 1714 4162; baseline -0.003 -15"><span class='ocrx_word' id='word_1_536' title='bbox 143 4097 270 4149; x_wconf 89' lang='lat' dir='ltr'><strong>tudo</strong></span> <span class='ocrx_word' id='word_1_537' title='bbox 297 4095 658 4162; x_wconf 87' lang='lat' dir='ltr'><strong>compleatur;</strong></span> <span class='ocrx_word' id='word_1_538' title='bbox 683 4093 974 4160; x_wconf 89' lang='lat' dir='ltr'><strong>sidenique</strong></span> <span class='ocrx_word' id='word_1_539' title='bbox 1003 4106 1095 4159; x_wconf 88' lang='lat' dir='ltr'><strong>per</strong></span> <span class='ocrx_word' id='word_1_540' title='bbox 1123 4091 1282 4144; x_wconf 86' lang='lat' dir='ltr'><strong>urbes</strong></span> <span class='ocrx_word' id='word_1_541' title='bbox 1305 4098 1466 4159; x_wconf 87' lang='lat' dir='ltr'><strong>atque</strong></span> <span class='ocrx_word' id='word_1_542' title='bbox 1493 4090 1714 4158; x_wconf 81' lang='lat' dir='ltr'><strong>Oppida,</strong></span> 
     </span>
    </p>
   </div>
   <div class='ocr_carea' id='block_1_65' title="bbox 138 4181 1714 4253">
    <p class='ocr_par' dir='ltr' id='par_1_65' title="bbox 138 4181 1714 4253">
     <span class='ocr_line' id='line_1_65' title="bbox 138 4181 1714 4253; baseline -0.004 -15"><span class='ocrx_word' id='word_1_543' title='bbox 138 4186 388 4250; x_wconf 81' lang='lat' dir='ltr'><strong>castella,</strong></span> <span class='ocrx_word' id='word_1_544' title='bbox 413 4186 577 4251; x_wconf 89' lang='lat' dir='ltr'><strong>vicos,</strong></span> <span class='ocrx_word' id='word_1_545' title='bbox 629 4198 786 4253; x_wconf 81' lang='lat' dir='ltr'><strong>agros</strong></span> <span class='ocrx_word' id='word_1_546' title='bbox 836 4183 997 4236; x_wconf 89' lang='lat' dir='ltr'><strong>etiam</strong></span> <span class='ocrx_word' id='word_1_547' title='bbox 1046 4182 1304 4249; x_wconf 82' lang='lat' dir='ltr'><strong>villasque</strong></span> <span class='ocrx_word' id='word_1_548' title='bbox 1361 4182 1612 4249; x_wconf 80' lang='lat' dir='ltr'><strong>privatas,</strong></span> <span class='ocrx_word' id='word_1_549' title='bbox 1661 4181 1714 4234; x_wconf 93' lang='lat' dir='ltr'><strong>in</strong></span> 
     </span>
    </p>
   </div>
   <div class='ocr_carea' id='block_1_66' title="bbox 139 4273 1717 4344">
    <p class='ocr_par' dir='ltr' id='par_1_66' title="bbox 139 4273 1717 4344">
     <span class='ocr_line' id='line_1_66' title="bbox 139 4273 1717 4344; baseline -0.003 -15"><span class='ocrx_word' id='word_1_550' title='bbox 139 4279 351 4331; x_wconf 84' lang='lat' dir='ltr'><strong>tantum&#39;</strong></span> <span class='ocrx_word' id='word_1_551' title='bbox 377 4287 562 4344; x_wconf 89' lang='lat' dir='ltr'><strong>aperte</strong></span> <span class='ocrx_word' id='word_1_552' title='bbox 589 4275 842 4329; x_wconf 86' lang='lat' dir='ltr'><strong>suadetur</strong></span> <span class='ocrx_word' id='word_1_553' title='bbox 867 4283 922 4328; x_wconf 93' lang='lat' dir='ltr'><strong>et</strong></span> <span class='ocrx_word' id='word_1_554' title='bbox 960 4274 1227 4340; x_wconf 88' lang='lat' dir='ltr'><strong>appetitur</strong></span> <span class='ocrx_word' id='word_1_555' title='bbox 1247 4288 1274 4326; x_wconf 91' lang='lat' dir='ltr'><strong>a</strong></span> <span class='ocrx_word' id='word_1_556' title='bbox 1305 4273 1532 4326; x_wconf 89' lang='lat' dir='ltr'><strong>terrenis</strong></span> <span class='ocrx_word' id='word_1_557' title='bbox 1562 4287 1717 4326; x_wconf 88' lang='lat' dir='ltr'><strong>aver-</strong></span> 
     </span>
    </p>
   </div>
   <div class='ocr_carea' id='block_1_67' title="bbox 138 4365 1716 4433">
    <p class='ocr_par' dir='ltr' id='par_1_67' title="bbox 138 4365 1716 4433">
     <span class='ocr_line' id='line_1_67' title="bbox 138 4365 1716 4433; baseline -0.003 -13"><span class='ocrx_word' id='word_1_558' title='bbox 138 4371 237 4431; x_wconf 79' lang='lat' dir='ltr'><strong>sio,</strong></span> <span class='ocrx_word' id='word_1_559' title='bbox 264 4377 324 4424; x_wconf 91' lang='lat' dir='ltr'><strong>et</strong></span> <span class='ocrx_word' id='word_1_560' title='bbox 354 4367 407 4421; x_wconf 83' lang='lat' dir='ltr'><strong>in</strong></span> <span class='ocrx_word' id='word_1_561' title='bbox 439 4383 600 4421; x_wconf 88' lang='lat' dir='ltr'><strong>unum</strong></span> <span class='ocrx_word' id='word_1_562' title='bbox 637 4368 798 4420; x_wconf 89' lang='lat' dir='ltr'><strong>Deum</strong></span> <span class='ocrx_word' id='word_1_563' title='bbox 849 4372 1152 4433; x_wconf 72' lang='lat' dir='ltr'><strong>rerumque</strong></span> <span class='ocrx_word' id='word_1_564' title='bbox 1167 4365 1468 4428; x_wconf 90' lang='lat' dir='ltr'><strong>conversio,</strong></span> <span class='ocrx_word' id='word_1_565' title='bbox 1502 4373 1558 4418; x_wconf 92' lang='lat' dir='ltr'><strong>ut</strong></span> <span class='ocrx_word' id='word_1_566' title='bbox 1586 4379 1716 4433; x_wconf 82' lang='lat' dir='ltr'><strong>quo-</strong></span> 
     </span>
    </p>
   </div>
   <div class='ocr_carea' id='block_1_68' title="bbox 1823 3168 3396 3257">
    <p class='ocr_par' dir='ltr' id='par_1_68' title="bbox 1823 3168 3396 3257">
     <span class='ocr_line' id='line_1_68' title="bbox 1823 3168 3396 3257; baseline -0.008 -14"><span class='ocrx_word' id='word_1_567' title='bbox 1823 3189 2034 3257; x_wconf 80' lang='lat' dir='ltr'><strong>pielant</strong></span> <span class='ocrx_word' id='word_1_568' title='bbox 2079 3203 2198 3242; x_wconf 91' lang='lat' dir='ltr'><strong>eum</strong></span> <span class='ocrx_word' id='word_1_569' title='bbox 2249 3188 2478 3257; x_wconf 63' lang='lat' dir='ltr'><strong>populis,</strong></span> <span class='ocrx_word' id='word_1_570' title='bbox 2513 3198 2565 3241; x_wconf 85' lang='lat' dir='ltr'><strong>et</strong></span> <span class='ocrx_word' id='word_1_571' title='bbox 2607 3187 2672 3240; x_wconf 87' lang='lat' dir='ltr'><strong>de</strong></span> <span class='ocrx_word' id='word_1_572' title='bbox 2704 3202 2918 3240; x_wconf 85' lang='lat' dir='ltr'><strong>Sum‘ttm</strong></span> <span class='ocrx_word' id='word_1_573' title='bbox 2949 3184 3167 3237; x_wconf 85' lang='lat' dir='ltr'><strong>deorum</strong></span> <span class='ocrx_word' id='word_1_574' title='bbox 3211 3168 3396 3234; x_wconf 82' lang='lat' dir='ltr'><strong>natura</strong></span> 
     </span>
    </p>
   </div>
   <div class='ocr_carea' id='block_1_69' title="bbox 1821 3271 3398 3344">
    <p class='ocr_par' dir='ltr' id='par_1_69' title="bbox 1821 3271 3398 3344">
     <span class='ocr_line' id='line_1_69' title="bbox 1821 3271 3398 3344; baseline -0.006 -11"><span class='ocrx_word' id='word_1_575' title='bbox 1821 3294 1884 3333; x_wconf 89' lang='lat' dir='ltr'><strong>ac</strong></span> <span class='ocrx_word' id='word_1_576' title='bbox 1905 3276 2114 3333; x_wconf 87' lang='lat' dir='ltr'><strong>summo</strong></span> <span class='ocrx_word' id='word_1_577' title='bbox 2143 3279 2282 3332; x_wconf 86' lang='lat' dir='ltr'><strong>bono</strong></span> <span class='ocrx_word' id='word_1_578' title='bbox 2323 3279 2559 3331; x_wconf 79' lang='lat' dir='ltr'><strong>diversas</strong></span> <span class='ocrx_word' id='word_1_579' title='bbox 2591 3277 2993 3344; x_wconf 73' lang='lat' dir='ltr'><strong>conti-ariasque</strong></span> <span class='ocrx_word' id='word_1_580' title='bbox 3019 3274 3312 3328; x_wconf 87' lang='lat' dir='ltr'><strong>sententias</strong></span> <span class='ocrx_word' id='word_1_581' title='bbox 3344 3271 3398 3325; x_wconf 88' lang='lat' dir='ltr'><strong>in</strong></span> 
     </span>
    </p>
   </div>
   <div class='ocr_carea' id='block_1_70' title="bbox 1820 3363 3398 3432">
    <p class='ocr_par' dir='ltr' id='par_1_70' title="bbox 1820 3363 3398 3432">
     <span class='ocr_line' id='line_1_70' title="bbox 1820 3363 3398 3432; baseline -0.004 -9"><span class='ocrx_word' id='word_1_582' title='bbox 1820 3369 2020 3423; x_wconf 79' lang='lat' dir='ltr'><strong>scholis</strong></span> <span class='ocrx_word' id='word_1_583' title='bbox 2065 3370 2177 3422; x_wconf 89' lang='lat' dir='ltr'><strong>suis</strong></span> <span class='ocrx_word' id='word_1_584' title='bbox 2220 3368 2405 3422; x_wconf 86' lang='lat' dir='ltr'><strong>cadent</strong></span> <span class='ocrx_word' id='word_1_585' title='bbox 2462 3378 2539 3422; x_wconf 84' lang='lat' dir='ltr'><strong>tes</strong></span> <span class='ocrx_word' id='word_1_586' title='bbox 2566 3386 2596 3422; x_wconf 88' lang='lat' dir='ltr'><strong>e</strong></span> <span class='ocrx_word' id='word_1_587' title='bbox 2637 3366 2972 3421; x_wconf 85' lang='lat' dir='ltr'><strong>multitudine</strong></span> <span class='ocrx_word' id='word_1_588' title='bbox 3021 3363 3398 3432; x_wconf 83' lang='lat' dir='ltr'><strong>personabant.</strong></span> 
     </span>
    </p>
   </div>
   <div class='ocr_carea' id='block_1_71' title="bbox 1821 3456 3398 3524">
    <p class='ocr_par' dir='ltr' id='par_1_71' title="bbox 1821 3456 3398 3524">
     <span class='ocr_line' id='line_1_71' title="bbox 1821 3456 3398 3524; baseline -0.005 -9"><span class='ocrx_word' id='word_1_589' title='bbox 1821 3460 1971 3524; x_wconf 82' lang='lat' dir='ltr'><strong>Quod</strong></span> <span class='ocrx_word' id='word_1_590' title='bbox 2003 3460 2045 3513; x_wconf 89' lang='lat' dir='ltr'><strong>si</strong></span> <span class='ocrx_word' id='word_1_591' title='bbox 2089 3460 2188 3512; x_wconf 90' lang='lat' dir='ltr'><strong>hoc</strong></span> <span class='ocrx_word' id='word_1_592' title='bbox 2217 3476 2378 3513; x_wconf 89' lang='lat' dir='ltr'><strong>unum</strong></span> <span class='ocrx_word' id='word_1_593' title='bbox 2422 3470 2624 3513; x_wconf 88' lang='lat' dir='ltr'><strong>tantum</strong></span> <span class='ocrx_word' id='word_1_594' title='bbox 2658 3460 2841 3511; x_wconf 87' lang='lat' dir='ltr'><strong>vitium</strong></span> <span class='ocrx_word' id='word_1_595' title='bbox 2898 3457 3055 3511; x_wconf 87' lang='lat' dir='ltr'><strong>Cltris</strong></span> <span class='ocrx_word' id='word_1_596' title='bbox 3086 3458 3201 3509; x_wconf 87' lang='lat' dir='ltr'><strong>iana</strong></span> <span class='ocrx_word' id='word_1_597' title='bbox 3233 3456 3398 3510; x_wconf 83' lang='lat' dir='ltr'><strong>disci-</strong></span> 
     </span>
    </p>
   </div>
   <div class='ocr_carea' id='block_1_72' title="bbox 1824 3547 3400 3617">
    <p class='ocr_par' dir='ltr' id='par_1_72' title="bbox 1824 3547 3400 3617">
     <span class='ocr_line' id='line_1_72' title="bbox 1824 3547 3400 3617; baseline -0.001 -17"><span class='ocrx_word' id='word_1_598' title='bbox 1824 3548 1961 3614; x_wconf 85' lang='lat' dir='ltr'><strong>plina</strong></span> <span class='ocrx_word' id='word_1_599' title='bbox 1992 3561 2233 3603; x_wconf 84' lang='lat' dir='ltr'><strong>sanatum</strong></span> <span class='ocrx_word' id='word_1_600' title='bbox 2284 3549 2604 3613; x_wconf 86' lang='lat' dir='ltr'><strong>videremus,</strong></span> <span class='ocrx_word' id='word_1_601' title='bbox 2643 3549 2891 3603; x_wconf 76' lang='lat' dir='ltr'><strong>ineliahili</strong></span> <span class='ocrx_word' id='word_1_602' title='bbox 2927 3549 3076 3602; x_wconf 90' lang='lat' dir='ltr'><strong>laude</strong></span> <span class='ocrx_word' id='word_1_603' title='bbox 3109 3547 3400 3617; x_wconf 50' lang='lat' dir='ltr'><strong>praedican-</strong></span> 
     </span>
    </p>
   </div>
   <div class='ocr_carea' id='block_1_73' title="bbox 1822 3639 3395 3710">
    <p class='ocr_par' dir='ltr' id='par_1_73' title="bbox 1822 3639 3395 3710">
     <span class='ocr_line' id='line_1_73' title="bbox 1822 3639 3395 3710; baseline -0.001 -18"><span class='ocrx_word' id='word_1_604' title='bbox 1822 3639 1942 3692; x_wconf 87' lang='lat' dir='ltr'><strong>dant</strong></span> <span class='ocrx_word' id='word_1_605' title='bbox 1973 3655 2091 3694; x_wconf 87' lang='lat' dir='ltr'><strong>esse</strong></span> <span class='ocrx_word' id='word_1_606' title='bbox 2123 3643 2387 3695; x_wconf 85' lang='lat' dir='ltr'><strong>neminem</strong></span> <span class='ocrx_word' id='word_1_607' title='bbox 2422 3657 2613 3709; x_wconf 81' lang='lat' dir='ltr'><strong>negare</strong></span> <span class='ocrx_word' id='word_1_608' title='bbox 2643 3650 2948 3710; x_wconf 61' lang='lat' dir='ltr'><strong>oportvret;</strong></span> <span class='ocrx_word' id='word_1_609' title='bbox 2984 3641 3215 3693; x_wconf 74' lang='lat' dir='ltr'><strong>Increscs</strong></span> <span class='ocrx_word' id='word_1_610' title='bbox 3248 3653 3395 3692; x_wconf 83' lang='lat' dir='ltr'><strong>nam-</strong></span> 
     </span>
    </p>
   </div>
   <div class='ocr_carea' id='block_1_74' title="bbox 1821 3720 3400 3797">
    <p class='ocr_par' dir='ltr' id='par_1_74' title="bbox 1821 3720 3400 3797">
     <span class='ocr_line' id='line_1_74' title="bbox 1821 3720 3400 3797; baseline -0.001 -16"><span class='ocrx_word' id='word_1_611' title='bbox 1821 3743 1924 3797; x_wconf 85' lang='lat' dir='ltr'><strong>que</strong></span> <span class='ocrx_word' id='word_1_612' title='bbox 1979 3740 2083 3782; x_wconf 88' lang='lat' dir='ltr'><strong>tam</strong></span> <span class='ocrx_word' id='word_1_613' title='bbox 2144 3731 2598 3793; x_wconf 87' lang='lat' dir='ltr'><strong>innumerabiles,</strong></span> <span class='ocrx_word' id='word_1_614' title='bbox 2646 3745 2675 3782; x_wconf 85' lang='lat' dir='ltr'><strong>a</strong></span> <span class='ocrx_word' id='word_1_615' title='bbox 2745 3729 2923 3796; x_wconf 81' lang='lat' dir='ltr'><strong>regula</strong></span> <span class='ocrx_word' id='word_1_616' title='bbox 2985 3720 3400 3780; x_wconf 69' lang='lat' dir='ltr'><strong>Christianitatis</strong></span> 
     </span>
    </p>
   </div>
   <div class='ocr_carea' id='block_1_75' title="bbox 1823 3820 3396 3886">
    <p class='ocr_par' dir='ltr' id='par_1_75' title="bbox 1823 3820 3396 3886">
     <span class='ocr_line' id='line_1_75' title="bbox 1823 3820 3396 3886; baseline 0 -12"><span class='ocrx_word' id='word_1_617' title='bbox 1823 3837 2042 3886; x_wconf 64' lang='lat' dir='ltr'><strong>aversae,</strong></span> <span class='ocrx_word' id='word_1_618' title='bbox 2074 3833 2237 3877; x_wconf 88' lang='lat' dir='ltr'><strong>testes</strong></span> <span class='ocrx_word' id='word_1_619' title='bbox 2267 3835 2390 3876; x_wconf 86' lang='lat' dir='ltr'><strong>sunt</strong></span> <span class='ocrx_word' id='word_1_620' title='bbox 2434 3839 2538 3876; x_wconf 91' lang='lat' dir='ltr'><strong>non</strong></span> <span class='ocrx_word' id='word_1_621' title='bbox 2593 3822 2794 3875; x_wconf 88' lang='lat' dir='ltr'><strong>admitti</strong></span> <span class='ocrx_word' id='word_1_622' title='bbox 2846 3823 2908 3874; x_wconf 88' lang='lat' dir='ltr'><strong>ad</strong></span> <span class='ocrx_word' id='word_1_623' title='bbox 2956 3820 3396 3876; x_wconf 82' lang='lat' dir='ltr'><strong>communicanda</strong></span> 
     </span>
    </p>
   </div>
   <div class='ocr_carea' id='block_1_76' title="bbox 1821 3915 3393 3985">
    <p class='ocr_par' dir='ltr' id='par_1_76' title="bbox 1821 3915 3393 3985">
     <span class='ocr_line' id='line_1_76' title="bbox 1821 3915 3393 3985; baseline -0.003 -16"><span class='ocrx_word' id='word_1_624' title='bbox 1821 3927 2150 3970; x_wconf 80' lang='lat' dir='ltr'><strong>sacramenta</strong></span> <span class='ocrx_word' id='word_1_625' title='bbox 2182 3932 2274 3971; x_wconf 90' lang='lat' dir='ltr'><strong>eos</strong></span> <span class='ocrx_word' id='word_1_626' title='bbox 2301 3915 2386 3985; x_wconf 90' lang='lat' dir='ltr'><strong>qui</strong></span> <span class='ocrx_word' id='word_1_627' title='bbox 2417 3916 2485 3970; x_wconf 92' lang='lat' dir='ltr'><strong>de</strong></span> <span class='ocrx_word' id='word_1_628' title='bbox 2530 3917 2685 3970; x_wconf 81' lang='lat' dir='ltr'><strong>Patre</strong></span> <span class='ocrx_word' id='word_1_629' title='bbox 2718 3916 2844 3977; x_wconf 83' lang='lat' dir='ltr'><strong>Deo,</strong></span> <span class='ocrx_word' id='word_1_630' title='bbox 2878 3927 2930 3968; x_wconf 91' lang='lat' dir='ltr'><strong>et</strong></span> <span class='ocrx_word' id='word_1_631' title='bbox 2963 3915 3228 3980; x_wconf 82' lang='lat' dir='ltr'><strong>Sapientia</strong></span> <span class='ocrx_word' id='word_1_632' title='bbox 3258 3915 3393 3982; x_wconf 86' lang='lat' dir='ltr'><strong>ejus,</strong></span> 
     </span>
    </p>
   </div>
   <div class='ocr_carea' id='block_1_77' title="bbox 1820 4005 3398 4072">
    <p class='ocr_par' dir='ltr' id='par_1_77' title="bbox 1820 4005 3398 4072">
     <span class='ocr_line' id='line_1_77' title="bbox 1820 4005 3398 4072; baseline -0.002 -14"><span class='ocrx_word' id='word_1_633' title='bbox 1820 4017 1872 4058; x_wconf 89' lang='lat' dir='ltr'><strong>et</strong></span> <span class='ocrx_word' id='word_1_634' title='bbox 1902 4023 2122 4061; x_wconf 84' lang='lat' dir='ltr'><strong>munere</strong></span> <span class='ocrx_word' id='word_1_635' title='bbox 2148 4008 2347 4072; x_wconf 88' lang='lat' dir='ltr'><strong>divino,</strong></span> <span class='ocrx_word' id='word_1_636' title='bbox 2381 4006 2533 4060; x_wconf 88' lang='lat' dir='ltr'><strong>aliter</strong></span> <span class='ocrx_word' id='word_1_637' title='bbox 2558 4008 2814 4067; x_wconf 85' lang='lat' dir='ltr'><strong>sentiunt,</strong></span> <span class='ocrx_word' id='word_1_638' title='bbox 2845 4016 2898 4058; x_wconf 85' lang='lat' dir='ltr'><strong>et</strong></span> <span class='ocrx_word' id='word_1_639' title='bbox 2929 4005 3233 4058; x_wconf 86' lang='lat' dir='ltr'><strong>hominibus</strong></span> <span class='ocrx_word' id='word_1_640' title='bbox 3267 4020 3398 4072; x_wconf 81' lang='lat' dir='ltr'><strong>per-</strong></span> 
     </span>
    </p>
   </div>
   <div class='ocr_carea' id='block_1_78' title="bbox 1818 4098 3398 4167">
    <p class='ocr_par' dir='ltr' id='par_1_78' title="bbox 1818 4098 3398 4167">
     <span class='ocr_line' id='line_1_78' title="bbox 1818 4098 3398 4167; baseline -0.002 -16"><span class='ocrx_word' id='word_1_641' title='bbox 1818 4100 2044 4154; x_wconf 69' lang='lat' dir='ltr'><strong>suadere</strong></span> <span class='ocrx_word' id='word_1_642' title='bbox 2083 4109 2364 4164; x_wconf 85' lang='lat' dir='ltr'><strong>conantur,</strong></span> <span class='ocrx_word' id='word_1_643' title='bbox 2399 4114 2558 4167; x_wconf 87' lang='lat' dir='ltr'><strong>quam</strong></span> <span class='ocrx_word' id='word_1_644' title='bbox 2605 4099 2799 4151; x_wconf 71' lang='lat' dir='ltr'><strong>veritas</strong></span> <span class='ocrx_word' id='word_1_645' title='bbox 2846 4099 3092 4164; x_wconf 70' lang='lat' dir='ltr'><strong>postulat.</strong></span> <span class='ocrx_word' id='word_1_646' title='bbox 3125 4099 3210 4151; x_wconf 84' lang='lat' dir='ltr'><strong>Sic</strong></span> <span class='ocrx_word' id='word_1_647' title='bbox 3256 4098 3398 4151; x_wconf 88' lang='lat' dir='ltr'><strong>eniut</strong></span> 
     </span>
    </p>
   </div>
   <div class='ocr_carea' id='block_1_79' title="bbox 1819 4189 3395 4258">
    <p class='ocr_par' dir='ltr' id='par_1_79' title="bbox 1819 4189 3395 4258">
     <span class='ocr_line' id='line_1_79' title="bbox 1819 4189 3395 4258; baseline -0.001 -16"><span class='ocrx_word' id='word_1_648' title='bbox 1819 4190 2052 4243; x_wconf 88' lang='lat' dir='ltr'><strong>creditur</strong></span> <span class='ocrx_word' id='word_1_649' title='bbox 2082 4201 2133 4244; x_wconf 91' lang='lat' dir='ltr'><strong>et</strong></span> <span class='ocrx_word' id='word_1_650' title='bbox 2164 4191 2402 4254; x_wconf 82' lang='lat' dir='ltr'><strong>docetur,</strong></span> <span class='ocrx_word' id='word_1_651' title='bbox 2436 4189 2574 4258; x_wconf 88' lang='lat' dir='ltr'><strong>qttod</strong></span> <span class='ocrx_word' id='word_1_652' title='bbox 2606 4201 2686 4242; x_wconf 85' lang='lat' dir='ltr'><strong>est</strong></span> <span class='ocrx_word' id='word_1_653' title='bbox 2719 4189 2961 4241; x_wconf 75' lang='lat' dir='ltr'><strong>humana:</strong></span> <span class='ocrx_word' id='word_1_654' title='bbox 3003 4189 3188 4242; x_wconf 85' lang='lat' dir='ltr'><strong>salutis</strong></span> <span class='ocrx_word' id='word_1_655' title='bbox 3217 4197 3395 4254; x_wconf 78' lang='lat' dir='ltr'><strong>caput,</strong></span> 
     </span>
    </p>
   </div>
   <div class='ocr_carea' id='block_1_80' title="bbox 1820 4277 3397 4352">
    <p class='ocr_par' dir='ltr' id='par_1_80' title="bbox 1820 4277 3397 4352">
     <span class='ocr_line' id='line_1_80' title="bbox 1820 4277 3397 4352; baseline -0.002 -20"><span class='ocrx_word' id='word_1_656' title='bbox 1820 4296 1923 4332; x_wconf 90' lang='lat' dir='ltr'><strong>non</strong></span> <span class='ocrx_word' id='word_1_657' title='bbox 1953 4282 2107 4333; x_wconf 87' lang='lat' dir='ltr'><strong>aliam</strong></span> <span class='ocrx_word' id='word_1_658' title='bbox 2149 4294 2267 4334; x_wconf 87' lang='lat' dir='ltr'><strong>esse</strong></span> <span class='ocrx_word' id='word_1_659' title='bbox 2295 4281 2598 4352; x_wconf 65' lang='grc' dir='ltr'><strong>φιλοσοφίαν,</strong></span> <span class='ocrx_word' id='word_1_660' title='bbox 2630 4278 2679 4332; x_wconf 90' lang='lat' dir='ltr'><strong>id</strong></span> <span class='ocrx_word' id='word_1_661' title='bbox 2712 4287 2793 4332; x_wconf 91' lang='lat' dir='ltr'><strong>est</strong></span> <span class='ocrx_word' id='word_1_662' title='bbox 2820 4278 3096 4336; x_wconf 77' lang='lat' dir='ltr'><strong>s.t..ient.irc</strong></span> <span class='ocrx_word' id='word_1_663' title='bbox 3128 4277 3397 4343; x_wconf 87' lang='lat' dir='ltr'><strong>studium,</strong></span> 
     </span>
    </p>
   </div>
   <div class='ocr_carea' id='block_1_81' title="bbox 1820 4366 3396 4440">
    <p class='ocr_par' dir='ltr' id='par_1_81' title="bbox 1820 4366 3396 4440">
     <span class='ocr_line' id='line_1_81' title="bbox 1820 4366 3396 4440; baseline -0.002 -18"><span class='ocrx_word' id='word_1_664' title='bbox 1820 4379 1874 4422; x_wconf 88' lang='lat' dir='ltr'><strong>et</strong></span> <span class='ocrx_word' id='word_1_665' title='bbox 1901 4370 2057 4422; x_wconf 88' lang='lat' dir='ltr'><strong>aliam</strong></span> <span class='ocrx_word' id='word_1_666' title='bbox 2087 4368 2418 4440; x_wconf 79' lang='lat' dir='ltr'><strong>religionem,</strong></span> <span class='ocrx_word' id='word_1_667' title='bbox 2452 4383 2570 4423; x_wconf 91' lang='lat' dir='ltr'><strong>cum</strong></span> <span class='ocrx_word' id='word_1_668' title='bbox 2615 4368 2666 4421; x_wconf 90' lang='lat' dir='ltr'><strong>hi</strong></span> <span class='ocrx_word' id='word_1_669' title='bbox 2704 4383 2925 4436; x_wconf 89' lang='lat' dir='ltr'><strong>qttortnn</strong></span> <span class='ocrx_word' id='word_1_670' title='bbox 2959 4366 3250 4419; x_wconf 84' lang='lat' dir='ltr'><strong>dot-trinam</strong></span> <span class='ocrx_word' id='word_1_671' title='bbox 3294 4383 3396 4420; x_wconf 90' lang='lat' dir='ltr'><strong>nou</strong></span> 
     </span>
    </p>
   </div>
   <div class='ocr_carea' id='block_1_82' title="bbox 139 4444 3397 4529">
    <p class='ocr_par' dir='ltr' id='par_1_82' title="bbox 139 4444 3397 4529">
     <span class='ocr_line' id='line_1_82' title="bbox 139 4444 3397 4529; baseline -0.001 -17"><span class='ocrx_word' id='word_1_672' title='bbox 139 4463 268 4516; x_wconf 83' lang='lat' dir='ltr'><strong>titlie</strong></span> <span class='ocrx_word' id='word_1_673' title='bbox 318 4475 413 4528; x_wconf 89' lang='lat' dir='ltr'><strong>per</strong></span> <span class='ocrx_word' id='word_1_674' title='bbox 465 4458 766 4513; x_wconf 78' lang='lat' dir='ltr'><strong>universum</strong></span> <span class='ocrx_word' id='word_1_675' title='bbox 812 4458 994 4511; x_wconf 91' lang='lat' dir='ltr'><strong>orbem</strong></span> <span class='ocrx_word' id='word_1_676' title='bbox 1056 4457 1340 4510; x_wconf 87' lang='lat' dir='ltr'><strong>humanum</strong></span> <span class='ocrx_word' id='word_1_677' title='bbox 1400 4472 1564 4524; x_wconf 75' lang='lat' dir='ltr'><strong>genus</strong></span> <span class='ocrx_word' id='word_1_678' title='bbox 1617 4473 1716 4509; x_wconf 89' lang='lat' dir='ltr'><strong>una</strong></span> <span class='ocrx_word' id='word_1_679' title='bbox 1748 4444 2222 4529; x_wconf 77' lang='lat' dir='ltr'><strong>Dapproliamus,</strong></span> <span class='ocrx_word' id='word_1_680' title='bbox 2256 4476 2355 4516; x_wconf 90' lang='lat' dir='ltr'><strong>nec</strong></span> <span class='ocrx_word' id='word_1_681' title='bbox 2401 4469 2732 4514; x_wconf 85' lang='lat' dir='ltr'><strong>sacramenta</strong></span> <span class='ocrx_word' id='word_1_682' title='bbox 2782 4457 3055 4511; x_wconf 71' lang='lat' dir='ltr'><strong>littiiiscum</strong></span> <span class='ocrx_word' id='word_1_683' title='bbox 3103 4461 3397 4511; x_wconf 81' lang='lat' dir='ltr'><strong>connntmi-</strong></span> 
     </span>
    </p>
   </div>
   <div class='ocr_carea' id='block_1_83' title="bbox 138 4547 1713 4616">
    <p class='ocr_par' dir='ltr' id='par_1_83' title="bbox 138 4547 1713 4616">
     <span class='ocr_line' id='line_1_83' title="bbox 138 4547 1713 4616; baseline 0 -13"><span class='ocrx_word' id='word_1_684' title='bbox 138 4565 277 4612; x_wconf 79' lang='lat' dir='ltr'><strong>pene</strong></span> <span class='ocrx_word' id='word_1_685' title='bbox 297 4563 430 4603; x_wconf 86' lang='lat' dir='ltr'><strong>voce</strong></span> <span class='ocrx_word' id='word_1_686' title='bbox 461 4548 778 4616; x_wconf 80' lang='lat' dir='ltr'><strong>respondeat</strong></span> <span class='ocrx_word' id='word_1_687' title='bbox 802 4562 1010 4600; x_wconf 89' lang='lat' dir='ltr'><strong>sursum</strong></span> <span class='ocrx_word' id='word_1_688' title='bbox 1037 4563 1131 4600; x_wconf 88' lang='lat' dir='ltr'><strong>cor</strong></span> <span class='ocrx_word' id='word_1_689' title='bbox 1155 4547 1347 4601; x_wconf 85' lang='lat' dir='ltr'><strong>habere</strong></span> <span class='ocrx_word' id='word_1_690' title='bbox 1375 4563 1432 4603; x_wconf 88' lang='lat' dir='ltr'><strong>se</strong></span> <span class='ocrx_word' id='word_1_691' title='bbox 1459 4551 1520 4600; x_wconf 82' lang='lat' dir='ltr'><strong>ad</strong></span> <span class='ocrx_word' id='word_1_692' title='bbox 1549 4549 1713 4603; x_wconf 89' lang='lat' dir='ltr'><strong>Deum</strong></span> 
     </span>
    </p>
   </div>
   <div class='ocr_carea' id='block_1_84' title="bbox 137 4637 1715 4710">
    <p class='ocr_par' dir='ltr' id='par_1_84' title="bbox 137 4637 1715 4710">
     <span class='ocr_line' id='line_1_84' title="bbox 137 4637 1715 4710; baseline -0.001 -16"><span class='ocrx_word' id='word_1_693' title='bbox 137 4638 470 4710; x_wconf 74' lang='lat' dir='ltr'><strong>{Dominum}</strong></span> <span class='ocrx_word' id='word_1_694' title='bbox 496 4657 508 4703; x_wconf 91' lang='lat'>;</span> <span class='ocrx_word' id='word_1_695' title='bbox 542 4637 665 4707; x_wconf 88' lang='lat' dir='ltr'><strong>quid</strong></span> <span class='ocrx_word' id='word_1_696' title='bbox 695 4638 867 4691; x_wconf 89' lang='lat' dir='ltr'><strong>adhuc</strong></span> <span class='ocrx_word' id='word_1_697' title='bbox 892 4641 1180 4692; x_wconf 89' lang='lat' dir='ltr'><strong>oscitamus</strong></span> <span class='ocrx_word' id='word_1_698' title='bbox 1205 4639 1473 4706; x_wconf 89' lang='lat' dir='ltr'><strong>crapulam</strong></span> <span class='ocrx_word' id='word_1_699' title='bbox 1519 4639 1715 4694; x_wconf 82' lang='lat' dir='ltr'><strong>hester-</strong></span> 
     </span>
    </p>
   </div>
   <div class='ocr_carea' id='block_1_85' title="bbox 136 4726 1714 4797">
    <p class='ocr_par' dir='ltr' id='par_1_85' title="bbox 136 4726 1714 4797">
     <span class='ocr_line' id='line_1_85' title="bbox 136 4726 1714 4797; baseline 0.002 -16"><span class='ocrx_word' id='word_1_700' title='bbox 136 4745 285 4794; x_wconf 86' lang='lat' dir='ltr'><strong>nam,</strong></span> <span class='ocrx_word' id='word_1_701' title='bbox 315 4738 371 4781; x_wconf 83' lang='lat' dir='ltr'><strong>et</strong></span> <span class='ocrx_word' id='word_1_702' title='bbox 409 4728 462 4781; x_wconf 88' lang='lat' dir='ltr'><strong>in</strong></span> <span class='ocrx_word' id='word_1_703' title='bbox 507 4728 729 4781; x_wconf 78' lang='lat' dir='ltr'><strong>mortuis</strong></span> <span class='ocrx_word' id='word_1_704' title='bbox 779 4726 1065 4794; x_wconf 72' lang='lat' dir='ltr'><strong>pecudibus</strong></span> <span class='ocrx_word' id='word_1_705' title='bbox 1110 4727 1289 4780; x_wconf 84' lang='lat' dir='ltr'><strong>divma</strong></span> <span class='ocrx_word' id='word_1_706' title='bbox 1337 4728 1543 4795; x_wconf 71' lang='lat' dir='ltr'><strong>eloquia</strong></span> <span class='ocrx_word' id='word_1_707' title='bbox 1596 4744 1714 4797; x_wconf 86' lang='lat' dir='ltr'><strong>per-</strong></span> 
     </span>
    </p>
   </div>
   <div class='ocr_carea' id='block_1_86' title="bbox 135 4820 1711 4890">
    <p class='ocr_par' dir='ltr' id='par_1_86' title="bbox 135 4820 1711 4890">
     <span class='ocr_line' id='line_1_86' title="bbox 135 4820 1711 4890; baseline 0.002 -16"><span class='ocrx_word' id='word_1_708' title='bbox 135 4822 478 4877; x_wconf 66' lang='lat' dir='ltr'><strong>scrutamur?</strong></span> <span class='ocrx_word' id='word_1_709' title='bbox 507 4821 561 4874; x_wconf 87' lang='lat' dir='ltr'><strong>Si</strong></span> <span class='ocrx_word' id='word_1_710' title='bbox 608 4820 820 4890; x_wconf 86' lang='lat' dir='ltr'><strong>quando</strong></span> <span class='ocrx_word' id='word_1_711' title='bbox 867 4830 1040 4874; x_wconf 89' lang='lat' dir='ltr'><strong>autem</strong></span> <span class='ocrx_word' id='word_1_712' title='bbox 1068 4821 1131 4872; x_wconf 87' lang='lat' dir='ltr'><strong>ad</strong></span> <span class='ocrx_word' id='word_1_713' title='bbox 1161 4821 1573 4888; x_wconf 89' lang='lat' dir='ltr'><strong>disputationem</strong></span> <span class='ocrx_word' id='word_1_714' title='bbox 1620 4838 1711 4877; x_wconf 81' lang='lat' dir='ltr'><strong>ve-</strong></span> 
     </span>
    </p>
   </div>
   <div class='ocr_carea' id='block_1_87' title="bbox 138 4915 1712 4985">
    <p class='ocr_par' dir='ltr' id='par_1_87' title="bbox 138 4915 1712 4985">
     <span class='ocr_line' id='line_1_87' title="bbox 138 4915 1712 4985; baseline 0.001 -15"><span class='ocrx_word' id='word_1_715' title='bbox 138 4927 305 4981; x_wconf 89' lang='lat' dir='ltr'><strong>nitur,</strong></span> <span class='ocrx_word' id='word_1_716' title='bbox 342 4916 613 4969; x_wconf 81' lang='lat' dir='ltr'><strong>Platonico</strong></span> <span class='ocrx_word' id='word_1_717' title='bbox 643 4917 860 4968; x_wconf 87' lang='lat' dir='ltr'><strong>nomine</strong></span> <span class='ocrx_word' id='word_1_718' title='bbox 883 4931 972 4967; x_wconf 88' lang='lat' dir='ltr'><strong>ora</strong></span> <span class='ocrx_word' id='word_1_719' title='bbox 1003 4915 1316 4983; x_wconf 87' lang='lat' dir='ltr'><strong>crepitantia</strong></span> <span class='ocrx_word' id='word_1_720' title='bbox 1339 4931 1495 4984; x_wconf 83' lang='lat' dir='ltr'><strong>quam</strong></span> <span class='ocrx_word' id='word_1_721' title='bbox 1530 4928 1712 4985; x_wconf 83' lang='lat' dir='ltr'><strong>pectus</strong></span> 
     </span>
    </p>
   </div>
   <div class='ocr_carea' id='block_1_88' title="bbox 137 5009 1712 5080">
    <p class='ocr_par' dir='ltr' id='par_1_88' title="bbox 137 5009 1712 5080">
     <span class='ocr_line' id='line_1_88' title="bbox 137 5009 1712 5080; baseline 0.001 -18"><span class='ocrx_word' id='word_1_722' title='bbox 137 5025 264 5067; x_wconf 80' lang='lat' dir='ltr'><strong>vero</strong></span> <span class='ocrx_word' id='word_1_723' title='bbox 318 5009 471 5080; x_wconf 76' lang='lat' dir='ltr'><strong>[vero</strong></span> <span class='ocrx_word' id='word_1_724' title='bbox 522 5009 647 5079; x_wconf 86' lang='lat' dir='ltr'><strong>Deo]</strong></span> <span class='ocrx_word' id='word_1_725' title='bbox 692 5009 902 5075; x_wconf 90' lang='lat' dir='ltr'><strong>plenum</strong></span> <span class='ocrx_word' id='word_1_726' title='bbox 949 5009 1113 5076; x_wconf 86' lang='lat' dir='ltr'><strong>magis</strong></span> <span class='ocrx_word' id='word_1_727' title='bbox 1159 5009 1354 5063; x_wconf 87' lang='lat' dir='ltr'><strong>habere</strong></span> <span class='ocrx_word' id='word_1_728' title='bbox 1399 5010 1712 5076; x_wconf 78' lang='lat' dir='ltr'><strong>gestimus?</strong></span> 
     </span>
    </p>
   </div>
   <div class='ocr_carea' id='block_1_89' title="bbox 134 5100 1712 5170">
    <p class='ocr_par' dir='ltr' id='par_1_89' title="bbox 134 5100 1712 5170">
     <span class='ocr_line' id='line_1_89' title="bbox 134 5100 1712 5170; baseline -0.002 -12"><span class='ocrx_word' id='word_1_729' title='bbox 134 5104 232 5170; x_wconf 84' lang='lat' dir='ltr'><strong>Qui</strong></span> <span class='ocrx_word' id='word_1_730' title='bbox 265 5117 397 5170; x_wconf 85' lang='lat' dir='ltr'><strong>ergo</strong></span> <span class='ocrx_word' id='word_1_731' title='bbox 425 5101 729 5155; x_wconf 88' lang='lat' dir='ltr'><strong>scnsibilem</strong></span> <span class='ocrx_word' id='word_1_732' title='bbox 781 5101 938 5152; x_wconf 88' lang='lat' dir='ltr'><strong>istttm</strong></span> <span class='ocrx_word' id='word_1_733' title='bbox 985 5100 1236 5153; x_wconf 87' lang='lat' dir='ltr'><strong>mundum</strong></span> <span class='ocrx_word' id='word_1_734' title='bbox 1269 5110 1628 5164; x_wconf 80' lang='lat' dir='ltr'><strong>contemnere,</strong></span> <span class='ocrx_word' id='word_1_735' title='bbox 1659 5110 1712 5155; x_wconf 88' lang='lat' dir='ltr'><strong>et</strong></span> 
     </span>
    </p>
   </div>
   <div class='ocr_carea' id='block_1_90' title="bbox 136 5174 1710 5262">
    <p class='ocr_par' dir='ltr' id='par_1_90' title="bbox 136 5174 1710 5262">
     <span class='ocr_line' id='line_1_90' title="bbox 136 5174 1710 5262; baseline 0.001 -15"><span class='ocrx_word' id='word_1_736' title='bbox 136 5197 364 5249; x_wconf 82' lang='lat' dir='ltr'><strong>animam</strong></span> <span class='ocrx_word' id='word_1_737' title='bbox 415 5191 610 5246; x_wconf 85' lang='lat' dir='ltr'><strong>virtute</strong></span> <span class='ocrx_word' id='word_1_738' title='bbox 654 5174 981 5259; x_wconf 71' lang='lat' dir='ltr'><strong>put-gantiam</strong></span> <span class='ocrx_word' id='word_1_739' title='bbox 1034 5207 1242 5246; x_wconf 90' lang='lat' dir='ltr'><strong>summo</strong></span> <span class='ocrx_word' id='word_1_740' title='bbox 1289 5192 1399 5245; x_wconf 90' lang='lat' dir='ltr'><strong>Deo</strong></span> <span class='ocrx_word' id='word_1_741' title='bbox 1447 5193 1710 5262; x_wconf 81' lang='lat' dir='ltr'><strong>subjicere</strong></span> 
     </span>
    </p>
   </div>
   <div class='ocr_carea' id='block_1_91' title="bbox 133 5267 1706 5354">
    <p class='ocr_par' dir='ltr' id='par_1_91' title="bbox 133 5267 1706 5354">
     <span class='ocr_line' id='line_1_91' title="bbox 133 5267 1706 5354; baseline 0 -16"><span class='ocrx_word' id='word_1_742' title='bbox 133 5299 289 5354; x_wconf 78' lang='lat' dir='ltr'><strong>atque</strong></span> <span class='ocrx_word' id='word_1_743' title='bbox 319 5283 646 5350; x_wconf 74' lang='lat' dir='ltr'><strong>sulljungcrc</strong></span> <span class='ocrx_word' id='word_1_744' title='bbox 679 5280 1006 5354; x_wconf 72' lang='lat' dir='ltr'><strong>[sulijngare]</strong></span> <span class='ocrx_word' id='word_1_745' title='bbox 1036 5298 1224 5336; x_wconf 86' lang='lat' dir='ltr'><strong>vanum</strong></span> <span class='ocrx_word' id='word_1_746' title='bbox 1257 5267 1361 5336; x_wconf 31' lang='lat' dir='ltr'><strong>aut“</strong></span> <span class='ocrx_word' id='word_1_747' title='bbox 1383 5284 1578 5337; x_wconf 87' lang='lat' dir='ltr'><strong>malum</strong></span> <span class='ocrx_word' id='word_1_748' title='bbox 1613 5301 1706 5353; x_wconf 91' lang='lat' dir='ltr'><strong>pu-</strong></span> 
     </span>
    </p>
   </div>
   <div class='ocr_carea' id='block_1_92' title="bbox 135 5373 1704 5439">
    <p class='ocr_par' dir='ltr' id='par_1_92' title="bbox 135 5373 1704 5439">
     <span class='ocr_line' id='line_1_92' title="bbox 135 5373 1704 5439; baseline 0.002 -11"><span class='ocrx_word' id='word_1_749' title='bbox 135 5385 262 5438; x_wconf 85' lang='lat' dir='ltr'><strong>tant,</strong></span> <span class='ocrx_word' id='word_1_750' title='bbox 293 5375 398 5428; x_wconf 89' lang='lat' dir='ltr'><strong>alia</strong></span> <span class='ocrx_word' id='word_1_751' title='bbox 439 5373 644 5428; x_wconf 90' lang='lat' dir='ltr'><strong>ratione</strong></span> <span class='ocrx_word' id='word_1_752' title='bbox 683 5373 957 5428; x_wconf 80' lang='lat' dir='ltr'><strong>refellendi</strong></span> <span class='ocrx_word' id='word_1_753' title='bbox 1006 5383 1156 5439; x_wconf 90' lang='lat' dir='ltr'><strong>sunt,</strong></span> <span class='ocrx_word' id='word_1_754' title='bbox 1189 5375 1232 5428; x_wconf 90' lang='lat' dir='ltr'><strong>si</strong></span> <span class='ocrx_word' id='word_1_755' title='bbox 1265 5387 1438 5428; x_wconf 87' lang='lat' dir='ltr'><strong>tamen</strong></span> <span class='ocrx_word' id='word_1_756' title='bbox 1470 5392 1587 5429; x_wconf 90' lang='lat' dir='ltr'><strong>cmn</strong></span> <span class='ocrx_word' id='word_1_757' title='bbox 1624 5378 1704 5431; x_wconf 87' lang='lat' dir='ltr'><strong>his</strong></span> 
     </span>
    </p>
   </div>
   <div class='ocr_carea' id='block_1_93' title="bbox 133 5465 1706 5535">
    <p class='ocr_par' dir='ltr' id='par_1_93' title="bbox 133 5465 1706 5535">
     <span class='ocr_line' id='line_1_93' title="bbox 133 5465 1706 5535; baseline 0.002 -17"><span class='ocrx_word' id='word_1_758' title='bbox 133 5470 346 5534; x_wconf 75' lang='lat' dir='ltr'><strong>(liglllllll</strong></span> <span class='ocrx_word' id='word_1_759' title='bbox 378 5473 457 5517; x_wconf 86' lang='lat' dir='ltr'><strong>cst</strong></span> <span class='ocrx_word' id='word_1_760' title='bbox 479 5466 771 5532; x_wconf 78' lang='lat' dir='ltr'><strong>disputare.</strong></span> <span class='ocrx_word' id='word_1_761' title='bbox 811 5465 908 5529; x_wconf 79' lang='lat' dir='ltr'><strong>Qui</strong></span> <span class='ocrx_word' id='word_1_762' title='bbox 938 5475 1112 5519; x_wconf 88' lang='lat' dir='ltr'><strong>autem</strong></span> <span class='ocrx_word' id='word_1_763' title='bbox 1147 5466 1338 5518; x_wconf 86' lang='lat' dir='ltr'><strong>bonum</strong></span> <span class='ocrx_word' id='word_1_764' title='bbox 1371 5479 1420 5519; x_wconf 89' lang='lat' dir='ltr'><strong>et</strong></span> <span class='ocrx_word' id='word_1_765' title='bbox 1453 5479 1706 5535; x_wconf 69' lang='lat' dir='ltr'><strong>appeten-</strong></span> 
     </span>
    </p>
   </div>
   <div class='ocr_carea' id='block_1_94' title="bbox 133 5557 1701 5630">
    <p class='ocr_par' dir='ltr' id='par_1_94' title="bbox 133 5557 1701 5630">
     <span class='ocr_line' id='line_1_94' title="bbox 133 5557 1701 5630; baseline 0.004 -22"><span class='ocrx_word' id='word_1_766' title='bbox 133 5561 250 5612; x_wconf 85' lang='lat' dir='ltr'><strong>dum</strong></span> <span class='ocrx_word' id='word_1_767' title='bbox 283 5557 535 5617; x_wconf 86' lang='lat' dir='ltr'><strong>fatentur.</strong></span> <span class='ocrx_word' id='word_1_768' title='bbox 562 5570 885 5627; x_wconf 79' lang='lat' dir='ltr'><strong>cognoscant</strong></span> <span class='ocrx_word' id='word_1_769' title='bbox 921 5559 1101 5624; x_wconf 88' lang='lat' dir='ltr'><strong>Deum,</strong></span> <span class='ocrx_word' id='word_1_770' title='bbox 1134 5569 1186 5612; x_wconf 86' lang='lat' dir='ltr'><strong>et</strong></span> <span class='ocrx_word' id='word_1_771' title='bbox 1215 5560 1405 5614; x_wconf 87' lang='lat' dir='ltr'><strong>cedant</strong></span> <span class='ocrx_word' id='word_1_772' title='bbox 1439 5559 1701 5630; x_wconf 74' lang='lat' dir='ltr'><strong>[credant]</strong></span> 
     </span>
    </p>
   </div>
   <div class='ocr_carea' id='block_1_95' title="bbox 137 5649 1698 5720">
    <p class='ocr_par' dir='ltr' id='par_1_95' title="bbox 137 5649 1698 5720">
     <span class='ocr_line' id='line_1_95' title="bbox 137 5649 1698 5720; baseline 0.004 -19"><span class='ocrx_word' id='word_1_773' title='bbox 137 5651 254 5714; x_wconf 83' lang='lat' dir='ltr'><strong>ilco,</strong></span> <span class='ocrx_word' id='word_1_774' title='bbox 281 5668 370 5718; x_wconf 81' lang='lat' dir='ltr'><strong>per</strong></span> <span class='ocrx_word' id='word_1_775' title='bbox 395 5667 552 5720; x_wconf 84' lang='lat' dir='ltr'><strong>quem</strong></span> <span class='ocrx_word' id='word_1_776' title='bbox 587 5650 798 5717; x_wconf 74' lang='lat' dir='ltr'><strong>populis</strong></span> <span class='ocrx_word' id='word_1_777' title='bbox 833 5650 940 5719; x_wconf 77' lang='lat' dir='ltr'><strong>jatn</strong></span> <span class='ocrx_word' id='word_1_778' title='bbox 984 5652 1232 5704; x_wconf 77' lang='lat' dir='ltr'><strong>omnzltus</strong></span> <span class='ocrx_word' id='word_1_779' title='bbox 1278 5649 1393 5703; x_wconf 77' lang='lat' dir='ltr'><strong>iia-c</strong></span> <span class='ocrx_word' id='word_1_780' title='bbox 1437 5655 1698 5707; x_wconf 81' lang='lat' dir='ltr'><strong>tredentla</strong></span> 
     </span>
    </p>
   </div>
   <div class='ocr_carea' id='block_1_96' title="bbox 135 5740 1696 5813">
    <p class='ocr_par' dir='ltr' id='par_1_96' title="bbox 135 5740 1696 5813">
     <span class='ocr_line' id='line_1_96' title="bbox 135 5740 1696 5813; baseline 0.001 -14"><span class='ocrx_word' id='word_1_781' title='bbox 135 5757 368 5810; x_wconf 64' lang='lat' dir='ltr'><strong>persuasa</strong></span> <span class='ocrx_word' id='word_1_782' title='bbox 395 5751 541 5800; x_wconf 73' lang='lat' dir='ltr'><strong>sunt.</strong></span> <span class='ocrx_word' id='word_1_783' title='bbox 573 5740 724 5810; x_wconf 73' lang='lat' dir='ltr'><strong>Quod</strong></span> <span class='ocrx_word' id='word_1_784' title='bbox 759 5751 936 5812; x_wconf 83' lang='lat' dir='ltr'><strong>utque</strong></span> <span class='ocrx_word' id='word_1_785' title='bbox 967 5741 1031 5798; x_wconf 78' lang='lat' dir='ltr'><strong>ab</strong></span> <span class='ocrx_word' id='word_1_786' title='bbox 1058 5743 1184 5813; x_wconf 75' lang='lat' dir='ltr'><strong>ipsis</strong></span> <span class='ocrx_word' id='word_1_787' title='bbox 1214 5745 1383 5811; x_wconf 73' lang='lat' dir='ltr'><strong>licret,</strong></span> <span class='ocrx_word' id='word_1_788' title='bbox 1419 5743 1461 5799; x_wconf 78' lang='lat' dir='ltr'><strong>si</strong></span> <span class='ocrx_word' id='word_1_789' title='bbox 1496 5754 1696 5800; x_wconf 85' lang='lat' dir='ltr'><strong>tantum</strong></span> 
     </span>
    </p>
   </div>
   <div class='ocr_carea' id='block_1_97' title="bbox 1823 4549 3394 4617">
    <p class='ocr_par' dir='ltr' id='par_1_97' title="bbox 1823 4549 3394 4617">
     <span class='ocr_line' id='line_1_97' title="bbox 1823 4549 3394 4617; baseline -0.005 -12"><span class='ocrx_word' id='word_1_790' title='bbox 1823 4566 1964 4605; x_wconf 84' lang='lat' dir='ltr'><strong>cant.</strong></span> <span class='ocrx_word' id='word_1_791' title='bbox 2000 4552 2151 4617; x_wconf 81' lang='lat' dir='ltr'><strong>Quod</strong></span> <span class='ocrx_word' id='word_1_792' title='bbox 2194 4553 2245 4605; x_wconf 90' lang='lat' dir='ltr'><strong>in</strong></span> <span class='ocrx_word' id='word_1_793' title='bbox 2278 4551 2382 4604; x_wconf 84' lang='lat' dir='ltr'><strong>illis</strong></span> <span class='ocrx_word' id='word_1_794' title='bbox 2412 4552 2587 4603; x_wconf 86' lang='lat' dir='ltr'><strong>minus</strong></span> <span class='ocrx_word' id='word_1_795' title='bbox 2619 4549 2918 4601; x_wconf 83' lang='lat' dir='ltr'><strong>mirandtun</strong></span> <span class='ocrx_word' id='word_1_796' title='bbox 2949 4561 3052 4610; x_wconf 71' lang='grc' dir='ltr'><strong>ρει,</strong></span> <span class='ocrx_word' id='word_1_797' title='bbox 3096 4549 3182 4616; x_wconf 90' lang='lat' dir='ltr'><strong>qui</strong></span> <span class='ocrx_word' id='word_1_798' title='bbox 3212 4563 3394 4599; x_wconf 83' lang='lat' dir='ltr'><strong>eorum</strong></span> 
     </span>
    </p>
   </div>
   <div class='ocr_carea' id='block_1_98' title="bbox 1822 4640 3392 4712">
    <p class='ocr_par' dir='ltr' id='par_1_98' title="bbox 1822 4640 3392 4712">
     <span class='ocr_line' id='line_1_98' title="bbox 1822 4640 3392 4712; baseline -0.001 -20"><span class='ocrx_word' id='word_1_799' title='bbox 1822 4659 2030 4712; x_wconf 88' lang='lat' dir='ltr'><strong>quoque</strong></span> <span class='ocrx_word' id='word_1_800' title='bbox 2054 4653 2510 4696; x_wconf 81' lang='lat' dir='ltr'><strong>sacramentorum</strong></span> <span class='ocrx_word' id='word_1_801' title='bbox 2543 4645 2646 4694; x_wconf 87' lang='lat' dir='ltr'><strong>ritu</strong></span> <span class='ocrx_word' id='word_1_802' title='bbox 2672 4641 2914 4706; x_wconf 64' lang='lat' dir='ltr'><strong>dispares</strong></span> <span class='ocrx_word' id='word_1_803' title='bbox 2944 4654 3062 4692; x_wconf 85' lang='lat' dir='ltr'><strong>csse</strong></span> <span class='ocrx_word' id='word_1_804' title='bbox 3093 4640 3392 4691; x_wconf 79' lang='lat' dir='ltr'><strong>voluerunt:</strong></span> 
     </span>
    </p>
   </div>
   <div class='ocr_carea' id='block_1_99' title="bbox 1822 4731 3392 4802">
    <p class='ocr_par' dir='ltr' id='par_1_99' title="bbox 1822 4731 3392 4802">
     <span class='ocr_line' id='line_1_99' title="bbox 1822 4731 3392 4802; baseline -0.001 -16"><span class='ocrx_word' id='word_1_805' title='bbox 1822 4735 1960 4786; x_wconf 88' lang='lat' dir='ltr'><strong>sicut</strong></span> <span class='ocrx_word' id='word_1_806' title='bbox 1987 4735 2165 4787; x_wconf 89' lang='lat' dir='ltr'><strong>nescio</strong></span> <span class='ocrx_word' id='word_1_807' title='bbox 2197 4733 2283 4802; x_wconf 91' lang='lat' dir='ltr'><strong>qui</strong></span> <span class='ocrx_word' id='word_1_808' title='bbox 2317 4732 2618 4801; x_wconf 81' lang='lat' dir='ltr'><strong>Serpentini</strong></span> <span class='ocrx_word' id='word_1_809' title='bbox 2659 4733 3021 4800; x_wconf 78' lang='lat' dir='ltr'><strong>appellantur,</strong></span> <span class='ocrx_word' id='word_1_810' title='bbox 3053 4731 3186 4783; x_wconf 90' lang='lat' dir='ltr'><strong>sicut</strong></span> <span class='ocrx_word' id='word_1_811' title='bbox 3232 4731 3392 4784; x_wconf 82' lang='lat' dir='ltr'><strong>Mani-</strong></span> 
     </span>
    </p>
   </div>
   <div class='ocr_carea' id='block_1_100' title="bbox 1819 4822 3392 4892">
    <p class='ocr_par' dir='ltr' id='par_1_100' title="bbox 1819 4822 3392 4892">
     <span class='ocr_line' id='line_1_100' title="bbox 1819 4822 3392 4892; baseline 0 -18"><span class='ocrx_word' id='word_1_812' title='bbox 1819 4825 2117 4888; x_wconf 72' lang='lat' dir='ltr'><strong>cha:i,sicut</strong></span> <span class='ocrx_word' id='word_1_813' title='bbox 2142 4825 2228 4878; x_wconf 88' lang='lat' dir='ltr'><strong>alii</strong></span> <span class='ocrx_word' id='word_1_814' title='bbox 2261 4824 2630 4888; x_wconf 84' lang='lat' dir='ltr'><strong>nonnulli;scd</strong></span> <span class='ocrx_word' id='word_1_815' title='bbox 2657 4823 2708 4880; x_wconf 88' lang='lat' dir='ltr'><strong>itt</strong></span> <span class='ocrx_word' id='word_1_816' title='bbox 2740 4825 2846 4878; x_wconf 89' lang='lat' dir='ltr'><strong>illis</strong></span> <span class='ocrx_word' id='word_1_817' title='bbox 2869 4823 3034 4892; x_wconf 77' lang='lat' dir='ltr'><strong>magis</strong></span> <span class='ocrx_word' id='word_1_818' title='bbox 3062 4822 3392 4877; x_wconf 78' lang='lat' dir='ltr'><strong>animadver-</strong></span> 
     </span>
    </p>
   </div>
   <div class='ocr_carea' id='block_1_101' title="bbox 1821 4915 3389 4985">
    <p class='ocr_par' dir='ltr' id='par_1_101' title="bbox 1821 4915 3389 4985">
     <span class='ocr_line' id='line_1_101' title="bbox 1821 4915 3389 4985; baseline -0.003 -15"><span class='ocrx_word' id='word_1_819' title='bbox 1821 4918 2035 4970; x_wconf 88' lang='lat' dir='ltr'><strong>tendum</strong></span> <span class='ocrx_word' id='word_1_820' title='bbox 2071 4917 2170 4970; x_wconf 91' lang='lat' dir='ltr'><strong>hoc</strong></span> <span class='ocrx_word' id='word_1_821' title='bbox 2201 4918 2470 4985; x_wconf 88' lang='lat' dir='ltr'><strong>magisque</strong></span> <span class='ocrx_word' id='word_1_822' title='bbox 2512 4915 2923 4984; x_wconf 67' lang='lat' dir='ltr'><strong>prtedicandtnn.</strong></span> <span class='ocrx_word' id='word_1_823' title='bbox 2979 4915 3066 4983; x_wconf 88' lang='lat' dir='ltr'><strong>qui</strong></span> <span class='ocrx_word' id='word_1_824' title='bbox 3107 4915 3246 4982; x_wconf 84' lang='lat' dir='ltr'><strong>paria</strong></span> <span class='ocrx_word' id='word_1_825' title='bbox 3302 4929 3389 4966; x_wconf 77' lang='lat' dir='ltr'><strong>aa-</strong></span> 
     </span>
    </p>
   </div>
   <div class='ocr_carea' id='block_1_102' title="bbox 1815 5006 3391 5076">
    <p class='ocr_par' dir='ltr' id='par_1_102' title="bbox 1815 5006 3391 5076">
     <span class='ocr_line' id='line_1_102' title="bbox 1815 5006 3391 5076; baseline -0.002 -14"><span class='ocrx_word' id='word_1_826' title='bbox 1815 5021 2084 5063; x_wconf 83' lang='lat' dir='ltr'><strong>cramenta</strong></span> <span class='ocrx_word' id='word_1_827' title='bbox 2126 5009 2460 5062; x_wconf 73' lang='lat' dir='ltr'><strong>celebrantes</strong></span> <span class='ocrx_word' id='word_1_828' title='bbox 2479 5049 2491 5070; x_wconf 94' lang='lat'><strong>,</strong></span> <span class='ocrx_word' id='word_1_829' title='bbox 2523 5019 2698 5062; x_wconf 85' lang='lat' dir='ltr'><strong>tamen</strong></span> <span class='ocrx_word' id='word_1_830' title='bbox 2725 5010 2846 5076; x_wconf 85' lang='lat' dir='ltr'><strong>quia</strong></span> <span class='ocrx_word' id='word_1_831' title='bbox 2873 5009 3134 5062; x_wconf 87' lang='lat' dir='ltr'><strong>sententia</strong></span> <span class='ocrx_word' id='word_1_832' title='bbox 3155 5006 3391 5076; x_wconf 62' lang='lat' dir='ltr'><strong>dispare.</strong></span> 
     </span>
    </p>
   </div>
   <div class='ocr_carea' id='block_1_103' title="bbox 1814 5093 3388 5166">
    <p class='ocr_par' dir='ltr' id='par_1_103' title="bbox 1814 5093 3388 5166">
     <span class='ocr_line' id='line_1_103' title="bbox 1814 5093 3388 5166; baseline -0.003 -10"><span class='ocrx_word' id='word_1_833' title='bbox 1814 5112 1970 5165; x_wconf 86' lang='lat' dir='ltr'><strong>sunt,</strong></span> <span class='ocrx_word' id='word_1_834' title='bbox 2018 5110 2072 5154; x_wconf 86' lang='lat' dir='ltr'><strong>et</strong></span> <span class='ocrx_word' id='word_1_835' title='bbox 2117 5117 2328 5155; x_wconf 85' lang='lat' dir='ltr'><strong>errores</strong></span> <span class='ocrx_word' id='word_1_836' title='bbox 2377 5115 2500 5155; x_wconf 84' lang='lat' dir='ltr'><strong>sitos</strong></span> <span class='ocrx_word' id='word_1_837' title='bbox 2549 5093 2841 5154; x_wconf 69' lang='lat' dir='ltr'><strong>auiuibsius</strong></span> <span class='ocrx_word' id='word_1_838' title='bbox 2887 5100 3181 5155; x_wconf 83' lang='lat' dir='ltr'><strong>defendere</strong></span> <span class='ocrx_word' id='word_1_839' title='bbox 3230 5115 3388 5166; x_wconf 86' lang='lat' dir='ltr'><strong>quam</strong></span> 
     </span>
    </p>
   </div>
   <div class='ocr_carea' id='block_1_104' title="bbox 1812 5193 3387 5261">
    <p class='ocr_par' dir='ltr' id='par_1_104' title="bbox 1812 5193 3387 5261">
     <span class='ocr_line' id='line_1_104' title="bbox 1812 5193 3387 5261; baseline 0.001 -16"><span class='ocrx_word' id='word_1_840' title='bbox 1812 5194 2019 5246; x_wconf 90' lang='lat' dir='ltr'><strong>cautius</strong></span> <span class='ocrx_word' id='word_1_841' title='bbox 2072 5193 2337 5261; x_wconf 81' lang='lat' dir='ltr'><strong>corrigere</strong></span> <span class='ocrx_word' id='word_1_842' title='bbox 2400 5193 2749 5257; x_wconf 87' lang='lat' dir='ltr'><strong>maluerunt,</strong></span> <span class='ocrx_word' id='word_1_843' title='bbox 2813 5193 3013 5246; x_wconf 71' lang='lat' dir='ltr'><strong>ext-lusi</strong></span> <span class='ocrx_word' id='word_1_844' title='bbox 3055 5208 3081 5245; x_wconf 87' lang='lat' dir='ltr'><strong>a</strong></span> <span class='ocrx_word' id='word_1_845' title='bbox 3129 5194 3387 5246; x_wconf 84' lang='lat' dir='ltr'><strong>catholica</strong></span> 
     </span>
    </p>
   </div>
   <div class='ocr_carea' id='block_1_105' title="bbox 1812 5289 3386 5357">
    <p class='ocr_par' dir='ltr' id='par_1_105' title="bbox 1812 5289 3386 5357">
     <span class='ocr_line' id='line_1_105' title="bbox 1812 5289 3386 5357; baseline -0.001 -15"><span class='ocrx_word' id='word_1_846' title='bbox 1812 5290 2184 5342; x_wconf 88' lang='lat' dir='ltr'><strong>communione</strong></span> <span class='ocrx_word' id='word_1_847' title='bbox 2235 5298 2289 5343; x_wconf 91' lang='lat' dir='ltr'><strong>et</strong></span> <span class='ocrx_word' id='word_1_848' title='bbox 2329 5302 2355 5339; x_wconf 73' lang='grc' dir='ltr'><strong>τι</strong></span> <span class='ocrx_word' id='word_1_849' title='bbox 2404 5289 2840 5357; x_wconf 72' lang='lat' dir='ltr'><strong>participatione,</strong></span> <span class='ocrx_word' id='word_1_850' title='bbox 2890 5290 3134 5356; x_wconf 87' lang='lat' dir='ltr'><strong>quamvis</strong></span> <span class='ocrx_word' id='word_1_851' title='bbox 3184 5291 3386 5356; x_wconf 85' lang='lat' dir='ltr'><strong>pariqu</strong></span> 
     </span>
    </p>
   </div>
   <div class='ocr_carea' id='block_1_106' title="bbox 1817 5380 3382 5448">
    <p class='ocr_par' dir='ltr' id='par_1_106' title="bbox 1817 5380 3382 5448">
     <span class='ocr_line' id='line_1_106' title="bbox 1817 5380 3382 5448; baseline -0.002 -15"><span class='ocrx_word' id='word_1_852' title='bbox 1817 5391 2270 5434; x_wconf 82' lang='lat' dir='ltr'><strong>sacramentorum</strong></span> <span class='ocrx_word' id='word_1_853' title='bbox 2324 5382 2534 5448; x_wconf 79' lang='lat' dir='ltr'><strong>propria</strong></span> <span class='ocrx_word' id='word_1_854' title='bbox 2583 5380 2832 5432; x_wconf 78' lang='lat' dir='ltr'><strong>vocabula</strong></span> <span class='ocrx_word' id='word_1_855' title='bbox 2885 5381 3230 5447; x_wconf 84' lang='lat' dir='ltr'><strong>propriosque</strong></span> <span class='ocrx_word' id='word_1_856' title='bbox 3261 5393 3382 5431; x_wconf 85' lang='lat' dir='ltr'><strong>con-</strong></span> 
     </span>
    </p>
   </div>
   <div class='ocr_carea' id='block_1_107' title="bbox 1815 5468 3380 5547">
    <p class='ocr_par' dir='ltr' id='par_1_107' title="bbox 1815 5468 3380 5547">
     <span class='ocr_line' id='line_1_107' title="bbox 1815 5468 3380 5547; baseline -0.002 -24"><span class='ocrx_word' id='word_1_857' title='bbox 1815 5483 2002 5547; x_wconf 63' lang='lat' dir='ltr'><strong>ventus</strong></span> <span class='ocrx_word' id='word_1_858' title='bbox 2033 5488 2135 5523; x_wconf 89' lang='lat' dir='ltr'><strong>non</strong></span> <span class='ocrx_word' id='word_1_859' title='bbox 2170 5474 2219 5522; x_wconf 94' lang='lat' dir='ltr'><strong>in</strong></span> <span class='ocrx_word' id='word_1_860' title='bbox 2245 5485 2491 5523; x_wconf 82' lang='lat' dir='ltr'><strong>sermone</strong></span> <span class='ocrx_word' id='word_1_861' title='bbox 2523 5479 2723 5522; x_wconf 85' lang='lat' dir='ltr'><strong>tantum</strong></span> <span class='ocrx_word' id='word_1_862' title='bbox 2748 5509 2759 5530; x_wconf 88' lang='lat'><strong>,</strong></span> <span class='ocrx_word' id='word_1_863' title='bbox 2791 5468 2882 5520; x_wconf 74' lang='lat' dir='ltr'><strong>St&#39;ti</strong></span> <span class='ocrx_word' id='word_1_864' title='bbox 2925 5468 3080 5521; x_wconf 86' lang='lat' dir='ltr'><strong>etiam</strong></span> <span class='ocrx_word' id='word_1_865' title='bbox 3115 5473 3165 5520; x_wconf 89' lang='lat' dir='ltr'><strong>in</strong></span> <span class='ocrx_word' id='word_1_866' title='bbox 3197 5484 3380 5535; x_wconf 80' lang='lat' dir='ltr'><strong>super-</strong></span> 
     </span>
    </p>
   </div>
   <div class='ocr_carea' id='block_1_108' title="bbox 1814 5558 3384 5623">
    <p class='ocr_par' dir='ltr' id='par_1_108' title="bbox 1814 5558 3384 5623">
     <span class='ocr_line' id='line_1_108' title="bbox 1814 5558 3384 5623; baseline -0.004 -10"><span class='ocrx_word' id='word_1_867' title='bbox 1814 5561 2026 5613; x_wconf 83' lang='lat' dir='ltr'><strong>stitione</strong></span> <span class='ocrx_word' id='word_1_868' title='bbox 2060 5571 2389 5622; x_wconf 82' lang='lat' dir='ltr'><strong>lliCt&#39;tlt&#39;t‘tlltl,</strong></span> <span class='ocrx_word' id='word_1_869' title='bbox 2412 5573 2463 5611; x_wconf 91' lang='lat' dir='ltr'><strong>ut</strong></span> <span class='ocrx_word' id='word_1_870' title='bbox 2487 5559 2806 5620; x_wconf 83' lang='lat' dir='ltr'><strong>Photiniani,</strong></span> <span class='ocrx_word' id='word_1_871' title='bbox 2831 5569 2876 5610; x_wconf 77' lang='lat' dir='ltr'><strong>el</strong></span> <span class='ocrx_word' id='word_1_872' title='bbox 2909 5558 3384 5623; x_wconf 69' lang='lat' dir='ltr'><strong>Ariani,tnuitiqtm</strong></span> 
     </span>
    </p>
   </div>
   <div class='ocr_carea' id='block_1_109' title="bbox 1814 5651 3382 5721">
    <p class='ocr_par' dir='ltr' id='par_1_109' title="bbox 1814 5651 3382 5721">
     <span class='ocr_line' id='line_1_109' title="bbox 1814 5651 3382 5721; baseline -0.003 -16"><span class='ocrx_word' id='word_1_873' title='bbox 1814 5665 2068 5721; x_wconf 59' lang='lat' dir='ltr'><strong>praetcrea</strong></span> <span class='ocrx_word' id='word_1_874' title='bbox 2097 5672 2108 5702; x_wconf 87' lang='lat'><strong><em>:</em></strong></span> <span class='ocrx_word' id='word_1_875' title='bbox 2136 5670 2254 5704; x_wconf 81' lang='lat' dir='ltr'><strong>nam</strong></span> <span class='ocrx_word' id='word_1_876' title='bbox 2301 5657 2364 5705; x_wconf 81' lang='lat' dir='ltr'><strong>de</strong></span> <span class='ocrx_word' id='word_1_877' title='bbox 2409 5654 2488 5704; x_wconf 80' lang='lat' dir='ltr'><strong>his</strong></span> <span class='ocrx_word' id='word_1_878' title='bbox 2532 5651 2618 5718; x_wconf 88' lang='lat' dir='ltr'><strong>qtti</strong></span> <span class='ocrx_word' id='word_1_879' title='bbox 2669 5652 2951 5703; x_wconf 69' lang='lat' dir='ltr'><strong>schismata</strong></span> <span class='ocrx_word' id='word_1_880' title='bbox 3003 5651 3238 5701; x_wconf 63' lang='lat' dir='ltr'><strong>fecerunt</strong></span> <span class='ocrx_word' id='word_1_881' title='bbox 3285 5653 3382 5702; x_wconf 79' lang='lat' dir='ltr'><strong>alia</strong></span> 
     </span>
    </p>
   </div>
   <div class='ocr_carea' id='block_1_110' title="bbox 1814 5738 3383 5817">
    <p class='ocr_par' dir='ltr' id='par_1_110' title="bbox 1814 5738 3383 5817">
     <span class='ocr_line' id='line_1_110' title="bbox 1814 5738 3383 5817; baseline -0.004 -16"><span class='ocrx_word' id='word_1_882' title='bbox 1814 5747 2181 5817; x_wconf 59' lang='lat' dir='ltr'><strong>qltESIiOCSl:</strong></span> <span class='ocrx_word' id='word_1_883' title='bbox 2215 5756 2399 5815; x_wconf 74' lang='lat' dir='ltr'><strong>posset</strong></span> <span class='ocrx_word' id='word_1_884' title='bbox 2424 5761 2562 5800; x_wconf 74' lang='lat' dir='ltr'><strong>enim</strong></span> <span class='ocrx_word' id='word_1_885' title='bbox 2612 5757 2703 5800; x_wconf 86' lang='lat' dir='ltr'><strong>eos</strong></span> <span class='ocrx_word' id='word_1_886' title='bbox 2742 5757 2868 5796; x_wconf 76' lang='lat' dir='ltr'><strong>arca</strong></span> <span class='ocrx_word' id='word_1_887' title='bbox 2893 5738 3188 5811; x_wconf 82' lang='lat' dir='ltr'><strong>domtnica,</strong></span> <span class='ocrx_word' id='word_1_888' title='bbox 3219 5760 3383 5812; x_wconf 78' lang='lat' dir='ltr'><strong>usque.</strong></span> 
     </span>
    </p>
   </div>
  </div>
