3812 6224
490 223 595 281 599

1557 233 1617 283 D.
1664 228 1975 287 ιῑυωιίεριι
2017 231 2305 290 ᾹΒΒΑΤΙΞ
2344 234 2661 333 ΑΡΨΕΛΝΙ
3643 243 3723 299 (τοῦ

489 340 553 390 ad
577 348 788 408 tempus
815 341 1010 393 ubitam
1036 341 1393 395 ventilatiOnis
1420 344 1563 396 velut
1589 344 1767 413 paleas
1790 346 2073 410 sustinere,
2107 350 2154 405 Α
2183 344 2325 400 enim
2360 338 2499 402 Deus
2545 350 2868 417 apparebat,
2898 353 3141 408 mtatibus
3172 353 3354 409 homo.
3399 356 3528 411 item
3558 370 3722 426 aquam

490 432 590 485 nisi
614 445 769 486 vento
808 436 904 503 l7
935 436 1216 501 Superbia),
1251 435 1411 489 nimia
1442 436 1659 491 levitate
1683 440 1993 505 cessissent,
2024 451 2076 494 et

488 541 606 578 sese
635 543 661 576 τι
696 529 847 579 ιιι-ἕης
875 529 1011 578 nitro
1046 538 1406 594 separassent.
1454 529 1622 583 Juilai
1653 548 1799 592 vero.
1835 535 2075 602 quamvis

492 632 579 667 nm
610 619 958 681 omnipotenti
995 617 1103 671 Deo
1148 620 1478 687 supplicent,
1510 625 1620 676 sola
1655 625 1829 676 [amen
1865 638 2072 693 tempo-

490 709 614 760 ralia
664 720 715 760 r'l.
766 710 993 762 visibilia
1045 712 1180 764 bona
1233 716 1299 767 tle
1347 714 1438 767 illo
1485 728 1891 783 exspectantes,
1928 719 2072 771 rudi-

489 812 660 850 menta
698 802 814 851 noti
846 804 1024 869 populi
1072 806 1139 857 ab
1191 807 1487 860 humilitate
1536 810 1803 876 surgentia
1860 812 1909 862 iit
1942 810 2072 876 ipsis

486 892 595 940 suis
618 891 846 958 St‘t'tptm
865 894 907 944 is
936 895 1095 946 nitnia
1126 899 1414 949 securitate
1448 898 1735 950 noluerunt
1764 889 2067 965 advertere,

484 986 641 1045 atque
675 983 741 1033 ita
774 1001 821 1034 ιιι
858 997 1035 1037 vetere
1068 987 1283 1039 homine
1332 1000 1728 1041 remanserunt.
1777 989 1904 1056 Qum
1946 1006 2067 1042 cum

485 1082 556 1123 tta
601 1078 728 1139 sint,
765 1094 934 1145 neque
968 1081 1015 1131 itt
1047 1080 1359 1133 confusione
1402 1093 1762 1147 paganorum,
1806 1098 1981 1150 neque
2016 1085 2067 1137 in

488 1172 852 1234 purgannmtis
884 1172 1279 1229 iterliCurllttt,
1321 1185 1491 1237 neque
1521 1171 1572 1222 in
1606 1171 1859 1239 languore
1897 1172 2070 1225 schis-

484 1261 800 1315 tuatimrum
825 1301 837 1321 ,
872 1277 1042 1327 neque
1074 1261 1123 1311 ιιι
1155 1259 1395 1313 cmcitate
1430 1258 1736 1313 Iudaeorum
1779 1264 2065 1329 quaerenda

486 1355 672 1422 religio
696 1362 792 1416 est,
820 1352 910 1405 sed
954 1353 1091 1420 apud
1122 1367 1216 1404 eos
1248 1352 1396 1406 solos
1432 1353 1518 1420 qui
1561 1351 1849 1408 Christiani
1878 1354 2067 1408 catho-

486 1449 594 1508 liei,
624 1449 703 1497 vel
752 1446 1034 1498 orthodoxi
1078 1446 1441 1510 notttinantur,
1495 1445 1546 1498 id
1599 1455 1715 1509 est,
1748 1445 2067 1507 integritatis

482 1540 730 1591 mtstodes
761 1549 813 1589 et
857 1546 1002 1591 recta
1032 1546 1320 1591 sectantes.
1355 1537 1478 1590 llaec
1516 1537 1660 1590 enim
1703 1537 1938 1591 Ecclesia
1970 1553 2063 1590 ca-

486 1628 700 1686 tholica.
758 1644 849 1694 per
892 1638 1061 1682 totunt
1113 1630 1298 1682 orbem
1348 1628 1521 1683 valide
1568 1631 1778 1697 lateque
1836 1628 2061 1694 dilfusa,

2180 436 2231 488 in
2258 436 2436 489 vinum
2482 452 2840 509 conversurus
2867 449 2925 493 ut
2956 442 3117 507 Dens,
3145 445 3273 498 dicit
3299 463 3312 497 :
3345 446 3555 500 Recede
3582 460 3613 498 a
3639 463 3721 509 me,

2180 528 2409 586 mulier:
2461 528 2591 582 mihi
2640 540 2695 584 et
2736 531 2827 585 tibi
2873 533 2995 601 quid
3037 544 3152 588 est?
3183 537 3416 590 nondum
3448 538 3595 591 venit
3620 538 3722 589 liora

2182 633 2319 670 mea.
2353 619 2485 672 Cum
2521 631 2698 674 autem
2744 624 2975 676 venisset
3009 624 3140 678 hora
3163 643 3264 694 qua
3297 638 3356 681 ut
3385 628 3545 681 homo
3576 643 3721 680 more-

2178 719 2347 792 ret_ur,
2394 710 2463 765 de
2496 728 2657 766 cruce
2697 714 2967 781 cognitam
2999 727 3223 771 matrem
3255 720 3719 774 contmeudavitdio

2177 799 2384 867 scipnlo
2424 819 2582 866 quem
2629 819 2738 872 pra:
2769 806 2978 859 caeteris
3016 807 3291 872 diligebat.
3349 809 3615 864 Satellites
3646 824 3718 863 vo-

2175 890 2436 958 luptatutn
2464 893 2676 947 divitias
2705 895 3003 963 perniciose
3041 899 3215 965 populi
3246 900 3591 967 appetebant,
3610 915 3715 967 pau-

2174 996 2270 1050 per
2293 997 2412 1037 esse
2435 985 2627 1050 voluit;
2660 987 2950 1042 honoribus
2973 999 3027 1044 et
3054 989 3293 1059 imperiis
3317 992 3620 1055 inhiabant,
3644 1008 3715 1047 rex

2176 1074 2289 1125 fieri
2324 1075 2526 1139 noluit;
2555 1079 2797 1131 carnales
2826 1079 2962 1133 lilios
2978 1096 3225 1149 magnum
3248 1082 3443 1136 bonum
3465 1083 3716 1151 putabant,

2176 1162 2283 1216 tale
2309 1165 2612 1234 coniugium
2655 1168 2965 1237 prolemque
3004 1174 3361 1238 contempsit;
3393 1174 3717 1227 contumelias

2176 1254 2567 1325 superbissime
2599 1260 2909 1327 horrebant,
2932 1276 3091 1315 omne
3111 1278 3278 1332 genus
3302 1266 3713 1320 contumeliarum

2170 1347 2459 1413 sustinuit;
2491 1340 2716 1418 injurias
2767 1351 3133 1409 intolerabiles
3178 1369 3297 1409 esse
3325 1357 3711 1416 arbitrabantur.

2169 1453 2291 1505 qua:
2348 1438 2521 1507 major
2579 1440 2772 1509 injuria
2828 1457 2986 1511 quam
3038 1442 3240 1513 justum
3297 1448 3713 1515 innocentemque

2170 1527 2413 1583 danmari
2428 1530 2451 1583 ?
2467 1530 2691 1586 Dolores
2713 1518 2955 1601 corporis
2982 1536 3422 1603 exsecrabantur,
3448 1518 3712 1606 flagellato:

2169 1631 2328 1690 atque
2343 1623 2610 1697 cruciatus
2631 1631 2750 1688 est;
2782 1627 2914 1679 mori
2946 1626 3462 1691 metuebant,morte
3489 1628 3711 1681 multatus

483 1720 728 1772 onnnhus
759 1721 1064 1773 errantibus
1107 1719 1270 1773 utitur
1311 1720 1376 1774 ad
1420 1729 1699 1787 prosectus
1725 1736 1877 1783 suos,
1906 1730 1961 1773 et
1996 1721 2062 1775 ad

2171 1718 2289 1775 est;
2344 1709 2909 1780 ignominiosissimum
2953 1714 3142 1769 mortis
3200 1729 3369 1783 genus
3402 1728 3608 1769 crucem
3634 1731 3711 1782 ptio

480 1828 666 1864 eorum
696 1815 1104 1876 correctionem,
1134 1826 1253 1864 cum
1288 1812 1539 1879 evigilare
1569 1813 1852 1865 voluerint.
1889 1812 2063 1868 Utitur

480 1900 622 1953 enim
650 1902 933 1967 gentilibus
958 1900 1024 1951 ad
1063 1900 1341 1953 materiam
1374 1901 1700 1968 Operationis
1728 1916 1860 1966 suas,
1892 1901 2065 1957 luere-

481 1992 599 2044 tiitis
626 1991 691 2043 ad
727 1992 1092 2058 probationem
1134 1991 1392 2044 doctrina:
1426 2006 1565 2051 suae,
1593 1990 1951 2046 sciiismaticis
1993 1993 2062 2069 ad

478 2086 853 2135 documentum
884 2083 1189 2134 stabilitatis
1218 2098 1343 2144 sum,
1370 2079 1571 2135 ludatis
1601 2082 1665 2135 ad
1706 2085 2063 2151 comparatio-

481 2189 607 2227 nem
654 2174 1063 2237 pulchritudinis
1114 2187 1247 2227 suae.
1290 2174 1436 2227 Alios
1488 2188 1615 2242 ergo
1665 2175 1887 2241 imitat,
1928 2175 2064 2230 alios

479 2266 735 2330 excludit,
778 2266 912 2318 alios
961 2267 1229 2334 relinquit,
1276 2265 1412 2320 alios
1459 2264 1769 2330 antecedit,
1813 2267 2064 2322 omnibus

396 2376 397 2379 η
480 2368 657 2409 tamen
694 2356 875 2424 gratia:
908 2356 997 2408 Dei
1032 2356 1532 2424 participandas-dat
1578 2365 1919 2424 putestatem,
1950 2356 2065 2411 sive

480 2450 553 2501 illi
606 2448 864 2501 formandi
914 2447 1024 2513 sint
1064 2446 1261 2511 adhuc,
1288 2446 1403 2501 sive
1448 2447 1792 2512 refurntandi,
1818 2446 1931 2502 sive
1981 2463 2066 2503 re-

480 2540 792 2609 colligentli,
826 2538 940 2593 sive
974 2539 1323 2603 admittendi;
1356 2539 1600 2593 carnales
1620 2552 1796 2592 autem
1827 2555 1977 2605 suos,
2010 2540 2062 2595 id

482 2642 563 2685 ett
593 2634 831 2684 viventes
867 2641 954 2683 aut
998 2614 1287 2683 sentientes
1318 2630 1637 2694 carnaliter,
1673 2640 1923 2700 tanquam
1967 2645 2062 2700 pa-
2109 2674 2115 2678 .

484 2726 595 2778 leas
637 2724 848 2786 tolerat,
880 2722 1071 2790 quibus
1111 2722 1163 2774 in
1204 2735 1328 2775 area
1371 2720 1638 2777 frumenta
1679 2722 1873 2777 tutiora
1914 2731 2062 2787 sunt,

484 2819 655 2872 tillllOC
686 2818 874 2871 talibus
909 2817 1232 2885 tegminibus
1264 2826 1553 2873 exuantur.

1076 2992 1303 3049 CAPUT
1345 2992 1462 3047 XX.

487 3133 530 3199 Q
573 3148 654 3184 aut
689 3147 909 3198 congrue
951 3129 1242 3182 hominibus
1287 3128 1556 3197 Sapientia
1589 3127 1942 3186 Dci'Christua
1967 3132 2063 3184 Itu-

558 3226 802 3275 ηουιιὶιιιε
846 3224 1130 3276 subvenerit
1156 3264 1168 3284 ,
1215 3222 1335 3276 item
1371 3238 1437 3277 ea:
1471 3223 1646 3278 eodem
1675 3222 1803 3279 libro
1833 3226 1895 3279 de
1946 3240 2063 3279 vera

558 3314 836 3383 Religionis.

554 3448 713 3501 Nullo
745 3445 902 3499 modo
943 3444 1326 3500 beneficentius
1363 3445 1635 3500 consuluit
1666 3445 1852 3515 generi
1878 3445 2064 3500 buma-

489 3557 579 3597 no,
628 3554 785 3605 quam
840 3554 962 3591 cum
1014 3538 1125 3606 ipsa
1179 3537 1271 3591 Dei
1320 3536 1625 3605 Sapientia,
1654 3539 1706 3592 id
1753 3548 1835 3593 est
1874 3539 2063 3595 unicus

487 3631 685 3693 Filius,
737 3630 1206 3684 consubstantialis
1253 3628 1396 3683 Patri
1438 3641 1491 3683 et
1516 3638 1852 3693 coaeternus,
1893 3639 2063 3691 totum

487 3724 756 3774 ltotnittettt
805 3720 1078 3788 suscipere
1123 3720 1370 3787 dignatus
1412 3730 1527 3786 est,
1568 3730 1622 3789 et
1659 3708 1897 3779 Verbum
1937 3737 2064 3777 caro

485 3816 682 3867 factum
720 3823 837 3875 est,
891 3824 944 3865 et
978 3812 1240 3865 habitavit
1268 3815 1318 3865 in
1350 3813 1524 3867 nobis.
1561 3814 1630 3867 Ita
1665 3815 1807 3869 enim
1840 3815 2063 3889 demon-

486 3905 672 3956 stravit
702 3902 1213 3963 carnalibus.etnon
1235 3903 1739 3958 valentibusintueri
1771 3918 1947 3960 mente
1972 3922 2063 3961 ve-

484 3996 696 4047 ritatem
721 4034 735 4056 ,
773 3993 1153 4060 corporeisque
1177 3994 1426 4047 sensibus
1450 3994 1669 4059 deditis,
1701 4010 1857 4063 quam
1886 4000 2065 4050 excel-

484 4104 601 4152 sum
638 4087 807 4137 locum
843 4084 979 4137 inter
1024 4094 1296 4137 creaturas
1343 4084 1538 4139 haheat
1583 4088 1811 4140 humana
1852 4098 2060 4154 natura,

486 4175 625 4242 quod
660 4189 762 4227 ιιοιι
792 4175 964 4235 solum
1006 4174 1291 4228 visibiliter
1317 4176 1461 4242 (nam
1490 4174 1541 4234 id
1571 4184 1781 4243 poterat
1808 4176 1937 4231 etin
1965 4178 2063 4233 ali-

483 4287 590 4340 quo
638 4271 877 4323 :etlterco
942 4285 1205 4338 corpore,
1273 4270 1338 4324 ad
1389 4280 1699 4325 nostrorum
1747 4282 2059 4340 aspcetuutn

487 4364 825 4416 tolerantiam
867 4359 1219 4429 temperato),
1262 4362 1352 4415 sed
1386 4362 1693 4417 hominibus
1730 4362 1780 4416 in
1808 4378 1935 4417 vero
1966 4363 2091 4417 lto--

2170 1797 2371 1863 tabant,
2410 1800 2699 1856 crucifixus
2726 1811 2810 1856 est
2834 1820 2849 1857 :
2878 1804 3054 1859 omnia
3098 1817 3214 1872 quae
3244 1805 3444 1860 habere
3462 1807 3711 1874 cupientes

2168 1904 2274 1943 non
2320 1893 2854 1962 recte‘v‘lvebamus,
2915 1884 3146 1949 carendo
3212 1894 3479 1960 vileiecit;
3557 1898 3709 1950 omnia

2165 1996 2287 2049 qua:
2324 1980 2492 2037 vitare
2538 1986 2814 2052 cupientes
2854 2000 2884 2038 a
2955 1986 3131 2041 studio
3191 1987 3540 2042 deviabamus
3600 1989 3712 2041 reri-

2168 2072 2323 2138 tatis,
2342 2068 2692 2144 perpetiendo
2721 2075 2936 2146 dejecit.
2956 2078 3069 2131 Non
3099 2077 3242 2133 enim
3271 2079 3437 2133 ullum
3464 2092 3708 2147 peccatum

2167 2164 2425 2215 committi
2455 2173 2645 2233 potest,
2673 2165 2774 2220 nisi
2798 2176 2891 2221 aut
2911 2167 3037 2222 dum
3062 2178 3384 2237 appetuntur
3405 2184 3467 2223 ea
3496 2186 3608 2240 qua:
3634 2170 3711 2224 ille

2166 2255 2518 2323 centempsit,
2552 2266 2641 2310 aut
2673 2256 2944 2325 fugiuntur
2992 2274 3111 2329 quae
3159 2259 3250 2314 ille
3296 2261 3561 2316 susnnuit.
3598 2261 3709 2316 Tuta

2167 2345 2347 2415 itaque
2375 2347 2491 2417 ejus
2514 2350 2642 2415 vita,
2685 2348 2737 2404 in
2780 2352 2937 2406 terris
2986 2366 3083 2421 per
3120 2352 3392 2408 hominem
3440 2370 3594 2422 quem
3637 2371 3712 2407 suo

2166 2437 2373 2506 scipere
2418 2438 2665 2508 dignatus
2692 2450 2795 2507 est,
2836 2442 3111 2509 disciplina
3172 2458 3383 2498 morum
3453 2448 3568 2501 luit.
3627 2446 3711 2499 Re-

2167 2531 2431 2584 surrectio
2474 2547 2602 2587 vero
2639 2532 2755 2600 ejus
2783 2547 2812 2586 a
2834 2534 3081 2602 mortuis,
3111 2534 3241 2589 nihil
3289 2538 3519 2591 hominis
3561 2540 3709 2607 perire

2168 2631 2401 2687 naturae,
2429 2637 2550 2677 cum
2574 2625 2752 2679 omnia
2774 2625 2918 2680 salva
2959 2638 3086 2682 sunt
3133 2628 3266 2694 Deo,
3290 2632 3421 2686 satis
3460 2630 3715 2692 indicavit;

2166 2721 2223 2769 et
2250 2712 2698 2781 quemadmodum
2729 2725 2921 2769 cuncta
2953 2716 3185 2772 serviant
3224 2723 3449 2775 creatori
3478 2736 3593 2784 suo,
3611 2720 3707 2774 sive

2169 2803 2233 2857 ad
2297 2802 2581 2859 vindictam
2650 2814 2983 2875 peccatorum
3040 2807 3153 2862 sive
3212 2810 3279 2862 ad
3331 2810 3559 2865 hominis
3587 2810 3705 2865 libe-

2169 2880 2464 2962 rationem,
2518 2912 2783 2967 quamque
2829 2897 2983 2953 facile
3028 2914 3224 2970 corpus
3261 2903 3456 2956 animas
3494 2902 3697 2967 serviat,

2168 3002 2290 3043 eum
2322 2992 2432 3059 ipsa
2456 2989 2737 3059 subjicitur
2768 2990 2895 3054 Deo,
2925 2990 3115 3060 quibus
3142 2991 3397 3061 perfectis
3426 3009 3527 3049 non
3553 2994 3703 3046 solum

2096 3100 2141 3163 ο
2173 3080 2316 3134 nulla
2345 3078 2640 3134 substantia
2671 3079 2867 3134 malum
2894 3090 2999 3146 est,
3027 3082 3165 3150 quod
3192 3081 3303 3136 ﬁeri
3336 3099 3599 3153 nunquam
3629 3098 3707 3149 po-

2172 3178 2295 3235 test,
2328 3171 2423 3225 sed
2455 3170 2615 3225 etiam
2650 3170 2795 3225 nullo
2842 3171 2987 3225 malo
3032 3171 3287 3237 afﬁcitur,
3338 3174 3478 3243 quod
3509 3172 3616 3227 ﬁeri
3638 3188 3713 3239 prr

2167 3271 2443 3334 peccatum
2473 3272 2527 3319 et
2557 3262 2846 3317 vindictam
2875 3262 3068 3331 potuit.
3120 3263 3189 3316 Et
3219 3268 3335 3317 haec
3362 3275 3444 3318 eat
3463 3263 3716 3331 disciplina

2167 3353 2429 3407 naturalis
2454 3352 2777 3408 Christianis
2805 3353 2980 3407 minus
3009 3353 3431 3424 intelligentibus
3459 3356 3611 3424 plena
3632 3352 3717 3406 ﬁds

2131 3444 2359 3515 -digna,
2389 3445 2809 3516 intelligentibus
2852 3454 3031 3499 autem
3076 3447 3224 3501 omni
3271 3462 3459 3504 errore
3502 3457 3716 3515 purgata.

2166 3534 2282 3591 Jam
2315 3552 2445 3590 γεω
2489 3537 2607 3606 ipse
2653 3537 2814 3591 totius
2861 3537 3121 3591 doctrinae
3147 3538 3342 3593 modus
3368 3540 3559 3606 partim
3583 3554 3717 3605 aper-

2170 3630 2435 3694 ti5simus,
2477 3628 2666 3698 partim
2711 3629 3147 3685 similitudinibus
3179 3630 3234 3684 in
3262 3631 3445 3699 dictis,
3480 3632 3533 3685 in
3562 3632 3715 3693 factis,

2168 3718 2221 3774 in
2246 3721 2595 3775 sacramentis
2615 3721 2679 3773 ad
2701 3735 2914 3775 omnem
2943 3722 3133 3775 anima:
3161 3721 3565 3777 instructionem
3584 3738 3718 3778 exer-

2169 3809 2585 3877 citationemque
2623 3810 3052 3867 accommodatus
3071 3853 3087 3875 ,
3128 3812 3256 3881 quid
3284 3812 3429 3866 aliud
3455 3827 3609 3882 quam
3638 3827 3713 3864 ra-

2172 3899 2383 3953 tionalis
2405 3898 2701 3968 disciplina:
2728 3900 2957 3969 regulam
2983 3902 3258 3971 implevit?
3282 3902 3415 3957 Nam
3462 3915 3517 3957 et
3542 3912 3717 3973 myste-

2168 3991 2366 4045 riorum
2385 3992 2642 4060 expositio
2664 3993 2728 4046 ad
2747 4008 2807 4046 ea
2836 3986 3077 4064 dirigitur
3101 4010 3218 4062 quas
3235 3997 3569 4063 apertissime
3593 3996 3713 4048 dicta

2167 4093 2307 4146 sunt,
2318 4092 2371 4137 et
2384 4083 2432 4157 si
2446 4100 2505 4138 ea
2529 4078 2731 4138 tantum
2743 4097 2917 4139 essent
2934 4074 3051 4154 qua:
3082 4085 3333 4142 facillime
3355 4088 3715 4158 intelliguntur.

2168 4188 2268 4228 nec
2296 4174 2531 4229 studiose
2553 4188 2902 4245 qutereretur.
2918 4192 3016 4236 nec
3044 4179 3616 4235 suaviterinveniretur
3636 4180 3713 4233 «'-

2165 4265 2316 4320 ritas.
2350 4267 2532 4336 Neque
2552 4269 2598 4322 si
2628 4278 2810 4323 essent
2839 4269 2893 4322 in
2921 4267 3212 4338 Scripturis
3263 4284 3627 4335 sacramenta.
3671 4278 3715 4323 et

2166 4354 2219 4408 in
2250 4358 2743 4438 sacrametttismon
2772 4369 2955 4413 essent
2979 4359 3254 4430 signacula
3284 4363 3567 4425 veritatis.
3605 4362 3714 4414 satis

485 4449 629 4506 mine
680 4452 949 4520 apparuit.
992 4451 1105 4516 Ipsa
1151 4451 1292 4504 enim
1338 4463 1523 4505 natura
1565 4454 1902 4523 suscipienda
1944 4465 2058 4510 erat
2089 4473 2142 4533 D
2168 4462 2287 4501 Cum
2333 4449 2645 4517 cognitione
2680 4451 2820 4505 actio
2863 4452 3196 4506 conveniret.
3257 4453 3411 4508 Nunc
3454 4468 3712 4522 verutum-

482 4562 601 4612 qua:
635 4545 929 4600 liberanda.
950 4545 1013 4597 Et
1042 4560 1107 4597 ne
1139 4546 1260 4612 quis
1286 4546 1419 4599 lorte
1448 4562 1607 4601 sexus
1631 4562 1658 4600 a
1688 4564 1786 4602 suo
1814 4560 2057 4603 creatore

485 4650 543 4689 se
592 4646 957 4706 contemptum
1005 4646 1245 4707 putaret,
1299 4638 1468 4693 virum
1520 4641 1774 4710 suscipit,
1807 4651 1961 4695 natus
1991 4657 2057 4697 ex

484 4726 701 4780 femina.
742 4727 881 4780 Nihil
939 4730 1044 4796 egit
1092 4729 1184 4795 vi,
1225 4728 1319 4783 sed
1375 4730 1549 4783 omnia
1601 4730 1911 4801 suadendo,
1942 4747 2057 4785 mo—

483 4818 691 4882 nendo,
727 4820 852 4871 licet
874 4820 1164 4874 vendentes
1190 4830 1247 4874 et
1272 4830 1511 4875 ementes
1540 4821 1857 4890 ﬂagellando
1884 4822 2057 4889 cjece-

483 4911 608 4962 rite
644 4908 859 4975 templo.
900 4896 1002 4963 Sed
1037 4910 1136 4964 hoc
1172 4911 1300 4979 quid
1329 4920 1419 4963 aut
1455 4922 1708 4978 quantum
1737 4921 1847 4973 est,
1871 4902 2058 4979 quiut-

484 5002 565 5055 vis
591 5012 643 5054 et
671 5002 946 5053 da'tnones
972 5002 1215 5055 nolentes
1246 5004 1314 5055 ab
1346 5002 1648 5055 hominibus
1681 5019 1785 5054 non
1812 5017 2061 5056 sermone

481 5095 769 5153 suasionis,
802 5092 896 5146 sed
934 5092 983 5165 vi
1037 5094 1311 5158 potestatis
1340 5093 1559 5162 ejecerit
1583 5096 1605 5145 ?
1648 5093 1840 5148 Vetere
1867 5093 2062 5163 quippe

486 5186 747 5237 servitute
808 5191 1074 5235 transacta
1104 5223 1118 5244 ,
1147 5192 1355 5250 tempus
1391 5181 1653 5237 libertatis
1686 5184 1968 5247 illuxcrat,
2007 5195 2063 5237 et

481 5282 779 5342 opportune
816 5271 926 5342 jam
979 5270 1179 5323 ltotuitti
1232 5273 1556 5325 suadebatur
1587 5284 1748 5340 atque
1776 5273 2063 5329 salubriter

481 5382 640 5435 quam
667 5366 838 5418 libero
867 5373 1011 5417 esset
1044 5372 1258 5415 creatus
1288 5364 1509 5417 arbitrio
1540 5382 1551 5415 :
1588 5365 1857 5417 miraculis
1884 5365 2059 5418 conci-

482 5456 630 5509 liavit
679 5454 837 5508 fidem
886 5453 995 5506 Deo
1039 5456 1125 5520 qtti
1175 5462 1333 5516 erat,
1382 5455 1630 5519 passione
1670 5452 1871 5507 hotnitti
1904 5468 2061 5522 quem

484 5547 724 5612 gerebat.
772 5545 950 5610 itaque
999 5548 1224 5611 loquens
1267 5542 1332 5595 ad
1365 5544 1544 5597 turbas
1576 5558 1631 5611 ut
1656 5546 1819 5612 Oros,
1854 5547 2066 5598 nuntia-

488 5649 595 5691 tam
625 5639 720 5690 sibi
767 5652 990 5691 manent
1027 5637 1272 5705 negavit;
1306 5646 1357 5690 et
1388 5645 1561 5690 tamen
1586 5678 1600 5701 ,
1627 5648 1680 5692 ut
1714 5640 2075 5709 Evangelium'

492 5728 762 5795 loquitur,
819 5726 954 5781 l’ucr
1003 5726 1312 5796 parentibus
1363 5725 1604 5792 subditus
1636 5737 1766 5783 erat.
1810 5728 2061 5786 Doctrina

2166 4540 2307 4593 niam
2361 4542 2528 4609 pietas
2570 4541 2763 4596 tintore
2793 4542 3093 4607 inchoatur.
3142 4544 3415 4601 charitate
3442 4546 3710 4615 perﬂatur.

2169 4632 2396 4700 populus
2448 4632 2639 4687 timore
2682 4634 3007 4688 constrictus
3035 4676 3049 4697 ,
3098 4643 3345 4702 tempore
3389 4634 3712 4692 servitutan

2169 4726 2349 4775 vett-re
2365 4722 2501 4791 lege,
2530 4722 2709 4794 multis
2725 4726 3076 4778 sacramentis
3098 4725 3444 4780 onerabatur.
3474 4725 3711 4782 nocuit:

2166 4812 2296 4867 utile
2325 4813 2519 4867 talibus
2546 4814 2751 4870 eratad
2779 4813 3187 4869 desiderandam
3212 4818 3445 4884 gratiam
3477 4816 3595 4883 Dei.
3614 4828 3711 4882 ιιιι

2168 4919 2261 4971 per
2295 4902 2582 4971 prophetas
2618 4913 2838 4974 ventura
2879 4904 3203 4961 cauebatur:
3235 4923 3357 4975 qua
3390 4909 3480 4962 ubi
3502 4908 3636 4963 venit
3657 4907 3713 4958 ab

2166 5003 2278 5064 tp-a
2311 4997 2402 5051 Dei
2426 4997 2697 5067 Sapientia
2720 4997 2937 5053 homine
2964 5008 3243 5069 assumpto
3262 5040 3279 5066 ,
3309 5015 3343 5054 a
3365 5016 3476 5072 quo
3499 5002 3551 5058 in
3577 4999 3712 5056 libar-

2172 5098 2333 5143 tateni
2368 5091 2543 5144 vocati
2585 5103 2792 5155 sumus,
2826 5104 2989 5160 pauca
3022 5103 3362 5147 sacramenta
3391 5090 3709 5149 saluberrhl

2166 5178 2453 5237 constituta
2505 5191 2666 5247 sunt,
2714 5197 2833 5250 quae
2878 5182 3188 5236 societatem
3219 5178 3709 5254 Christianinlli.

2170 5272 2268 5325 hoc
2293 5273 2500 5327 esl‘sub
2524 5259 2629 5327 uno
2648 5274 2755 5327 Deo
2781 5273 2963 5327 libera
2983 5275 3357 5339 multitudinis,
3382 5277 3706 5332 contineant.

2164 5368 2324 5421 Multa
2362 5382 2487 5422 vero
2513 5383 2630 5436 qua:
2661 5367 2854 5441 populo
2884 5367 3128 5431 llebrwo,
3155 5368 3255 5422 hoc
3281 5378 3391 5433 est,
3420 5369 3526 5426 sub
3548 5366 3707 5424 ωα-

2168 5472 2273 5510 uno
2327 5456 2437 5511 Deo
2491 5456 2808 5526 compeditm
2854 5458 3179 5512 multitudini
3208 5459 3386 5529 impos
3410 5458 3711 5521 ωεξηελ...

2171 5549 2380 5603 actione
2412 5559 2613 5604 remota
2639 5559 2794 5614 sunt,
2846 5552 2896 5605 in
2931 5552 3034 5605 lide
3075 5561 3237 5621 atque
3294 5550 3709 5625 interpretum

2170 5648 2503 5693 tnansetuot.
2538 5640 2610 5693 lla
2642 5655 2779 5696 nunc
2809 5657 2905 5698 nec
2926 5643 3194 5698 servi‘iter
3223 5645 3478 5716 alligant,
3507 5658 3559 5703 et
3580 5655 3708 5701 CW

2117 5775 2126 5792 .
2168 5739 2287 5786 cent
2316 5730 2605 5789 liberaliter
2632 5732 2883 5787 animum.
