3862 6222
97 284 187 341 60!
1297 279 1684 340 TIIESAURU:

1788 277 1913 331 IAP.
1945 276 2108 330 XXII.

679 399 899 454 CAPUT
931 399 1066 452 XXI.

97 514 266 583 Arguit
291 514 644 585 roluptugsos,
675 512 1215 585 curiosos,_supcrbos,
1244 527 1307 564 ex
1334 510 1511 562 eodem
1533 508 1664 560 libro

613 584 676 636 de
698 599 813 634 vera
845 583 1127 650 Religione.

165 697 306 766 Nego
336 709 454 750 esse
484 709 801 763 quemquam
835 695 1055 746 istorum
1093 691 1182 762 qui
1219 694 1349 746 nihil
1383 691 1664 746 colendum
1741 747 1743 751 ,

95 789 400 842 existimant
426 826 442 849 ,
484 788 572 854 qui
606 802 709 839 non
733 795 822 838 aut
852 784 1155 837 carnalibus
1185 783 1394 852 gaudiis
1420 781 1666 833 subditus

98 880 194 944 sit,
223 887 315 931 aut
361 876 650 945 potentiam
680 891 870 928 vanam
903 875 1111 938 foveat,
1136 885 1226 928 aut
1252 876 1430 942 aliquo
1460 883 1668 940 specta-

99 971 213 1025 culo
235 970 537 1025 delectatus
567 969 816 1023 insaniat.
853 969 921 1020 Ita
952 968 1251 1022 nescientes
1279 967 1509 1034 diligunt
1535 975 1667 1017 tem-

102 1061 292 1129 poralia
320 1102 336 1127 ,
393 1069 450 1112 ut
481 1059 602 1112 inde
636 1058 1014 1113 beatitudinem
1050 1065 1329 1125 expetant.
1366 1056 1457 1109 His
1489 1064 1668 1107 autem

101 1152 255 1205 rebus
285 1151 486 1217 quibus
531 1150 752 1218 quisque
791 1149 979 1202 beatus
1010 1148 1122 1201 vult
1152 1147 1314 1206 effici,
1348 1145 1546 1199 serviat
1577 1158 1668 1198 ne-

103 1255 250 1295 cesse
279 1250 403 1305 est,
451 1239 580 1293 velit
609 1239 762 1292 nolit.
807 1237 938 1291 Nam
967 1250 1284 1306 quocunque
1310 1232 1560 1289 duxerint
1587 1247 1672 1287 se-

103 1332 292 1400 quitur,
349 1340 402 1385 et
450 1330 690 1398 quisquis
738 1344 799 1383 ea
844 1328 988 1382 visus
1032 1327 1192 1381 fuerit
1241 1324 1453 1381 auferre
1490 1339 1671 1393 posse,

105 1425 374 1478 metuitur.
404 1422 632 1475 Possunt
677 1432 854 1476 autem
903 1423 1006 1492 18
1033 1420 1233 1476 auferri
1264 1421 1361 1474 ista
1388 1463 1403 1488 ,
1452 1427 1507 1473 et
1532 1418 1673 1472 scin-

107 1514 213 1567 tilla
267 1514 402 1582 ignis
427 1555 440 1577 ,
494 1521 549 1566 et
577 1512 746 1581 aliqua
791 1527 952 1582 parva
985 1511 1231 1564 bestiola.
1281 1511 1585 1570 Postremo,
1617 1514 1676 1561 ut

108 1603 347 1657 omittam
392 1603 809 1657 innumerabiles
838 1602 1190 1656 adversitates
1213 1643 1228 1668 ,
1258 1609 1470 1669 tempus
1500 1601 1671 1668 ipsum

108 1691 306 1747 auferat
354 1708 572 1748 necesse
621 1703 704 1747 est
749 1692 927 1747 omnia
953 1692 1301 1747 transeuntia.
1337 1691 1518 1760 Itaque
1548 1703 1669 1742 cum

109 1783 278 1836 omnia
328 1783 642 1850 temporalia
673 1783 900 1838 mundus
948 1782 1050 1837 Iste
1074 1781 1382 1850 concludat,
1415 1782 1669 1835 omnibus

113 1876 290 1930 mundi
319 1875 557 1944 partibus
582 1876 856 1942 serviunt,
901 1878 990 1946 qui
1027 1886 1306 1946 propterea
1337 1884 1521 1940 putant
1545 1875 1677 1930 nihil

114 1968 394 2023 colendum
421 1983 562 2033 esse,
593 1983 658 2023 ne
685 1971 941 2024 serviant.
977 1969 1353 2025 Verumtamen
1377 1975 1677 2037 quanquam

116 2063 165 2117 in
210 2061 309 2117 hac
356 2077 534 2117 rerum
577 2047 915 2117 extremitate
964 2062 1145 2117 miseri
1175 2063 1391 2130 jaceant
1417 2103 1432 2127 ,
1467 2072 1522 2115 ut
1548 2060 1678 2114 vitia

115 2166 204 2204 sua
234 2152 331 2204 sibi
360 2150 620 2204 dominari
653 2151 940 2219 patiantur,
985 2152 1068 2204 vel
1104 2152 1354 2216 libidine,
1387 2152 1467 2205 vel
1494 2165 1682 2217 super-

118 2239 220 2304 bia,
254 2240 332 2293 vel
358 2239 666 2295 curiositate
690 2240 958 2321 damnati,
988 2240 1070 2293 vel
1098 2240 1307 2294 duobus
1341 2241 1528 2295 horum
1548 2281 1562 2305 ,
1595 2240 1680 2293 vel

119 2329 379 2394 omnibus,
404 2327 639 2399 quandiu
670 2339 793 2402 sunt
825 2332 877 2384 in
919 2332 1020 2385 hoc
1057 2331 1231 2385 stadio
1260 2331 1382 2384 vitae
1413 2331 1678 2395 humanae,

123 2420 238 2474 licet
261 2421 335 2474 eis
377 2421 628 2490 congredi
677 2432 730 2475 et
758 2423 994 2489 vincere,
1044 2422 1089 2475 si
1117 2424 1263 2490 prius
1289 2423 1512 2478 credant
1541 2425 1680 2490 quod

125 2511 414 2578 intelligere
440 2511 673 2565 nondum
703 2513 908 2578 valent,
940 2524 988 2566 et
1021 2527 1126 2566 non
1158 2512 1383 2582 diligant
1404 2512 1678 2565 mundum.

125 2600 371 2663 Quoniam
413 2613 574 2653 omne
619 2601 759 2667 quod
800 2599 848 2652 in
895 2599 1093 2652 mundo
1123 2608 1224 2662 est,
1258 2602 1396 2653 sicut
1421 2599 1682 2653 divinitus

123 2686 314 2740 dictum
357 2697 475 2752 est,
510 2691 942 2756 concupiscentia
975 2690 1152 2743 carnis
1183 2699 1265 2744 est
1286 2730 1301 2754 ,
1348 2701 1402 2744 et
1431 2692 1683 2757 concupi-

129 2779 317 2833 scentia
345 2780 616 2833 oculorum
634 2821 649 2845 ,
684 2788 738 2833 et
765 2779 987 2832 ambitio
1015 2780 1217 2833 saeculi.
1250 2779 1366 2840 Hoc
1393 2779 1551 2834 modo
1579 2782 1682 2833 tria

129 2868 210 2926 illa
232 2877 350 2920 sunt
369 2877 570 2921 notata.
595 2867 725 2920 Nam
749 2869 1178 2937 concupiscentia
1192 2869 1685 2937 carnis,voluptatis

130 2957 315 3011 infima:
339 2966 603 3012 amatores
620 2958 1361 3027 signiﬁcatyconcupiscentia
1386 2959 1683 3025 oculorum,

132 3048 389 3112 curiosos;
434 3046 654 3099 ambitio
684 3047 862 3100 steculi
889 3088 904 3111 ,
936 3047 1217 3114 superbos.
1259 3048 1476 3115 Triplex
1524 3050 1682 3102 etiam

132 3138 404 3190 tentatioin
425 3137 641 3192 homine
655 3153 810 3206 quem
827 3141 1024 3193 veritas
1054 3140 1164 3208 ipsa
1190 3140 1427 3208 suscepit
1455 3141 1687 3195 cavenda

134 3239 412 3283 monstrata
438 3237 540 3284 est.
588 3229 714 3298 Dic,
746 3230 916 3298 inquit
962 3242 1217 3302 tentator,
1267 3233 1528 3310 lapidibus
1570 3234 1689 3289 istis

133 3330 191 3374 ut
233 3335 389 3389 panes
445 3323 594 3376 fiant.
645 3322 730 3376 Ait
783 3323 859 3377 illi
918 3322 1011 3394 [αι.
1043 3334 1099 3378 at
1138 3322 1249 3394 ille]
1297 3326 1434 3380 unus
1495 3336 1549 3380 et
1603 3341 1690 3380 so-

136 3408 213 3463 lus
239 3411 520 3480 magister:
571 3411 686 3466 Non
731 3413 782 3466 in
811 3429 946 3481 pane
975 3414 1094 3467 solo
1126 3414 1255 3468 vivit
1287 3417 1448 3468 homo
1468 3457 1482 3478 ,
1516 3416 1609 3470 sed
1636 3415 1689 3469 in

137 3503 278 3555 omni
298 3504 451 3557 verbo
483 3505 599 3558 Dei.
659 3505 731 3557 Ita
751 3507 892 3558 enim
915 3506 1168 3559 domitam
1196 3507 1373 3560 docuit
1392 3521 1511 3561 esse
1532 3522 1692 3574 opor-

138 3599 244 3645 tere
282 3593 616 3660 cupiditatem
663 3596 974 3662 voluptatis,
1010 3604 1066 3648 ut
1112 3611 1210 3650 nec
1241 3595 1363 3649 fami
1394 3598 1689 3651 cedendu’m

139 3683 223 3735 sit.
270 3681 367 3735 Sed
405 3680 541 3746 forte
585 3683 963 3738 dominationis
1007 3680 1316 3753 temporalis
1356 3685 1495 3740 fastu
1518 3687 1693 3756 decipi

143 3781 375 3838 poterat,
423 3775 511 3842 qui
557 3774 734 3827 carnis
771 3773 1060 3842 .voluptate
1096 3791 1201 3829 non
1248 3776 1454 3843 potuit?
1501 3776 1692 3831 Omnia

143 3875 262 3929 ergo
301 3865 477 3917 mundi
529 3878 692 3935 regna
737 3873 1026 3918 monstrata
1077 3874 1231 3932 sunt,
1267 3875 1320 3919 et
1342 3866 1538 3919 dictum
1570 3876 1689 3920 est:

143 3950 315 4005 Omnia
344 3955 433 4008 tibi
465 3955 605 4010 dabo
625 3999 638 4022 ,
692 3956 737 4009 si
768 3964 1065 4025 prostratus
1104 3956 1407 4009 adoraveris
1435 3972 1539 4010 me.
1598 3956 1692 4010 Cui

143 4057 434 4109 responsmu
462 4051 584 4099 es‘t:
638 4046 921 4100 Dominum
950 4046 1113 4099 Deum
1145 4056 1289 4099 tuum
1321 4048 1568 4101 adorabis
1592 4089 1605 4112 ,
1639 4057 1694 4101 et

143 4131 209 4184 illi
236 4135 325 4186 soli
372 4137 589 4206 servies.
647 4133 718 4210 Ita
762 4135 961 4189 calcata
995 4135 1240 4203 superbia
1270 4143 1373 4189 est.
1445 4135 1693 4204 Subjecta

142 4232 216 4276 est
243 4231 408 4278 autem
424 4214 683 4278 \eXIrema
724 4227 881 4278 etiam
911 4225 1236 4279 curiositatis
1265 4225 1552 4289 illecebra;
1587 4240 1693 4280 non

142 4315 269 4366 enim
307 4326 358 4370 ut
399 4331 457 4370 se
486 4318 552 4371 de
586 4302 809 4385 fastigio
840 4317 1021 4383 templi
1051 4317 1414 4383 praecipitaret
1447 4317 1686 4384 urgebat,

144 4403 235 4458 nisi
260 4420 409 4461 causa
442 4417 646 4460 tantum
674 4405 870 4474 aliquid
897 4408 1206 4474 experiendi
1234 4422 1247 4469 ;
1289 4407 1382 4460 sed
1416 4416 1585 4474 neque
1609 4406 1694 4460 hic

147 4497 302 4551 victus
331 4507 409 4552 est
433 4540 447 4564 ,
493 4508 546 4554 et
578 4499 697 4552 ideo
735 4498 812 4551 sic
842 4487 1156 4566 respondit,
1189 4507 1244 4549 ut
1275 4497 1694 4564 intelligeremus

145 4603 236 4642 non
264 4604 390 4657 Opus
416 4585 536 4645 esse
563 4592 625 4644 ad
649 4590 1073 4658 cognoscendum
1107 4589 1268 4642 Deum
1302 4589 1682 4642 tentationibus

146 4680 404 4733 visibiliter
433 4681 610 4734 divina
648 4681 926 4747 explorare
956 4679 1293 4732 molientibus
1332 4693 1346 4730 :
1373 4677 1485 4730 Non
1519 4687 1694 4730 tenta-

149 4771 242 4837 bis,
291 4773 496 4842 inquit,
549 4774 828 4826 Dominum
877 4772 1040 4826 Deum
1089 4780 1255 4824 tuum.
1310 4771 1688 4835 Quamobrem,

146 4865 364 4932 quisquis
393 4868 532 4917 intus
561 4865 650 4918 Dei
680 4864 842 4918 verbo
865 4866 1119 4932 pa~citur,
1154 4880 1256 4916 non
1282 4864 1472 4932 quaerit
1506 4863 1556 4915 in
1595 4864 1692 4916 ista

148 4967 306 5007 ereum
339 4956 684 5020 voluptatem.
740 4954 842 5019 Qui
905 4957 990 5033 uni
1039 4955 1148 5008 Deo
1195 4964 1396 5006 tantum
1425 4953 1696 5020 subjectus

148 5056 236 5109 est,
259 5062 356 5099 non
387 5049 578 5116 quaerit
625 5048 677 5099 in
706 5061 886 5101 monte
912 5086 927 5109 ,
958 5047 1006 5099 id
1041 5057 1159 5111 est,
1191 5047 1240 5099 in
1275 5055 1484 5098 terrena
1511 5045 1697 5097 elatio-

151 5149 236 5200 ne,
259 5136 580 5203 jactantiam.
628 5137 878 5204 Quisquis
917 5145 1124 5190 attento
1152 5121 1694 5202 spectaculoincom-

150 5227 393 5282 mutabilis
441 5229 682 5283 veritatis
729 5229 1089 5295 adhaerescit,
1138 5217 1243 5281 non
1285 5241 1379 5296 per
1429 5227 1694 5294 fastigium

153 5313 289 5382 hujus
312 5320 578 5386 corporis,
609 5320 662 5372 id
694 5328 775 5373 est
797 5361 809 5382 ,
843 5335 938 5388 per
976 5319 1072 5374 hos
1102 5321 1283 5373 oculos
1310 5319 1693 5389 praecipitatur,

153 5418 199 5461 ut
223 5414 527 5480 temporalia
561 5423 614 5466 ct
646 5412 894 5466 inferiora
926 5422 1235 5481 cognoscat.

700 5522 921 5577 CAPUT
955 5520 1120 5575 XXII.

158 5609 287 5674 Quod
311 5613 485 5666 melius
525 5615 588 5665 sit
626 5613 687 5666 ab
717 5615 916 5666 homine
945 5630 1098 5680 quam
1130 5629 1158 5663 a
1182 5612 1304 5664 vitio
1330 5611 1458 5663 vinei
1477 5653 1490 5674 ,
1526 5626 1586 5662 ra:
1611 5624 1697 5661 eo-

500 5687 611 5736 dem
642 5685 768 5737 libro
794 5687 857 5738 de
885 5700 998 5737 vera
1045 5683 1328 5752 Religionr.

217 5768 316 5828 Nos
342 5790 389 5828 m
417 5783 550 5830 terra
580 5776 914 5843 laboramus,
968 5782 1019 5830 et
1063 5789 1182 5830 cum
1217 5786 1410 5841 magno
1436 5770 1699 5826 dedecore

3242 264 3347 318 60?.

1688 398 1736 452 Α
1768 407 2082 460 superamur
2111 387 2179 442 ab
2221 385 2470 438 omnibus
2497 397 2616 453 qua:
2647 395 2743 435 nos
2771 392 3114 434 commovere
3145 393 3205 431 ac
3231 393 3344 442 per-

1768 487 1987 537 turbare
2030 479 2318 549 potuerint.
2382 477 2563 544 Itaque
2624 474 2873 528 nolumus
2916 471 2984 524 ab
3036 469 3346 522 hominibus

1767 576 1942 638 vinci,
1978 560 2193 627 et'iram
2227 586 2334 622 non
2370 581 2652 634 possumus
2680 566 2915 618 vincere.
2973 562 3086 628 Qua
3123 560 3348 626 turpitu-

1767 668 1891 720 dine
1921 666 2047 732 quid
2094 660 2477 726 exsecrabilius
2522 658 2625 710 dici
2658 655 2867 724 potest?
2897 654 3152 706 Fatemur
3179 650 3348 701 hutui—

1770 739 2017 809 nenthoc
2044 770 2163 808 esse
2193 753 2334 822 quod
2369 766 2465 803 nus
2494 763 2698 814 sumus,
2735 745 2824 814 qui
2864 754 3066 806 tamen,
3120 740 3221 794 etsi
3254 742 3344 789 ba-

1770 849 1894 903 beat
1925 847 2046 898 vitia
2069 889 2083 908 ,
2116 862 2217 898 non
2246 855 2329 898 est
2354 852 2531 896 tamen
2553 840 2671 907 ipse
2694 839 2906 891 vitium.
2954 835 3162 900 Quanto
3194 830 3350 898 igitur

1773 938 2050 990 honestius
2095 937 2252 987 homo
2302 947 2398 985 nos
2427 930 2593 984 vincit
2622 944 2777 997 quam
2814 925 3046 979 vitium?
3094 922 3223 988 Quis
3251 937 3348 972 au-

1773 1038 1878 1081 tem
1904 1025 2113 1080 dubitet
2161 1024 2392 1088 immane
2431 1023 2619 1075 vitium
2650 1034 2770 1074 esse
2800 1014 3183 1071 invidentiam?
3237 1015 3350 1076 Qua

1775 1133 1997 1173 necesse
2044 1127 2138 1189 est,
2171 1123 2481 1183 torqueatur
2525 1121 2579 1165 et
2609 1109 2948 1177 subjiciatur,
2983 1107 3210 1174 quinon
3243 1102 3351 1154 vult

1775 1213 1828 1265 in
1861 1211 2019 1265 rebus
2068 1205 2457 1276 temporalibus
2484 1203 2648 1258 vinci.
2699 1201 2886 1256 Melius
2911 1209 2993 1274 est
3015 1212 3144 1264 ergo
3173 1206 3225 1259 ut
3255 1195 3351 1245 hu—

1776 1317 1865 1356 mo
1889 1316 1985 1354 nos
2030 1300 2208 1352 vincat
2236 1312 2392 1366 quam
2425 1294 2740 1358 invidentia,
2790 1292 2874 1346 vel
2903 1290 3176 1361 quodlibet
3203 1285 3345 1340 aliud

1777 1395 2003 1457 vitium;
2051 1393 2144 1444 sed
2193 1403 2290 1444 nec
2334 1387 2405 1441 ab
2451 1386 2669 1440 homine
2711 1383 2846 1438 vinci
2875 1391 3075 1450 potest,
3102 1377 3191 1448 qui
3224 1376 3348 1428 vitia

1777 1501 1871 1539 sua
1898 1484 2108 1539 vicerit.
2161 1482 2276 1536 Non
2322 1481 2468 1534 enim
2509 1478 2756 1541 vincitur,
2798 1476 2898 1528 nisi
2926 1474 3008 1527 cui
3037 1470 3260 1537 eripitur
3286 1471 3352 1520 ah

1779 1575 2089 1630 adversario
2138 1574 2277 1643 quod
2321 1581 2486 1626 amat.
2565 1569 2663 1636 Qui
2711 1580 2840 1635 ergo
2887 1564 2940 1618 id
2988 1570 3133 1616 amat
3179 1562 3351 1614 solum

1779 1666 1919 1736 quod
1951 1666 2150 1719 amanti
2198 1662 2333 1732 eripi
2374 1677 2480 1716 non
2526 1671 2727 1729 potest,
2759 1658 2848 1711 ille
2873 1655 3239 1709 indubitanter
3271 1650 3351 1701 in-

1701 1754 1748 1814 B
1779 1756 1950 1810 victus
1970 1766 2072 1817 eSt,
2101 1768 2202 1808 nec
2249 1753 2354 1806 ulla
2387 1751 2652 1810 cruciatur
2679 1746 2895 1800 invidia.
2924 1744 2976 1798 ld
3010 1744 3153 1798 enim
3181 1739 3353 1807 diligit

1778 1848 1919 1916 quod
1967 1846 2294 1913 diligendum
2340 1854 2392 1899 et
2443 1841 2877 1912 percipiendum;
2929 1847 3127 1905 quanto
3173 1834 3352 1902 plures

1779 1940 2016 1995 venerint
2047 1978 2062 2004 ,
2097 1945 2246 1992 tanto
2287 1935 2365 1990 eis
2406 1934 2623 1988 uberius
2651 1929 2965 2000 gratulatur.
2995 1927 3178 1996 Diligit
3207 1927 3352 1979 enim

1779 2030 1946 2084 Deum
1983 2043 2047 2083 ex
2093 2034 2204 2080 toto
2246 2024 2405 2078 corde
2431 2065 2444 2088 ,
2492 2033 2546 2077 et
2592 2037 2655 2074 ex
2704 2029 2812 2074 tota
2843 2018 3043 2080 anima,
3075 2028 3126 2070 et
3154 2032 3217 2069 ex
3244 2024 3354 2067 tota

1781 2128 2003 2184 mente;
2052 2128 2106 2172 et
2128 2115 2303 2186 diligit
2349 2114 2645 2184 proximum
2673 2120 2920 2178 tanqttam
2947 2108 3201 2175 seipsum.
3237 2107 3354 2158 Non

1783 2213 1858 2267 illi
1901 2224 2029 2280 ergo
2073 2209 2311 2274 invidet,
2346 2215 2405 2260 ut
2452 2205 2522 2259 sit
2564 2202 2704 2271 quod
2738 2203 2851 2270 ipse
2872 2210 2972 2264 est,
3004 2199 3110 2251 imo
3139 2198 3358 2267 adjuvat

1785 2306 1946 2360 etiam
1997 2313 2252 2372 quantum
2304 2309 2495 2368 potest.
2550 2297 2659 2351 Nec
2693 2303 2865 2363 potest
2894 2295 3139 2346 amittere
3169 2290 3356 2359 proxi-

1784 2410 1927 2448 mum
1974 2408 2130 2463 quem
2174 2389 2342 2458 diligit
2373 2399 2621 2456 tanquam
2661 2385 2926 2453 seipsum,
2957 2384 3076 2453 quia
3112 2396 3281 2449 neque
3306 2382 3358 2432 iu

1785 2486 1962 2551 seipso
1993 2500 2054 2539 ea
2083 2482 2254 2551 diligit
2293 2495 2410 2550 quze
2436 2479 2601 2533 oculis
2630 2463 2905 2544 subjaé’ent
2925 2516 2940 2539 ,
2970 2483 3062 2527 aut
3091 2473 3210 2528 ullis
3239 2470 3360 2523 aliis

1781 2571 2026 2644 corporis
2070 2573 2356 2636 sensibus;
2391 2584 2519 2637 ergo
2561 2566 2698 2635 apud
2723 2566 2957 2634 seipsum
2999 2565 3156 2616 habet
3197 2574 3355 2628 quem

1785 2666 1958 2734 diligit
1989 2672 2236 2732 tauquam
2285 2663 2557 2729 seipsum:
2590 2674 2650 2714 ea
2680 2667 2761 2712 est
2795 2666 2971 2710 autem
3016 2655 3196 2724 regula
3225 2653 3361 2706 dile-

1790 2755 2008 2819 ctionis,
2041 2764 2096 2807 ut
2118 2768 2236 2821 qua:
2265 2751 2362 2804 sibi
2396 2752 2503 2804 vult
2531 2749 2666 2803 bona
2691 2747 2994 2816 provenire,
3023 2755 3077 2797 et
3102 2744 3177 2798 illi
3203 2743 3361 2817 velit:

1789 2866 1842 2910 et
1873 2870 1989 2924 qua:
2018 2852 2262 2907 accidere
2285 2851 2385 2904 sibi
2419 2851 2556 2904 mala
2589 2863 2691 2901 non
2733 2845 2862 2908 vult,
2882 2856 2932 2899 et
2955 2843 3197 2896 illinolit.
3217 2842 3362 2896 lianc

1789 2945 2112 3002 voluntatem
2165 2957 2290 3008 erga
2332 2953 2518 2994 omnes
2569 2938 2810 2992 homines
2840 2944 3055 2998 servat,
3087 2949 3206 2986 nam
3236 2947 3362 3000 erga

1791 3038 2057 3092 neminem
2101 3035 2432 3103 operantium
2464 3039 2548 3085 cst
2576 3031 2808 3093 malum,
2846 3037 2900 3080 et
2940 3026 3154 3080 dilectio
3187 3024 3362 3093 prosi-

1715 3117 1759 3178 C
1793 3131 1863 3182 mi
1897 3128 2093 3180 malum
2124 3140 2228 3179 non
2260 3137 2532 3193 operatur.
2567 3122 2856 3190 Diligamus
2879 3133 3027 3186 ergo,
3066 3126 3121 3169 ut
3160 3130 3362 3184 praece-

1795 3226 1939 3286 ptum
1970 3226 2072 3280 est,
2099 3216 2256 3268 etiam
2291 3214 2535 3266 inimicos
2560 3220 2791 3275 nostros,
2824 3210 2868 3262 si
2895 3224 3019 3263 vere
3040 3207 3221 3261 invicti
3243 3220 3364 3260 esse
3433 3200 3438 3204 “

1793 3307 2060 3361 volumus.
2121 3305 2234 3358 Non
2275 3306 2416 3358 enim
2458 3319 2550 3371 per
2594 3303 2828 3369 seipsum
2881 3299 3160 3367 quisquam
3195 3299 3364 3352 homi-

1794 3413 1920 3453 num
1951 3397 2181 3451 invictus
2209 3405 2321 3466 est,
2352 3394 2444 3448 sed
2474 3410 2568 3462 per
2595 3394 2737 3446 illam
2770 3390 3260 3445 incommutabilem
3283 3389 3364 3446 le-

1793 3489 2032 3557 gem,cui
2057 3488 2357 3555 quicunque
2378 3485 2639 3548 serviunt,
2655 3484 2888 3538 solisunt
2904 3482 3056 3536 liberi
3079 3498 3094 3546 ;
3120 3481 3197 3535 sic
3221 3494 3288 3535 en
3315 3495 3364 3532 tu

1794 3582 1872 3636 eis
1901 3579 2041 3649 quod
2074 3579 2302 3645 diligunt
2353 3564 2549 3630 auferri
2580 3589 2683 3628 non
2730 3580 2940 3641 potest,
2983 3588 3104 3640 qua:
3144 3585 3232 3651 res
3263 3585 3365 3624 una

1794 3671 2020 3726 invictos
2063 3669 2183 3722 facit
2221 3677 2275 3721 et
2315 3666 2578 3736 perfectos
2620 3666 2782 3718 viros.
2847 3663 2978 3717 Nam
3011 3662 3057 3716 si
3080 3664 3159 3716 vel
3189 3663 3363 3726 ipsum

1797 3762 2064 3816 hominem
2118 3761 2278 3813 homo
2321 3759 2608 3822 dilexerit,
2659 3773 2763 3809 nun
2808 3766 3056 3822 tanquam
3104 3753 3367 3819 seipsum,

1795 3852 1887 3906 sed
1920 3860 2170 3918 tanquam
2202 3848 2500 3917 jumentum
2527 3887 2542 3908 ,
2581 3856 2672 3898 aut
2698 3845 2916 3899 balneas
2943 3883 2957 3906 ,
2989 3854 3078 3908 aut
3103 3843 3366 3896 aviculam

1795 3942 1993 4010 pictam
2030 3939 2111 3992 vel
2138 3937 2425 4007 garrulam,
2458 3937 2508 3991 id
2539 3946 2641 3999 est,
2674 3947 2730 3989 ut
2759 3951 2822 3989 ex
2853 3950 2917 3989 eo
2944 3933 3139 4002 aliquid
3165 3944 3368 4000 tempo-

1795 4033 1924 4085 ralis
1946 4031 2233 4097 voIUptatis
2263 4039 2355 4081 aut
2383 4029 2652 4081 commodi
2684 4026 2890 4094 capiat,
2922 4026 3116 4078 serviat
3149 4038 3369 4076 necesse

1795 4131 1880 4177 est
1909 4138 2014 4174 non
2049 4120 2272 4185 homini,
2306 4120 2423 4185 sed,
2455 4119 2595 4186 quod
2629 4118 2862 4185 turpius,
2891 4122 3000 4168 tam
3031 4114 3173 4169 [ωάο
3199 4122 3252 4166 et
3279 4114 3370 4167 de-

1799 4216 2028 4271 testabili
2075 4214 2229 4282 vitio,
2274 4226 2379 4282 quo
2410 4227 2513 4265 non
2555 4219 2700 4263 amat
2743 4209 3011 4263 hominem
3041 4207 3181 4261 sicut
3211 4206 3370 4258 homo

1797 4308 2055 4362 amandus
2077 4317 2290 4374 est,quo
2312 4305 2442 4357 vitio
2464 4303 2772 4356 dominante
2796 4317 2962 4370 usque
2987 4300 3052 4354 ad
3077 4310 3369 4354 extremam

1798 4401 1958 4452 vitam
1989 4398 2280 4464 veLpotius
2311 4385 2534 4448 mortem
2567 4394 2890 4461 perducitur.
2917 4393 3021 4446 Sed
3049 4407 3115 4445 ne
3139 4393 3217 4445 sic
3251 4391 3368 4459 qui-

1725 4479 1775 4538 D
1800 4490 1923 4543 dem
1953 4488 2020 4541 ab
2059 4488 2277 4540 homine
2319 4486 2479 4539 homo
2508 4483 2807 4552 diligendus
2833 4493 2944 4551 est,
2990 4491 3046 4536 ut
3083 4480 3370 4551 diliguntur

1798 4565 2042 4632 carnales
2075 4576 2270 4631 fratres
2293 4616 2308 4640 ,
2350 4576 2435 4630 vel
2469 4575 2593 4638 lilii,
2627 4576 2707 4628 vel
2740 4573 2994 4641 cnnjuges
3015 4613 3029 4635 ,
3063 4571 3147 4625 vel
3173 4571 3370 4639 quique

1798 4670 2036 4736 cognati,
2083 4679 2171 4720 aut
2201 4669 2422 4733 affines,
2465 4673 2555 4718 aut
2584 4663 2761 4728 cives,
2793 4679 2913 4716 nam
2945 4674 2998 4718 ct
3028 4662 3373 4716 istadilectio

1801 4763 2109 4830 temporalis
2156 4771 2257 4812 Bst.
2328 4759 2509 4824 Itaque
2549 4756 2612 4808 ad
2661 4756 2935 4824 pristinam
2975 4755 3371 4820 perfectamque

1799 4865 2046 4907 naturam
2082 4866 2176 4903 nos
2207 4853 2316 4916 ipsa
2350 4849 2554 4902 Veritas
2581 4861 2800 4908 vocans.
2827 4846 3060 4913 praacipit
3090 4853 3146 4897 ut
3173 4843 3373 4897 carnali

1799 4942 2166 4998 consuetudini
2220 4939 2570 4998 resistamus,
2635 4935 2834 4989 docens
2885 4935 3149 4988 neminem
3189 4941 3368 5000 aptum

1799 5048 1920 5088 esse
1948 5047 2114 5100 regno
2158 5029 2283 5092 Dei,
2336 5027 2424 5096 qui
2457 5041 2561 5079 non
2595 5025 2723 5078 istas
2753 5025 2994 5077 carnales
3025 5022 3373 5090 necessitudi-

1799 5139 1895 5178 nes
1917 5122 2129 5176 oderit:
2181 5132 2353 5187 neque
2403 5116 2505 5170 hoc
2545 5115 2629 5169 cui
2654 5130 2792 5175 luam
2825 5112 3166 5166 inhumanum
3201 5110 3371 5164 videri

1798 5215 1953 5270 debet
2002 5211 2212 5280 :magis
2244 5209 2386 5264 enim
2437 5217 2518 5261 est
2566 5205 2913 5259 inlmmanum
2954 5218 3056 5256 non
3105 5216 3373 5255 amarem

1801 5307 2016 5362 homine
2041 5304 2181 5372 quod
2216 5302 2376 5356 homo
2405 5308 2488 5353 est
2513 5342 2528 5366 ,
2579 5297 2670 5351 sed
2702 5311 2885 5350 aniare
2923 5295 3060 5362 quod
3089 5295 3226 5347 filius
3251 5302 3330 5346 est
3356 5307 3372 5358 ;

1803 5397 1903 5451 hoc
1926 5406 2006 5450 est
2031 5394 2173 5448 enim
2209 5407 2311 5445 non
2343 5391 2395 5443 in
2445 5404 2509 5442 eo
2551 5388 2732 5440 amare
2779 5384 2906 5438 illud
2933 5385 3074 5454 quod
3117 5384 3181 5438 ad
3207 5383 3372 5437 Deum

1804 5489 2055 5556 pertinet,
2084 5483 2175 5538 sed
2205 5495 2384 5536 amare
2417 5478 2545 5532 illud
2579 5477 2718 5546 quod
2747 5475 2811 5530 ad
2841 5490 2900 5529 se
2934 5475 3180 5544 pertinet.
3236 5473 3372 5540 Quid

1802 5594 1930 5648 ergo
1976 5577 2169 5631 mirum
2215 5575 2259 5627 si
2304 5571 2371 5626 ad
2421 5583 2645 5641 regnum
2698 5582 2802 5622 non
2858 5566 3121 5635 pervenit,
3149 5566 3238 5633 qui
3270 5579 3374 5622 non

1802 5667 2142 5725 ctiuununem
2164 5664 2256 5719 sed
2285 5662 2545 5730 privatam
2570 5675 2679 5714 rem
2707 5658 2917 5726 diligit?
2941 5657 3046 5710 imo
3071 5666 3369 5723 utrumque,

1805 5764 1879 5820 ait
1905 5760 2190 5833 quispiam,
2215 5757 2322 5813 imo
2348 5755 2477 5812 illud
2510 5768 2694 5824 unum,
2722 5751 2849 5810 dicit
2880 5752 3035 5808 Deus.
3067 5751 3199 5808 Dicit
3229 5749 3370 5806 enim
