3862 6222
526 266 632 324 603

1589 266 1654 321 D.
1697 259 2012 323 EUGYPPII
2053 265 2345 324 ABBATIS
2372 266 2688 324 AFRICANI

3683 274 3773 329 (οι

530 384 810 439 verissime
836 382 1045 438 Veritas
1069 400 1081 435 :
1106 382 1270 437 Nemo
1293 390 1468 452 potest
1490 381 1698 437 duobus
1721 381 1954 435 dominis
1982 394 2100 435 ser-
2131 381 2178 440 Α
2209 387 2265 433 ut
2295 379 2362 433 ab
2392 395 2458 434 eo
2483 380 2681 449 aliquid
2713 381 2836 436 boni
2868 389 3014 438 extra
3060 389 3350 443 mereatur,
3379 382 3477 436 sed
3525 382 3604 436 cni
3655 388 3771 442 nihil

524 477 673 529 vire:
700 492 856 532 nemo
899 477 1040 529 enim
1082 483 1252 539 potest
1285 475 1517 542 perfecte
1553 476 1769 544 diligere
1801 489 1906 544 quo
1937 489 2093 528 voca-

521 581 660 635 mur,
707 568 807 619 nisi
837 566 1009 619 oderit
1037 564 1176 618 unde
1221 581 1557 620 revocamur.
1613 565 1880 620 Vocantur
1909 574 2088 620 autem

519 659 587 710 ad
635 657 924 726 perfectam
974 666 1213 709 naturam
1240 657 1548 719 buntanam,
1579 658 1791 727 qualem
1821 665 1942 710 ante
1969 670 2091 725 pee-

517 760 694 801 catum
723 758 962 802 nostrum
997 748 1133 801 Dens
1168 748 1314 814 fecit,
1343 763 1653 804 revocantur
1681 757 1858 801 autem
1887 748 1954 800 ab
1974 749 2090 815 ejns

515 839 798 892 dilectione
843 853 1000 908 quam
1028 843 1303 909 peccando
1346 841 1656 895 meruimus.
1704 840 1880 907 Quare
1908 839 2088 892 oderi-

516 947 632 985 mus
660 941 870 1002 Oportet
924 932 1066 987 unde
1092 943 1149 986 ut
1179 933 1471 988 liberemur
1491 942 1755 1001 optamus.
1805 932 2088 987 Oilerimus

514 1040 642 1093 ergo
671 1025 995 1092 temporales
1022 1026 1445 1080 necessitudines
1473 1067 1487 1092 ,
1519 1024 1564 1077 si
1605 1023 1923 1077 aternitatis
1953 1023 2084 1102 elia-

510 1122 668 1174 ritate
704 1121 1015 1188 ﬂagramus.
1068 1121 1262 1190 Diligat
1311 1120 1471 1173 bomo
1499 1119 1796 1187 proximum
1831 1127 2083 1187 tanquam

505 1215 764 1284 seipsutn.
817 1213 975 1270 Certe
1022 1215 1165 1269 enim
1206 1213 1308 1267 sibi
1352 1212 1463 1281 ipse
1493 1225 1651 1265 nemo
1680 1220 1760 1265 est
1789 1204 2086 1278 pater,'aut

509 1304 674 1369 ﬁlius,
703 1315 793 1357 aut
819 1304 1013 1368 aflinis,
1047 1313 1137 1356 aut
1165 1301 1364 1369 aliquid
1402 1299 1728 1368 huiusmodi,
1759 1299 1850 1353 sed
1875 1308 2079 1354 tantum

505 1393 687 1446 homo.
712 1392 810 1459 Qui
831 1407 958 1461 ergo
975 1390 1144 1461 diligit
1171 1390 1401 1457 aliquem
1429 1401 1676 1459 tanquam
1700 1390 1958 1457 seipsnm,
1981 1391 2081 1444 ltoc

510 1483 563 1536 in
594 1496 661 1536 eo
683 1482 842 1536 debet
880 1482 1101 1552 diligere
1127 1481 1265 1550 quod
1291 1481 1390 1534 sibi
1420 1481 1533 1549 ipse
1559 1489 1660 1536 est.
1683 1480 1920 1549 Corpora
1951 1497 2080 1536 vero

507 1587 613 1625 non
639 1581 762 1626 sunt
785 1573 923 1640 quod
955 1589 1051 1627 nos
1079 1587 1283 1638 sttntus,
1305 1588 1408 1626 non
1432 1589 1560 1642 ergo
1579 1573 1630 1625 in
1656 1572 1868 1629 homine
1880 1563 2078 1642 corpus

505 1673 587 1716 est
615 1663 995 1730 expetendum,
1051 1673 1144 1717 aut
1187 1665 1614 1718 desiderandum.
1661 1664 1810 1719 Valet
1838 1665 1979 1718 enim
2005 1665 2071 1719 ad

2198 471 2340 524 aliud
2369 488 2528 540 quam
2557 473 2728 541 ipsum
2756 475 3036 531 adbznrere
3068 476 3176 530 Deo
3205 477 3402 530 bonum
3449 484 3532 528 est
3583 476 3674 530 llic
3704 481 3768 532 vir

2197 565 2431 633 qnandiu
2457 575 2540 619 est
2571 567 2622 619 itt
2654 566 2753 620 liae
2769 569 2871 620 vita
2904 569 3069 623 utitur
3085 571 3258 624 amico
3284 570 3351 624 ad
3384 569 3763 636 rependendam

2193 656 2445 723 gratiam,
2475 657 2642 710 utitur
2679 656 2896 711 inimico
2927 660 2994 711 ad
3027 662 3363 729 patientiam,
3396 665 3558 714 utitur
3585 661 3760 730 quibus

2195 756 2368 814 potest
2396 749 2460 800 ad
2492 749 2917 812 beneficentiam,
2949 752 3112 803 utitur
3133 753 3388 807 omnibus
3441 753 3505 806 ad
3541 753 3757 807 bianevo

2194 839 2414 893 lentiam
2442 858 2453 893 :
2482 850 2536 895 et
2565 857 2866 910 quanquam
2906 845 3218 908 temporalia
3264 861 3372 899 non
3411 846 3597 917 diligat
3632 847 3751 914 ipse,

2192 944 2338 986 recte
2369 936 2534 988 utitur
2561 936 2968 1002 temporalibus,
2993 945 3048 990 et
3080 951 3177 1005 pro
3203 951 3388 992 eorum
3419 949 3565 994 sorte
3601 940 3747 991 horni-

2193 1024 2348 1078 nibus
2393 1026 2646 1092 consulit,
2701 1028 2744 1080 si
2789 1027 3068 1095 aequaliter
3114 1042 3219 1082 non
3272 1038 3446 1096 potest
3500 1032 3749 1083 omnibus.

2188 1114 2366 1179 Quare
2406 1115 2450 1168 si
2490 1115 2726 1183 aliquem
2785 1115 3124 1182 familiarium
3185 1134 3402 1172 suortttn
3471 1123 3746 1188 promptius

2187 1222 2343 1274 quam
2375 1206 2670 1276 quemlibet
2704 1207 3028 1278 alloquitur,
3065 1225 3168 1262 non
3197 1225 3322 1263 enm
3370 1211 3536 1278 magis
3572 1210 3746 1281 diligit,

2186 1295 2279 1349 sed
2310 1295 2377 1348 ad
2411 1313 2536 1350 eum
2569 1297 2729 1351 liabet
2757 1298 3014 1366 majorem
3039 1299 3314 1364 ﬁduciam,
3351 1311 3402 1354 et
3443 1301 3743 1368 apertiorem

2186 1389 2444 1451 temporis
2497 1389 2738 1458 januam.
2804 1391 3025 1446 Tractat
3072 1380 3214 1446 enim
3272 1394 3494 1460 tempori
3549 1392 3743 1446 deditos

2185 1487 2333 1532 tanto
2363 1481 2574 1546 melius,
2611 1491 2814 1550 quanto
2861 1483 2975 1550 ipse
3004 1485 3175 1537 minus
3205 1484 3466 1550 obligatus
3503 1493 3578 1537 est
3612 1495 3738 1536 tein-

2186 1571 2327 1636 puri.
2358 1571 2487 1624 Cum
2512 1571 2689 1641 itaque
2721 1573 2967 1627 omnibus
2997 1588 3130 1642 quos
3170 1574 3370 1640 pariter
3424 1573 3586 1642 diligit
3625 1588 3739 1640 pro-

2181 1659 2338 1714 desse
2365 1676 2466 1715 nou
2497 1661 2687 1728 possit,
2713 1663 2811 1716 nisi
2835 1662 3288 1730 conjunctioribus
3311 1663 3560 1732 prodesse
3580 1663 3736 1724 malit,

497 1754 599 1808 hoc
624 1756 782 1808 etiam
814 1756 954 1823 quod
983 1766 1306 1825 prmceptnm
1333 1767 1450 1811 est:
1483 1757 1557 1811 Nc
1584 1755 1933 1825 concupiscas
1957 1773 2069 1811 rem
2107 1747 2150 1805 Β
2178 1750 2532 1820 injttstus'est.
2560 1753 2734 1808 Animi
2767 1766 2945 1809 autem
2968 1755 3277 1824 conjunctio
3306 1754 3475 1824 major
3493 1764 3735 1823 estquam

497 1844 726 1913 proximi
752 1846 823 1899 ttti
850 1863 863 1910 ;
885 1855 1207 1916 quapropter
1231 1849 1469 1916 quisquis
1492 1847 1541 1899 in
1567 1849 1808 1916 proximo
1823 1849 1966 1903 aliud
1988 1849 2071 1905 di-

493 1937 608 2006 ligit
623 1951 782 2005 quam
801 1937 902 1990 sibi
923 1938 1038 2008 ipse
1054 1947 1154 2003 est,
1181 1952 1286 1991 non
1306 1955 1426 1991 cum
1449 1939 1619 2009 diligit
1653 1925 1902 2007 tanquam
1925 1943 2068 2010 seip-

491 2043 646 2093 sttm;
675 2029 785 2095 ipsa
813 2027 974 2096 igitur
991 2038 1175 2081 natura
1199 2028 1426 2081 butnana
1449 2031 1565 2084 sine
1589 2031 1788 2083 carnali
1814 2031 2070 2086 conditio-

489 2135 555 2173 ne
576 2120 842 2189 diligenda
883 2132 987 2186 est,
1022 2121 1133 2174 sive
1172 2121 1240 2174 sit
1283 2121 1626 2188 pi-rllcieuda,
1659 2123 1771 2178 sive
1805 2124 2062 2192 perfecta.

486 2212 688 2266 Omnes
701 2213 798 2265 sub
815 2227 920 2264 uno
933 2212 1040 2266 Deo
1061 2222 1207 2281 patre
1227 2214 1437 2292 cggttati
1453 2217 1678 2282 suntqui
1702 2230 1822 2269 eum
1836 2217 2071 2284 diligunt

487 2322 541 2366 et
567 2313 762 2366 faciunt
785 2313 1108 2366 voluntatem
1144 2311 1333 2381 ipsius,
1359 2322 1409 2368 et
1433 2312 1660 2367 invicem
1683 2314 1785 2368 sibi
1809 2318 1927 2370 sunt
1960 2356 1975 2380 ,
2009 2327 2062 2372 et

488 2418 663 2478 patres
689 2425 809 2465 cum
832 2411 933 2464 sibi
967 2411 1276 2477 consulunt,
1311 2421 1363 2466 et
1394 2411 1486 2466 filii
1509 2416 1634 2468 eum
1663 2413 1762 2467 sibi
1785 2415 2063 2487 obtempe-

487 2510 629 2566 rant,
653 2503 754 2571 19
766 2509 820 2556 et
839 2501 1032 2556 fratres
1048 2502 1300 2566 maxime,
1316 2499 1437 2571 quia
1455 2517 1548 2557 eos
1572 2519 1707 2557 unus
1727 2514 1875 2573 pater
1900 2515 2061 2561 testa-

489 2602 671 2646 mento
694 2608 794 2647 suo
823 2594 889 2646 ad
921 2610 1081 2647 unam
1115 2593 1485 2647 [nereditatem
1527 2603 1697 2648 vocat.
1728 2595 2062 2667 Quapropter

480 2685 710 2755 enriste
738 2699 841 2739 non
873 2687 940 2739 sit
969 2685 1198 2740 invictus
1224 2683 1492 2739 hominem
1529 2684 1821 2754 diligendo,
1852 2701 1973 2743 cum
2001 2687 2056 2744 in

479 2791 550 2830 eo
579 2775 712 2829 nihil
747 2785 939 2844 prmter
969 2775 1238 2830 hominem
1277 2775 1479 2844 diligat,
1515 2775 1566 2830 id
1604 2785 1705 2841 cst,
1753 2786 2054 2837 creaturam

480 2871 600 2936 Dei,
627 2873 692 2925 ad
718 2871 832 2941 ejus
867 2872 1149 2941 imaginem
1182 2871 1398 2937 factam,
1433 2885 1532 2925 nec
1557 2871 1604 2926 ei
1649 2875 1816 2940 possit
1863 2874 2057 2930 deesse

478 2961 713 3030 perfecta
747 2971 932 3016 natura
962 2977 1119 3031 quam
1150 2962 1320 3031 diligit
1347 2978 1465 3015 cum
1493 2963 1608 3030 ipse
1639 2964 1905 3031 perlectus
1933 2963 2056 3020 est?

477 3052 628 3108 Sicut
657 3056 823 3121 e'nitn,
847 3055 994 3111 verbi
1030 3055 1220 3124 gratia,
1250 3056 1293 3108 si
1337 3054 1620 3148 quisquam
1668 3054 1856 3125 diligat
1912 3057 2050 3148 bene
2077 3086 2124 3148 ε

473 3154 800 3210 cantantem,
847 3160 950 3199 non
982 3145 1144 3210 bunc,
1176 3155 1266 3198 aut
1307 3145 1475 3208 illutn,
1517 3143 1613 3198 sed
1659 3153 1864 3199 tantum
1915 3143 2051 3201 bene

473 3247 780 3292 cantantem
807 3238 1122 3308 quemlibet,
1152 3252 1271 3291 cum
1300 3237 1368 3289 sit
1396 3247 1642 3290 cantator
1681 3234 1909 3309 [cantor]
1938 3237 2052 3306 ipse

474 3327 775 3395 perfectus;
811 3327 882 3381 ita
911 3327 1023 3380 vult
1049 3341 1235 3380 omnes
1259 3325 1391 3380 tales
1416 3339 1558 3390 esse,
1584 3337 1639 3378 ιιι
1663 3337 1840 3380 tamen
1873 3328 1920 3381 ei
1943 3341 2049 3381 non

471 3417 614 3473 desit
656 3419 796 3488 quod
826 3417 995 3487 diligit
1036 3416 1282 3489 [diligat],
1324 3419 1444 3486 quia
1497 3418 1611 3486 ipse
1657 3418 1794 3473 bene
1845 3427 2047 3473 cantat.

471 3509 604 3564 Nam
633 3508 677 3563 si
706 3510 950 3578 cuiquam
975 3507 1175 3564 invidet
1194 3509 1331 3564 bene
1360 3509 1619 3573 cantanti,
1651 3509 1756 3563 'non
1786 3511 1894 3578 jam
1918 3511 2049 3565 illud

469 3599 663 3667 diligit,
695 3599 789 3655 sed
819 3611 912 3654 aut
949 3599 1182 3662 laudem,
1239 3609 1330 3654 ant
1359 3600 1558 3670 aliquid
1587 3601 1751 3665 aliud,
1781 3616 1885 3671 quo
1911 3601 2049 3659 bene

470 3693 737 3745 cantando
760 3693 868 3746 vult
891 3694 1190 3762 pervenire,
1207 3705 1259 3748 et
1284 3704 1458 3764 potest
1480 3695 1526 3748 ei
1551 3693 1716 3748 minui
1740 3697 1818 3751 vel
1845 3697 2044 3753 auferri

469 3787 513 3837 si
547 3791 600 3838 et
621 3787 761 3839 alius
805 3785 941 3866 b.ene
988 3788 1303 3841 cantaret-it.
1332 3788 1431 3855 Qui
1479 3803 1608 3854 ergo
1657 3788 1858 3844 invidet
1906 3790 2047 3846 bene

469 3875 732 3939 cantanti,
763 3891 867 3929 non
896 3886 1038 3929 amat
1064 3876 1198 3931 bene
1241 3887 1574 3940 cantantem;
1604 3879 1696 3931 scd
1743 3895 1929 3933 rursus
1957 3880 2047 3951 qui

469 3984 536 4019 eo
561 3967 780 4037 indiget,
815 3983 918 4021 non
945 3977 1124 4023 cantat
1148 3969 1306 4025 bene.
1340 3971 1491 4036 Quod
1529 3970 1695 4024 multo
1740 3986 2046 4029 acettmmo-

468 4071 644 4124 datius
676 4070 741 4126 de
773 4071 909 4126 bene
937 4073 1151 4126 vivente
1191 4071 1298 4125 dici
1332 4080 1524 4139 potest,
1569 4071 1690 4139 quia
1719 4081 1770 4126 et
1805 4073 2047 4130 invidere

467 4169 598 4223 nulli
659 4179 888 4237 potest:
941 4186 1047 4240 quo
1097 4171 1239 4225 enim
1295 4173 1613 4240 perveniunt
1663 4171 1801 4226 bene
1855 4173 2043 4227 viven-

469 4273 598 4323 tcs,
661 4263 988 4327 tantumdem
1056 4272 1138 4318 est
1211 4263 1496 4327 omnibus,
1567 4277 1666 4316 nec
1752 4263 1927 4318 minus
1988 4263 2048 4319 lit

463 4371 586 4408 cum
636 4354 817 4422 plures
866 4355 1166 4410 habuerint.
1217 4355 1283 4408 Et
1312 4364 1486 4424 poteSt
1532 4370 1652 4409 esse
1696 4365 1905 4424 tempus
1939 4373 2045 4424 quo

463 4448 633 4504 bonus
657 4457 898 4500 Cantator
924 4455 1141 4501 cantare
1172 4463 1278 4501 non
1308 4447 1563 4502 decenter
1591 4457 1772 4516 queat,
1803 4457 1858 4501 et
1899 4448 2040 4502 indi-

462 4548 583 4606 geat
629 4554 759 4594 voce
800 4540 1021 4594 alterius
1045 4555 1146 4609 qua
1171 4540 1269 4593 sibi
1301 4539 1619 4596 esbibeatur
1669 4539 1809 4608 quod
1842 4531 2038 4608 diligit,

463 4644 710 4700 tanquzm
757 4633 804 4686 si
837 4632 1031 4686 alicubi
1081 4631 1437 4697 convivctur,
1484 4630 1571 4684 ubi
1640 4645 1761 4685 eum
1821 4641 2072 4688 cantare-

460 4734 619 4793 turpe
644 4725 732 4792 si',
766 4723 858 4779 sed
888 4725 1076 4778 deceat
1105 4723 1290 4778 audire
1335 4732 1662 4786 cantantem,
1695 4723 1832 4777 bene
1859 4733 2036 4776 autem

454 4819 642 4874 vivere
687 4833 898 4887 semper
942 4818 1116 4872 decet.
1143 4817 1318 4884 Quare
1361 4817 1602 4886 quisquis
1647 4817 1748 4870 boc
1777 4815 1952 4884 diligit
1981 4823 2039 4870 et

459 4910 610 4975 facit,
656 4927 759 4963 non
793 4912 964 4964 solum
1009 4926 1114 4964 non
1165 4908 1368 4964 invidet
1411 4908 1764 4972 imitantibus,
1814 4908 1906 4961 sed
1955 4908 2037 4961 eis

455 5026 517 5069 se
548 5010 748 5078 prtebct
779 5009 1130 5064 libentissime
1155 5018 1317 5078 atque
1345 5009 1733 5062 humanissime
1779 5017 2035 5075 quantum

455 5116 646 5174 potest,
670 5119 767 5159 nec
797 5102 878 5157 eis
908 5111 1082 5156 tamen
1119 5101 1342 5170 indiget.
1366 5099 1497 5154 Nam
1521 5099 1661 5168 quod
1693 5101 1745 5153 in
1781 5099 1887 5152 illis
1915 5097 2038 5152 dili-

451 5202 549 5266 git,
600 5197 655 5251 in
695 5211 754 5249 se
785 5195 902 5263 ipso
943 5192 1104 5246 habet
1147 5199 1317 5246 totum
1373 5201 1534 5262 atque
1582 5189 1874 5258 perfectum
1911 5206 1923 5240 :
1965 5189 2035 5242 ita

451 5309 573 5350 cum
595 5289 767 5360 diligit
806 5287 1105 5357 proximum
1135 5293 1384 5353 tanquam
1408 5285 1666 5353 seipsum,
1697 5297 1803 5336 non
1836 5279 2037 5335 invidet

452 5395 526 5462 ei,
555 5394 676 5463 quia
709 5405 805 5444 nec
829 5386 1142 5457 sibimetipsi
1165 5427 1180 5451 ,
1208 5395 1424 5455 praestat
1448 5387 1499 5440 ei
1523 5384 1664 5456 quod
1691 5393 1885 5454 potest,
1911 5382 2034 5451 quia

451 5513 495 5550 ει
524 5498 622 5551 sibi
656 5495 786 5564 ipsi;
821 5507 925 5547 non
942 5489 1084 5563 [nec]
1105 5503 1170 5543 eo
1191 5487 1546 5556 indiget,quia
1569 5501 1666 5541 nec
1682 5477 1893 5554 seipse;
1920 5493 2035 5537 tan-

455 5599 560 5638 tntn
611 5588 721 5640 Deo
769 5585 988 5652 indiget,
1021 5582 1105 5635 cui
1147 5578 1475 5634 adhaerendo
1515 5579 1699 5631 beatus
1730 5587 1830 5631 est.
1867 5577 2033 5630 Nemo

453 5688 628 5735 autem
673 5678 745 5731 illi
794 5664 952 5740 eripit
988 5676 1182 5737 Deum;
1234 5671 1322 5726 ille
1366 5685 1494 5738 ergo
1544 5670 1823 5724 verissime
1871 5679 2032 5737 atque

433 5749 757 5827 tutissime
788 5767 1016 5822 invictus
1051 5765 1211 5846 homo
1241 5771 1345 5832 cst,
1377 5761 1465 5833 qui
1497 5760 1733 5817 colu-tet
1761 5761 1889 5828 Dco,
1924 5777 2029 5820 non

2176 1843 2415 1898 locorum
2447 1855 2538 1898 aut
2563 1853 2891 1916 temporum,
2915 1847 3178 1914 quibusin
3204 1847 3305 1900 hoc
3327 1863 3545 1917 corpore
3567 1846 3729 1916 jungio

2173 1949 2313 1998 mur,
2347 1937 2439 1989 sed
2486 1950 2548 1990 ea
2600 1938 2830 1991 maxima
2887 1945 2970 1992 Cal
3021 1954 3138 2006 qua:
3181 1939 3429 1993 omnibus
3476 1940 3730 2008 praevalet.

2172 2024 2284 2078 Non
2321 2042 2451 2094 ergo
2489 2029 2585 2082 iste
2617 2028 2865 2097 afﬂigitur
2911 2042 3084 2084 morte
3131 2030 3466 2098 cujusquam,
3503 2031 3730 2097 quoniam

2170 2119 2268 2195 qui.
2288 2128 2399 2172 toto
2436 2121 2616 2174 animo
2663 2120 2830 2174 Deum
2865 2120 3057 2188 diligit,
3096 2121 3239 2174 novit
3268 2135 3368 2174 nee
3413 2121 3509 2174 sibi
3551 2120 3724 2189 perire,

2168 2207 2258 2274 qui
2284 2207 2394 2262 Dco
2429 2224 2536 2262 non
2569 2211 2726 2278 perit.
2763 2210 2901 2264 Deus
2929 2223 3109 2264 autem
3143 2211 3404 2265 Dominus
3453 2224 3532 2264 est
3567 2222 3614 2264 et
3648 2212 3718 2262 vi-

2166 2313 2354 2354 vorum
2378 2308 2432 2354 et
2457 2313 2811 2357 mortuorum.
2848 2295 2963 2376 Non
2988 2302 3302 2372 cujusquam
3347 2304 3549 2364 miseria
3578 2303 3722 2357 miser

2170 2403 2280 2458 eat,
2311 2392 2438 2460 quia
2469 2408 2571 2447 nec
2599 2394 2911 2463 cujusquam
2945 2396 3202 2464 injustitia
3232 2395 3288 2448 lit
3314 2396 3560 2464 injustas;
3590 2408 3636 2449 et
3663 2408 3713 2450 ut

2166 2497 2325 2536 nemo
2349 2482 2420 2537 illi
2442 2482 2703 2552 justitiam
2725 2495 2778 2540 et
2807 2485 2971 2540 Deum
2999 2485 3319 2557 Ldeitatem],
3354 2487 3432 2540 sic
3465 2501 3610 2539 nemo
3637 2502 3719 2537 au-

2165 2573 2266 2627 fert
2290 2573 2716 2642 beatitudinem;
2745 2585 2800 2632 et
2826 2578 2871 2630 si
2893 2575 3109 2646 quando
3151 2576 3287 2630 forte
3333 2576 3549 2645 alicujus
3589 2577 3714 2643 peri-

2162 2666 2308 2732 culo,
2342 2666 2428 2722 vel
2458 2681 2668 2733 errore,
2711 2670 2795 2725 vel
2834 2670 3022 2725 dolore
3056 2679 3446 2731 commovetur,
3479 2684 3631 2733 usque
3653 2668 3712 2721 ad

2161 2755 2305 2812 illius
2331 2757 2610 2823 auxilium,
2631 2767 2725 2813 aut
2744 2759 3156 2824 correctionem,
3184 2769 3277 2814 aut
3298 2760 3710 2824 consolationem,

2160 2858 2268 2898 non
2297 2859 2466 2914 usque
2494 2845 2560 2899 ad
2586 2861 2738 2901 suam
2763 2846 3171 2903 subt'ersionet-t
3200 2849 3382 2903 valere
3416 2850 3616 2917 patitur.
3659 2845 3708 2900 ltt

2158 2933 2407 2989 Omnibus
2460 2946 2640 2990 autem
2681 2937 2936 2992 officiosis
2985 2938 3258 2993 laboribus
3307 2938 3495 2994 futurae
3535 2940 3708 3005 quietis

2158 3035 2302 3078 oerta
2325 3029 2723 3094 exspectatione
2756 3043 2860 3082 non
2886 3029 3168 3100 frangitur.
3213 3029 3350 3095 Quid
3393 3032 3530 3085 enim
3557 3031 3601 3084 ei
3627 3045 3708 3082 no.

2156 3115 2318 3180 cebit,
2343 3117 2431 3185 qui
2462 3117 2595 3172 bene
2626 3119 2702 3172 uti
2735 3123 2896 3173 etiam
2931 3122 3149 3175 inimico
3179 3124 3387 3190 potest?
3426 3122 3546 3190 Ejus
3583 3123 3704 3175 enim

2155 3207 2403 3274 praesidio
2429 3218 2589 3276 atque
2616 3210 2943 3264 munimento
2982 3212 3290 3264 inimicitias
3331 3225 3435 3265 non
3470 3213 3702 3278 pertime-

2154 3295 2275 3363 scit,
2314 3295 2462 3365 cujus
2495 3309 2761 3366 prtecepto
2795 3307 2851 3353 et
2896 3299 3038 3354 dono
3083 3301 3254 3370 diligit
3293 3301 3549 3366 inimicos,
3595 3301 3704 3353 huic

2154 3389 2269 3442 viro
2286 3388 2352 3466 in
2379 3388 2807 3445 tribulationibus
2831 3407 3016 3462 parum
3039 3403 3121 3448 est
3154 3409 3258 3448 non
3282 3395 3596 3458 contristari,
3621 3394 3704 3446 nisi

2153 3481 2312 3535 etiam
2380 3481 2628 3552 gaudeat,
2684 3484 2861 3540 sciens
2906 3487 3046 3553 quod
3103 3486 3374 3540 tribulatio
3427 3486 3702 3555 patientiam

2152 3583 2443 3641 operatur,
2497 3575 2751 3645 patientia
2805 3578 3218 3646 probationem,
3267 3581 3508 3647 probatio
3553 3593 3702 3646 spem,

2151 3677 2276 3732 spes
2299 3675 2473 3719 autem
2504 3681 2610 3720 non
2638 3666 2935 3731 confundit,
2966 3668 3218 3737 quoniam
3250 3669 3483 3723 cbaritas
3508 3669 3593 3722 Dei
3615 3667 3702 3721 dif—

2152 3755 2264 3810 fusa
2292 3765 2374 3810 est
2405 3759 2458 3811 in
2487 3758 2742 3813 cordibus
2774 3761 2973 3814 nostris
3021 3775 3116 3829 per
3162 3761 3420 3831 Spiritum
3465 3773 3701 3824 sanctum,

2153 3849 2243 3918 qui
2271 3849 2424 3904 datus
2452 3860 2534 3906 est
2563 3851 2758 3918 nobis;
2789 3853 2908 3924 quis
2955 3855 3080 3910 buic
3130 3857 3390 3912 nocebit?
3423 3858 3536 3924 quis
3582 3859 3701 3909 hunc

2149 3940 2492 4010 sttbjugabit?
2522 3943 2681 4000 homo
2702 3945 2790 4013 qui
2816 3947 3083 4016 prosperis
3117 3947 3279 4002 rebus
3310 3949 3536 4012 prolicit,
3561 3963 3694 4014 aspe-

2157 4033 2231 4086 ris
2258 4034 2382 4102 quid
2415 4033 2706 4102 profecerit
2730 4037 2899 4092 discet
2925 4037 3148 4110 [discit].
3199 4037 3335 4093 Cum
3366 4041 3504 4095 enim
3551 4051 3700 4092 muta-

2150 4122 2332 4178 bilium
2371 4124 2630 4181 bonorum
2675 4127 2827 4183 adest
2854 4129 3026 4195 cepis,
3076 4143 3184 4182 non
3234 4131 3314 4184 eis
3363 4131 3592 4191 confidit;
3622 4129 3697 4182 sed

2150 4227 2270 4266 cum
2301 4215 3030 4286 subtrahuntur,agnoscitur
3061 4220 3345 4291 [agnoscitl
3393 4231 3562 4275 utrum
3599 4235 3697 4273 eum

2152 4318 2257 4356 non
2277 4306 2538 4372 ceperint,
2562 4306 2684 4372 quia
2706 4307 3016 4376 plerumque
3036 4323 3155 4362 cum
3177 4308 3366 4362 adsunt
3395 4310 3560 4370 nobis,
3585 4320 3696 4374 [tnta-

2149 4407 2268 4447 mus
2294 4393 2438 4462 quod
2464 4409 2569 4474 non
2583 4410 2642 4450 ea
2655 4395 2962 4466 diligamus;
2983 4397 3076 4452 sed
3101 4413 3222 4452 cum
3244 4399 3435 4454 abesse
3450 4400 3695 4467 ceperint.

2066 4458 2120 4518 D
2150 4482 2455 4538 invenimus
2476 4465 2565 4554 qui
2589 4487 2779 4544 simus.
2802 4488 2912 4542 lloc
2955 4488 3099 4542 enim
3143 4489 3263 4544 sine
3311 4506 3492 4544 arnore
3545 4501 3698 4542 nostro

2150 4572 2354 4650 adq-at,
2383 4573 2525 4643 quod
2554 4575 2670 4629 sine
2691 4575 2879 4631 dolore
2921 4577 3157 4631 discedet
3187 4579 3477 4651 [discedit].
3510 4573 3720 4631 \‘itlrtur‘

2149 4677 2278 4732 ergo
2306 4661 2520 4718 vincere
2548 4678 2670 4719 cum
2695 4663 2955 4732 vincatur,
2981 4667 3067 4737 qui
3097 4670 3401 4737 superando
3431 4673 3492 4723 ad
3521 4670 3565 4724 id
3590 4683 3687 4736 per-

2149 4754 2292 4809 venit
2324 4756 2464 4824 quod
2493 4771 2614 4810 cum
2644 4758 2830 4813 dolore
2853 4759 3146 4817 ami-surns
3175 4771 3259 4814 est
3299 4779 3312 4824 ;
3344 4773 3395 4816 et
3429 4762 3688 4815 vincitcotn

2146 4847 2286 4902 vinci
2317 4847 2584 4913 videatur,
2608 4850 2847 4918 quisquis
2868 4850 3110 4904 cedendo
3140 4852 3206 4905 ad
3241 4854 3290 4904 id
3327 4855 3554 4922 pervenit
3575 4851 3688 4921 quod

2145 4955 2252 4993 non
2272 4939 2472 4994 amittit
2495 4940 2716 4994 invitus.
2745 4942 2912 5006 Quem
2946 4941 3175 4995 delectat
3213 4958 3346 5011 ergo
3390 4945 3608 5005 libertas.
3632 4945 3684 4996 ab

2143 5043 2327 5083 arnore
2376 5029 2715 5083 mutabilium
2768 5046 2947 5085 rerum
3005 5032 3144 5086 liber
3192 5047 3314 5088 osse
3368 5045 3592 5102 appetat;
3643 5045 3686 5085 ct

2142 5135 2298 5190 quem
2330 5134 2555 5190 regnare
2585 5120 2840 5189 delectat,
2890 5123 2978 5175 uni
3021 5125 3258 5177 omnium
3291 5128 3554 5195 regnatori
3598 5126 3684 5177 Deo

2142 5211 2386 5267 subditus
2417 5212 2640 5272 ltaireat.
2674 5214 2791 5282 plus
2817 5229 2937 5269 eum
2963 5215 3236 5283 diligendo
3260 5233 3416 5287 quam
3442 5220 3679 5283 seipsntn:

2142 5311 2197 5355 et
2241 5301 2353 5355 batc
2383 5311 2465 5356 est
2506 5301 2742 5371 perfecta
2773 5303 3006 5373 jnstitia,
3040 5319 3143 5373 qua
3186 5306 3363 5374 putius
3411 5309 3613 5374 potiora,
3639 5315 3680 5356 et

2146 5395 2320 5449 minus
2349 5395 2552 5448 minora
2591 5395 2898 5465 diligimus;
2942 5398 3238 5465 sapientem
3287 5401 3508 5452 animam
3549 5408 3678 5463 atque

2146 5486 2428 5553 perlectam
2462 5486 2619 5539 talem
2653 5486 2857 5554 diligat,
2885 5488 3097 5556 qualern
3128 5489 3273 5541 illam
3308 5491 3481 5544 videat
3506 5484 3673 5559 [videt].

2144 5579 2360 5631 stultam
2397 5594 2502 5631 non
2530 5579 2708 5642 talem,
2739 5580 2830 5632 sed
2861 5581 2982 5645 quia
3014 5595 3131 5633 esse
3156 5581 3388 5647 perfecta
3418 5592 3467 5634 ct
3504 5582 3675 5647 »πνίγεις

2143 5680 2334 5739 potest,
2361 5671 2478 5738 quia
2507 5687 2604 5725 nec
2624 5672 2858 5739 seipsunt
2887 5671 3047 5726 debet
3073 5675 3291 5726 stultum
3318 5674 3543 5741 diligere.
3568 5671 3670 5723 Nam

2141 5764 2229 5832 qui
2255 5777 2312 5820 se
2344 5763 2515 5832 diligit
2567 5765 2810 5832 stultum,
2850 5778 2955 5819 non
2986 5763 3232 5834 proﬁciet
3262 5766 3326 5820 ad
3373 5769 3666 5834 sapieutzattt.
