3862 6222
109 209 182 265 35
1332 212 1762 272 TBESAURUS.
1799 212 1953 272 CAP.
1991 211 2176 271 XXIII.

3259 217 3364 272 606

109 340 180 380 ec
216 324 335 382 ﬁet
361 329 605 400 quisque
629 328 803 400 qualis
823 329 965 397 cupit
991 342 1132 393 esse,
1162 326 1261 383 nisi
1290 341 1348 382 se
1373 329 1545 383 oderit
1568 341 1698 395 qua-
1725 324 1776 383 Α
1804 325 1896 393 sit,
1925 337 2063 379 cum'
2087 326 2390 394 ignoscunt,
2419 338 2488 380 ne
2524 339 2731 395 parum.
2777 324 2918 380 Nihil
2961 325 3181 396 puniant
3220 330 3359 396 quod

108 430 141 470 s
192 425 322 471 est.
364 419 491 475 Sed
537 421 708 474 donec
746 420 813 473 ad
860 420 1170 489 sapientiam
1216 421 1701 495 perfectionemque

108 507 395 572 eniatur,
451 524 513 563 eo
555 509 734 562 animo
784 509 920 563 {erat
964 509 1243 564 stultitiam
1299 508 1546 578 proximi,
1595 524 1703 578 quo

103 613 241 651 nam
278 600 483 655 {erret
507 600 553 655 si
583 602 780 656 stultus
828 610 991 665 esset,
1024 610 1076 655 et
1119 609 1320 655 amaret
1363 600 1699 669 sapientiam.

105 695 475 758 Quapropter
501 691 545 743 si
571 699 626 744 et
647 691 758 758 ipsa
787 691 1030 760 superbia
1057 706 1199 745 verte
1228 690 1485 746 libertatis
1509 701 1565 745 et
1591 690 1702 745 veri

102 779 243 846 egni
279 780 502 833 umbra
531 789 634 845 est,
657 781 817 835 etiam
850 795 942 848 per
972 782 1141 850 ipsam
1184 797 1284 836 nos
1320 792 1704 836 commemorat

104 869 280 923 .ivina
321 870 694 936 providentia,
729 871 855 940 quid
879 871 1241 939 signiﬁcentur
1275 871 1470 938 vitiosi,
1502 883 1554 927 et
1596 887 1703 942 quo

100 958 430 1015 leboamus'
477 962 653 1017 redire
695 963 942 1017 correcti.
968 964 1084 1018 1am
1120 979 1246 1018 vero
1273 977 1463 1019 cuncta
1490 975 1701 1034 specta-

105 1052 244 1118 :ula,
280 1062 350 1105 et
385 1055 574 1108 omnis
606 1054 694 1107 illa
725 1069 844 1123 quae
887 1055 1181 1124 appellatur
1230 1049 1527 1119 curiositas,
1576 1056 1702 1124 quid

101 1143 248 1196 iliud
290 1147 515 1212 quaerit
559 1160 716 1214 quam
756 1145 828 1200 de
873 1161 1048 1199 rerum
1089 1146 1392 1212 cegnitione
1432 1147 1704 1204 Iustitiam?

101 1233 243 1300 )uid
278 1249 437 1305 ergo
465 1235 849 1302 admirabilius,
877 1237 1004 1305 quid
1043 1237 1337 1305 speciosius
1392 1238 1505 1305 ipsa
1557 1238 1702 1292 veri.

100 1336 229 1391 ,διες
263 1327 343 1380 ad
377 1343 549 1396 quam
579 1338 845 1396 spectator
878 1329 1052 1382 omnis
1083 1329 1361 1405 pervenire
1407 1343 1466 1382 se
1511 1344 1706 1398 cupere

102 1419 454 1484 :oulitetur,
495 1433 617 1474 cum
661 1419 1010 1475 vehementer
1039 1435 1105 1474 ne
1132 1418 1343 1474 fallatur
1369 1420 1644 1490 invigilat?

688 1566 913 1623 CAPUT
953 1567 1140 1625 XXIII.

1804 430 1908 470 non
1936 415 2110 468 valeat
2134 412 2201 468 ad
2232 413 2446 476 melius,
2477 414 2613 468 nihil
2638 413 2944 483 indulgeant
2970 413 3108 482 quod
3131 422 3364 468 vertatur

1804 507 1856 558 in
1885 505 2054 574 pejus,
2105 518 2232 559 suos
2262 505 2447 572 putent
2469 518 2656 559 omnes
2697 504 2750 557 itt
2797 489 2933 573 quos
2979 503 3077 557 sibi
3130 511 3366 570 potestas

1802 593 1922 650 data
1953 594 2143 658 fuerit;
2177 594 2246 646 ita
2268 593 2524 660 serviant,
2550 602 2604 646 ut
2632 593 2710 648 eis
2736 594 2998 648 dominari
3044 593 3266 662 pudeat;
3292 593 3366 646 ita

1811 683 2174 750 dominentur,
2207 691 2263 736 ut
2308 681 2386 737 eis
2430 682 2634 737 servire
2681 681 2931 737 delectet.
2973 682 3030 736 ln
3069 681 3366 737 alienorum

1803 780 1977 834 autem
2012 771 2244 838 peccatis
2270 769 2480 824 molesti
2527 785 2633 823 non
2678 769 2784 824 sint
2829 769 3014 822 invito.
3061 768 3368 822 Inimicitias

1805 863 1970 917 vi=ent
1991 859 2318 925 cautissime,
2335 858 2513 914 ferunt
2533 859 2861 928 mquissime,
2881 858 3065 911 ﬁniant
3089 857 3367 912 citissime.

1805 953 1864 1007 In
1905 953 2052 1008 omni
2092 965 2223 1006 vero
2260 959 2540 1004 contractu
2587 958 2747 1018 atque
2795 948 3205 1002 conversatione
3249 961 3370 1000 cum

1806 1026 2134 1104 hominibus,
2163 1039 2295 1093 satis
2315 1046 2397 1093 est
2427 1028 2641 1092 servare
2671 1052 2832 1089 unum
2873 1035 2973 1089 hoc
3001 1035 3214 1103 vulgare
3250 1048 3373 1102 pro-

1805 1132 2047 1205 verbium
2079 1148 2091 1183 :
2121 1129 2329 1185 Nemini
2370 1129 2564 1183 faciant
2589 1127 2729 1197 quod
2757 1127 2862 1195 pati
2900 1129 3103 1182 nolunt.
3138 1126 3372 1195 Rempu-

1807 1224 1999 1278 blicam
2027 1223 2197 1276 nolint
2224 1221 2599 1276 administrare
2628 1219 2736 1291 nisi
2761 1218 3001 1288 perfecti.
3029 1218 3252 1273 Perfecti
3282 1234 3369 1284 aug

1807 1323 1912 1369 tem
1938 1303 2028 1369 vel
2057 1313 2200 1368 intra
2231 1322 2442 1368 aetatem
2465 1313 2790 1367 senatoriam
2823 1310 3092 1376 festinent,
3119 1311 3201 1364 vel
3221 1319 3369 1381 certe

1809 1404 1946 1460 intra
1964 1398 2332 1474 juventutetn;
2363 1404 2456 1459 sed
2491 1404 2734 1473 quisquis
2757 1418 2878 1458 sero
2902 1419 2960 1460 se
2996 1404 3060 1457 ad
3114 1404 3212 1457 ista
3245 1415 3374 1459 con-

1815 1496 2057 1560 verterit,
2089 1510 2207 1549 non-
2236 1493 2522 1548 arbitretur
2552 1493 2683 1562 nihil
2722 1493 2822 1548 sibi
2873 1507 2991 1548 esse
3029 1501 3378 1563 prteceptum,

1809 1602 1930 1642 nam
1980 1589 2075 1640 ista
2118 1585 2300 1655 utique
2349 1586 2550 1640 facilius
2576 1585 2798 1640 decocta
2838 1594 2994 1656 actate
3033 1585 3289 1658 servabit.
3320 1584 3375 1639 In

104 1655 263 1744 Quod
291 1677 407 1735 Dei
443 1679 660 1767 legal-ta
685 1679 916 1767 quedam
945 1681 1216 1767 disciplina
1239 1681 1324 1744 sit,
1352 1697 1415 1736 ea;
1437 1681 1568 1736 libro
1587 1696 1628 1735 ιι
1648 1680 1711 1734 de
1740 1683 1785 1747 Β
1810 1682 1954 1735 omn‘i
1987 1692 2169 1735 autem
2197 1681 2325 1742 vita,
2351 1681 2486 1745 loco,
2519 1688 2778 1747 tempore,
2810 1680 3011 1767 atliicps
3040 1655 3377 1737 autbabeant

499 1749 707 1814 Ordine,
731 1760 776 1803 ct
796 1760 996 1812 cetera,
1016 1760 1063 1803 et
1082 1751 1148 1802 ad
1167 1749 1354 1803 locum.

177 1859 330 1915 Cum
380 1875 582 1916 omnes
629 1875 902 1916 cernerem
968 1860 1354 1918 studiosissime
1382 1876 1445 1917 ac
1482 1876 1577 1932 pro
1599 1863 1711 1918 suis

104 1965 404 2019 quemque
440 1951 643 2004 viribus
668 1951 830 2010 Deum
861 1966 1124 2020 qumrere,
1154 1951 1247 2007 sed
1304 1952 1473 2023 ipsum
1504 1953 1571 2007 de
1607 1959 1723 2020 quo

112 2041 287 2110 egeba
299 2057 438 2096 mus
458 2040 698 2095 ordinem
712 2056 815 2094 non
837 2051 1034 2104 tenere,
1049 2055 1153 2110 quo
1177 2041 1241 2096 ad
1265 2041 1407 2095 illius
1432 2042 1657 2097 inell'abil
1667 2043 1713 2098 is

111 2129 439 2199 maiestatis
486 2129 883 2199 intelligentiam
932 2132 1263 2198 pervenitur,
1312 2146 1406 2186 oro
1449 2147 1581 2198 vos,
1627 2133 1711 2186 in-

115 2234 304 2288 quam,
334 2207 423 2283 'si,
462 2227 518 2273 ut
548 2218 720 2286 video,
753 2220 974 2273 multum
998 2219 1212 2288 diligitis
1234 2220 1502 2286 ordinem,
1530 2236 1595 2276 ne
1615 2235 1713 2276 nos

125 2321 519 2381 praposteros
557 2321 610 2364 et
640 2308 970 2365 inordinatos
1007 2325 1125 2366 esse
1173 2313 1468 2380 patiamini.
1515 2313 1712 2379 Quam-

119 2419 281 2471 quam
327 2403 489 2457 cnim
533 2401 892 2456 occultissima
942 2401 1073 2456 ratio
1118 2415 1176 2456 se
1230 2401 1712 2457 demonstraturam

122 2494 462 2569 polliceatur
498 2493 632 2547 nihil
689 2503 881 2563 praeter
907 2493 1144 2567 divinum
1181 2495 1590 2561 ordinem-ﬁeri,
1633 2477 1717 2550 ta?
1750 2489 1756 2494 ’

121 2598 248 2638 tuen
273 2585 324 2637 si
353 2584 668 2653 quempiam
711 2582 1132 2653 ludimagistrum
1171 2583 1476 2640 audiremus
1513 2601 1714 2642 conan-

125 2684 234 2729 tem
290 2673 501 2733 docere
548 2687 767 2740 puerum
823 2674 1054 2744 syllabas
1106 2690 1262 2743 quem
1312 2675 1459 2743 prius
1507 2675 1713 2732 littetas

127 2780 287 2822 nemo
307 2766 615 2831 decuisset,
636 2780 738 2821 non
760 2766 880 2819 dico
899 2766 1175 2821 ridendum
1201 2776 1451 2836 tanquam
1465 2767 1709 2834 stultum,

139 2858 234 2913 sed
266 2857 618 2913 vinciendum
663 2866 910 2926 tanquam
951 2857 1210 2912 furiosum
1237 2867 1578 2926 putaremus:
1604 2873 1707 2911 non

131 2948 199 3004 ob
233 2941 408 3014 aliud,
457 2939 670 3015 opinor,
699 2947 800 3001 nisi
853 2946 990 3016 quod
1038 2947 1264 3000 docendi
1311 2947 1552 3003 ordinem
1601 2962 1708 3001 non

137 3047 363 3094 teneret.
394 3038 471 3092 At
516 3037 679 3092 multa
708 3038 828 3090 talia
876 3046 932 3090 et
972 3036 1246 3106 imperitos
1290 3053 1409 3106 qua:
1456 3052 1486 3091 a
1537 3037 1708 3092 doctis
1736 3023 1784 3085 C

133 3129 609 3198 reprehendantur
629 3143 689 3182 ac
709 3127 1066 3193 derideantur,
1093 3136 1145 3181 et
1166 3128 1438 3182 dementes
1464 3127 1708 3182 homines

137 3233 253 3288 qua:
295 3235 400 3275 nec
449 3218 735 3274 stultorum
779 3217 1036 3286 judicium
1084 3217 1522 3287 fugiunt,‘facere
1550 3232 1709 3273 nemo

137 3308 376 3377 ambigit,
422 3317 481 3362 et
521 3316 696 3362 tamen
738 3307 898 3360 etiam
948 3307 1046 3360 ista
1093 3308 1269 3361 omnia
1312 3323 1434 3376 qum
1482 3307 1711 3361 fatemur

142 3411 255 3452 esse
286 3400 712 3464 perversapnon
755 3410 875 3451 esse
927 3404 1118 3464 praeter
1159 3396 1395 3452 divinum
1443 3398 1707 3453 ordinem.

140 3485 253 3543 Alta
282 3489 536 3562 quaedam
550 3499 645 3544 eta
661 3489 1012 3543 multitudinis
1043 3489 1126 3542 vel
1146 3488 1442 3556 suspicione
1463 3489 1710 3545 remotis-

145 3581 270 3635 sima
297 3581 607 3652 disciplina,
641 3596 699 3635 se
729 3581 794 3634 ita
825 3579 1099 3645 studiosis,
1131 3590 1184 3634 et
1216 3580 1374 3633 Deum
1399 3589 1558 3649 atque
1586 3580 1705 3634 ani-

148 3685 254 3726 mas
288 3681 502 3726 tantum
532 3668 832 3725 amantibus
859 3671 1072 3737 animis,
1099 3670 1549 3724 manifestatnram
1583 3685 1708 3726 esse

149 3764 432 3828 promittit,
468 3773 658 3817 utnon
692 3764 843 3817 nobis
874 3776 1095 3816 summae
1123 3777 1460 3817 numerorum
1505 3765 1708 3833 possint

149 3864 258 3906 esse
275 3853 560 3908 certiores.
587 3853 710 3908 llmc
732 3861 904 3906 autem
927 3852 1208 3921 disciplina
1241 3854 1348 3921 ipsa
1378 3855 1466 3908 Dei
1494 3854 1577 3908 lex
1601 3862 1703 3922 est,

149 3935 259 4008 quin
279 3944 421 4011 apud
451 3958 578 3998 eum
604 3943 704 3996 ﬁxa
725 3950 781 3998 et
809 3943 1121 3996 inconcussa
1143 3957 1352 4010 semper
1381 3959 1626 4009 manens,
1652 3944 1704 3997 in

150 4020 408 4098 sapientes
457 4034 668 4088 animas
709 4035 862 4104 quasi
904 4035 1306 4100 transcribitur,
1348 4043 1404 4087 ut
1450 4044 1597 4091 tanto
1647 4049 1706 4090 se

149 4116 312 4180 sciant
357 4129 545 4184 vivere
570 4128 758 4182 melius
777 4166 792 4191 ,
820 4135 1068 4196 tantoque
1094 4127 1392 4192 sublimius,
1425 4137 1620 4195 quanto
1650 4135 1705 4180 et

154 4217 428 4280 perfectius
467 4235 588 4275 eam
633 4220 1059 4287 contemplantur
1102 4219 1460 4287 intelligendo,
1521 4229 1574 4273 et
1621 4234 1704 4271 vt-

150 4306 310 4360 vendo
336 4311 647 4366 custodiunt
686 4311 1008 4379 diligentius.
1052 4310 1173 4364 Haec
1218 4310 1374 4379 igitur
1419 4310 1700 4376 disciplina

1811 1779 1903 1824 aut
1931 1771 2126 1825 habere
2165 1771 2386 1825 instent.
2425 1769 2796 1836 Obsequantur
2823 1770 3015 1839 dignis,
3058 1774 3220 1827 etiam
3269 1786 3378 1829 non

1814 1862 1916 1917 hoc
1941 1861 2398 1930 exspectantibus,
2421 1861 2684 1929 superbus
2701 1841 2884 1916 minus
2919 1873 3126 1928 curent,
3159 1864 3378 1920 minimo

1812 1953 1940 2017 sint,
1975 1962 2099 2021 apte
2122 1962 2587 2026 congruenterque
2619 1955 2818 2006 vivant.
2856 1953 3022 2008 Deum
3059 1956 3378 2019 colant,.co-

1812 2042 1999 2111 gitcnt,
2031 2053 2273 2110 qumrant
2319 2044 2440 2108 tide,
2483 2059 2599 2111 spe,
2629 2045 2890 2102 charitate
2921 2045 3165 2112 subnixi,
3191 2056 3387 2116 optent.

1812 2134 2251 2203 tranquillitatem
2287 2143 2460 2204 atque
2510 2145 2713 2191 certum
2769 2150 2984 2192 cursum
3036 2139 3226 2206 studiis
3267 2139 3380 2194 suis

1811 2223 2154 2293 omniumque
2202 2225 2492 2290 sociorum,
2548 2237 2600 2280 et
2644 2226 2742 2280 sibi
2800 2228 3100 2296 quibusque
3157 2238 3380 2297 possunt

1813 2322 2050 2367 mentem
2085 2315 2278 2368 bonam
2311 2324 2660 2384 pacatamque
2689 2318 2868 2372 vitam.
2908 2318 3158 2387 Sequitur
3197 2330 3252 2388 ut
3296 2320 3378 2372 di-

1772 2419 1926 2457 Icam
1976 2403 2243 2475 quomodo
2291 2404 2524 2459 studiosi
2547 2407 2743 2477 erudiri
2787 2407 3037 2474 debeant,
3083 2410 3192 2478 qui,
3239 2411 3417 2464 sicut-

1811 2494 2011 2546 dictum
2039 2504 2140 2561 est,
2170 2495 2348 2548 vivere
2373 2494 2714 2549 instituerunt
2756 2497 2820 2550 ad
2865 2498 3202 2554 discendum.
3248 2499 3378 2554 Item

1814 2584 2120 2637 necessario
2169 2584 2450 2651 dupliciter
2520 2583 2795 2651 ducimur,
2848 2567 3160 2642 auctoritate
3213 2595 3376 2657 atque

1812 2676 2050 2740 ratione;
2095 2685 2337 2744 tempore
2384 2678 2693 2745 auctoritas,
2745 2693 2802 2732 ne
2849 2687 3023 2732 autem
3052 2681 3186 2733 ratio
3234 2682 3377 2749 prior

1812 2775 1914 2820 est.
1943 2765 2103 2820 Aliud
2144 2777 2226 2820 est
2264 2768 2406 2820 enim
2453 2768 2614 2835 quod,
2648 2768 2698 2820 in
2757 2769 2962 2838 agendo
3015 2773 3371 2839 anteponitur,

1811 2858 1952 2913 aliud
1989 2857 2129 2926 quod
2166 2858 2341 2926 pluris
2388 2859 2441 2911 in
2482 2859 2780 2927 appetendo
2828 2861 3139 2915 aestimatur.
3191 2849 3376 2930 Itaque

1813 2963 2114 3018 quanquam
2139 2947 2399 3002 bonorum
2440 2949 2723 3003 auctoritas
2764 2950 3020 3018 imperita:
3049 2951 3374 3006 multitudini

1812 3041 2056 3096 videatur
2086 3049 2214 3098 'esse
2262 3039 2546 3103 salubrior,
2597 3039 2731 3093 ratio
2758 3053 2883 3095 vero
2911 3040 3103 3107 aptior,
3152 3043 3378 3097 eruditis

1813 3127 1990 3186 tamen
2021 3129 2166 3201 (quia
2193 3130 2370 3183 nullus
2399 3128 2668 3183 hominum
2703 3129 2804 3183 nisi
2849 3144 2912 3184 ex
2959 3131 3204 3198 imperito
3235 3134 3376 3199 peri.

1816 3233 1901 3279 tus
1930 3223 2008 3289 lit,
2038 3221 2212 3275 nullus
2238 3230 2414 3275 autem
2448 3219 2725 3288 imperitus
2746 3228 2898 3274 novit
2916 3221 3123 3290 qualem
3163 3236 3225 3274 se
3273 3224 3371 3276 dc-

1811 3313 1934 3368 beat
1966 3312 2205 3381 praebere
2231 3310 2569 3375 docentibus,
2599 3321 2648 3364 et
2676 3310 2819 3379 quali
2849 3312 2953 3365 vita
2977 3325 3101 3365 esse
3128 3312 3374 3368 docibilis

1810 3404 2001 3474 possit)
2045 3402 2218 3457 evenit
2270 3411 2330 3455 ut
2372 3395 2620 3456 omnibus
2649 3402 2784 3455 bona
2845 3416 3029 3472 magna
3072 3413 3125 3457 et
3165 3404 3372 3460 occulta

1809 3497 2016 3552 discere
2064 3496 2401 3564 cupientibus
2453 3509 2556 3549 non
2587 3495 2790 3563 aperiat
2819 3495 2922 3549 nisi
2961 3496 3249 3552 auctoritas
3285 3499 3371 3566 ja-

1810 3600 1990 3649 nuam,
2017 3600 2172 3654 quam
2203 3585 2430 3655 quisque
2459 3584 2744 3654 ingressus,
2769 3585 2885 3640 sine
2911 3584 3018 3638 ulla
3041 3569 3377 3642 dubitatione

1810 3677 1935 3731 vitae
1963 3677 2176 3744 optima:
2207 3682 2466 3744 praecepta
2495 3677 2746 3738 sectatur,
2772 3689 2866 3743 per
2887 3690 3022 3744 quae,
3048 3690 3166 3730 cum
3187 3675 3374 3734 docilis

1807 3763 1978 3818 factus
2005 3764 2183 3831 fuerit,
2215 3774 2326 3817 tum
2372 3763 2582 3817 demum
2625 3762 2794 3817 discet
2849 3774 2902 3818 et
2933 3775 3124 3831 quanta
3167 3767 3373 3822 ratione

1808 3857 2032 3924 praedita
2069 3856 2176 3909 sint
2204 3870 2266 3910 ea
2298 3855 2408 3915 ipsa
2438 3869 2557 3922 quas
2583 3865 2793 3908 secntus
2818 3863 2898 3908 est
2932 3864 3054 3908 ante
3086 3857 3377 3920 rationem,-

1805 3957 1858 4002 et
1887 3947 2015 4016 quid
2048 3947 2116 4000 sit
2146 3947 2258 4014 ipsa
2300 3950 2453 4010 ratio,
2490 3959 2609 4014 quas
2638 3943 2838 4016 [quam]
2883 3953 3012 4012 post
3040 3946 3374 4000 auctoritatis

1805 4035 2065 4089 cunabula
2093 4034 2276 4088 ﬁrmus
2304 4042 2358 4088 et
2385 4033 2606 4088 idoneus
2633 4033 2742 4102 jam
2771 4034 3013 4101 sequitur
3038 4043 3197 4104 atque
3221 4050 3371 4089 com-

1808 4125 2110 4194 prehcndit.
2143 4123 2208 4194 Et
2232 4123 2358 4193 quid
2380 4123 2682 4178 intellectus
2714 4125 2764 4175 in
2791 4137 2894 4191 quo
2935 4123 3179 4179 universa
3223 4134 3368 4190 sunt,

1802 4192 1887 4270 vel
1933 4216 2046 4283 ipse
2077 4192 2261 4282 potius
2294 4213 2569 4277 universa,
2616 4221 2672 4267 et
2711 4212 2840 4282 quid
2888 4223 3083 4282 preter
3123 4215 3367 4270 universa

1805 4304 2170 4358 universorum
2202 4301 2560 4370 principiuml
2590 4299 2672 4355 Ad
2711 4315 2870 4370 quam
2918 4303 3270 4371 cognitionem
3312 4305 3372 4364 in

159 4394 231 4446 eis
256 4399 342 4464 qui
371 4399 519 4454 illam
547 4413 707 4453 nosse
732 4399 1039 4452 desiderant
1063 4398 1218 4452 simul
1247 4399 1513 4468 geminum
1560 4399 1701 4454 ordi—
1729 4379 1781 4438 D
1804 4395 1905 4450 bac
1941 4396 2045 4448 vita
2086 4392 2367 4462 pervenire
2417 4392 2748 4465 [pervenere]
2794 4393 2969 4461 pauci,
3022 4394 3164 4447 ultra
3183 4406 3372 4463 ‘quam

156 4499 268 4540 nem
287 4491 436 4557 sequi
483 4491 655 4558 jubet,
682 4491 832 4557 cujus
860 4504 960 4543 una
995 4504 1113 4555 pars
1143 4491 1286 4553 vitae,
1317 4490 1480 4544 altera
1524 4490 1703 4545 erudi-

160 4573 305 4631 tionis
332 4589 432 4634 est.
457 4579 907 4634 Adulescentibus
935 4594 1061 4647 ergo
1082 4579 1331 4635 studiosis
1356 4581 1470 4649 ejus
1507 4582 1577 4634 ita
1621 4581 1700 4635 vi-

157 4665 368 4722 vendum
394 4673 504 4740 20
529 4678 632 4735 ost,
670 4677 724 4722 ut
763 4683 792 4734 a
837 4671 1078 4723 venereis
1120 4670 1296 4733 rebus,
1327 4669 1395 4724 ab
1438 4671 1698 4726 illecebris

163 4757 345 4812 ventris
368 4771 418 4814 et
443 4763 694 4830 gutturis,
717 4743 799 4814 a6.
825 4759 1140 4814 immodesto
1185 4760 1424 4827 corporis
1460 4762 1601 4814 cultu
1643 4770 1697 4817 et

160 4856 354 4914 ornatu,
405 4851 472 4904 ab
525 4850 769 4903 inanibus
819 4849 1041 4916 negotiis
1086 4849 1347 4915 ludorum,
1396 4864 1425 4903 a
1484 4859 1698 4918 torpore

166 4934 318 4986 somni
344 4949 501 5008 atque
541 4940 783 5008 pigritiae,
810 4936 878 4992 ab
906 4938 1261 5003 aemulatione,
1289 4937 1695 5005 obtrecnatione,

165 5018 448 5094 invidentia,
473 5029 822 5083 abbonorum
847 5037 1272 5097 potestatumque
1297 5027 1693 5094 ambitionibus,

169 5110 228 5163 ab
270 5114 424 5184 ipsius
450 5122 610 5175 etiam
634 5116 802 5174 laudis
828 5119 1103 5173 immodica
1131 5119 1414 5188 cupiditate
1453 5133 1512 5174 se
1543 5119 1700 5172 absti-

168 5213 326 5259 neant.
352 5211 595 5266 Amorem
619 5219 795 5265 autem
826 5210 1063 5277 pecuniae
1107 5212 1268 5277 totius
1314 5210 1392 5263 sui
1424 5209 1536 5277 spei
1577 5223 1693 5262 cer-

169 5291 406 5354 tissimum
440 5316 703 5356 venenum
727 5314 846 5355 esse
876 5300 1112 5355 credant.
1144 5295 1282 5354 Nihil
1323 5300 1589 5354 cnerviter
1613 5298 1692 5351 fa-

172 5377 310 5449 ciant,
340 5389 462 5446 nihil
484 5392 771 5457 audacter;
805 5393 858 5444 in
887 5392 1113 5460 peccatis
1152 5399 1326 5444 autem
1357 5405 1569 5444 suorum
1607 5392 1689 5443 vel

171 5473 347 5536 Bellum
377 5487 586 5539 omnino
630 5487 783 5548 iram,
816 5484 909 5537 ’νει
941 5486 1010 5536 ita
1043 5485 1273 5548 frencnt,
1322 5492 1378 5536 ut
1421 5484 1489 5536 sit
1527 5482 1689 5550 pulsa:

176 5556 276 5615 ίῖῐῦέ
301 5565 369 5633 ’ς;
393 5574 650 5629 nemiuem
679 5572 908 5637 oderint,
941 5572 1080 5626 nulla
1103 5573 1232 5625 'vitia
1263 5588 1365 5624 non
1393 5586 1578 5626 curare
1606 5586 1691 5626 ve-

178 5645 592 5735 liutdlagnopere
616 5664 901 5721 obserit-nt
930 5678 1046 5717 cum
1065 5662 1351 5728 vindicant,
1385 5676 1450 5715 nc
1470 5660 1687 5714 ni..:iutn
1746 5737 1750 5740 i

1805 4501 1932 4540 vero
1955 4486 2114 4540 etiam
2146 4492 2263 4553 post
2295 4483 2433 4537 banc
2473 4483 2635 4537 vitam
2664 4496 2822 4536 nemo
2869 4483 3114 4552 progredi
3166 4495 3364 4550 potest,

1804 4577 1902 4642 Qui
1934 4586 2112 4645 autem
2139 4575 2250 4628 sola
2293 4573 2612 4628 auctoritate
2655 4574 2910 4638 contenti,
2957 4573 3110 4628 bouis
3160 4584 3372 4638 unum

1804 4664 2039 4720 moribus
2080 4664 2341 4732 rectisque
2369 4662 2504 4716 votis
2531 4670 2835 4715 constanter
2851 4667 3067 4730 op’e‘ram
3096 4661 3371 4733 dederint,4

1803 4765 1892 4807 aut
1919 4761 2343 4814 contemnentes,
2375 4759 2468 4802 aut
2493 4763 2596 4803 non
2626 4749 2861 4803 valentes
2901 4749 3194 4818 disciplinis
3226 4751 3372 4809 libe-.

1803 4844 2000 4897 talibus
2044 4851 2202 4908 atque
2242 4839 2456 4908 optimis
2486 4837 2702 4902 erudiri,
2750 4837 2935 4893 beatos
2977 4853 3072 4892 eos
3119 4841 3367 4912 quidem,

1798 4949 1917 4987 cum
1949 4935 2082 4986 inter
2108 4929 2349 4985 homines
2375 4929 2770 4993 vivunt,nescio
2789 4929 3055 4996 quomodo
3075 4933 3370 5004 appellemt

1799 5035 1971 5078 tamen
2003 5024 2312 5076 inconcusse
2351 5017 2534 5083 credo,
2574 5034 2697 5071 mox
2743 5027 2799 5072 ut
2844 5017 2942 5073 hoc
2981 5034 3179 5089 corpus
3234 5023 3360 5082 reli-

1796 5115 2026 5182 qn-rint,
2063 5125 2154 5166 eos
2194 5112 2283 5177 qui
2331 5109 2466 5163 bene
2511 5108 2677 5176 magis
2707 5107 2948 5162 minusve
2988 5110 3250 5176 vixerunt,
3293 5128 3374 5169 eu

1797 5205 1997 5258 [acilius
2026 5213 2119 5256 aut
2146 5202 2419 5256 dil‘licilius
2450 5199 2686 5253 liberari.
2714 5199 3015 5254 Auctoritas
3044 5213 3219 5256 autem
3237 5217 3360 5271 pars

1794 5297 1883 5349 tim
1931 5294 2105 5348 divina
2157 5303 2263 5357 est,
2310 5292 2500 5367 partim
2549 5290 2804 5353 humana;
2851 5291 2944 5344 sed
2990 5308 3136 5358 vera,
3182 5293 3362 5364 ﬁrma,

1792 5402 1997 5442 Summa
2027 5401 2086 5440 ea
2121 5393 2234 5448 est,
2267 5399 2383 5453 qum
2413 5382 2589 5436 divina
2631 5384 2960 5461 nominatur.
3001 5383 3055 5436 ln
3103 5400 3203 5453 qua
3245 5402 3360 5439 meo.

1795 5477 1990 5530 tuenda
2035 5483 2121 5528 est
2151 5473 2418 5528 aeriarum
2459 5473 2770 5524 animalium
2815 5475 2942 5537 mira
2983 5472 3205 5540 fallacia,
3237 5492 3364 5544 quas

1794 5585 1886 5637 per
1922 5583 2097 5621 rerum
2127 5566 2212 5618 'ad
2273 5565 2403 5619 istos
2454 5578 2643 5619 sensus
2694 5566 2931 5632 corporis
2980 5569 3350 5632 pcrtinentimt

1793 5658 2046 5732 quasdam
2082 5653 2439 5712 divinationes
2488 5655 2870 5725 nonnullasque
2912 5658 3174 5726 potentias
3220 5659 3373 5719 decu.
