3886 6224
497 230 594 286 507

1558 239 1618 290 D.
1656 235 1976 292 EUGYPPII
2016 234 2307 299 ABBATIS
2335 243 2655 300 AFRICANI

3641 253 3736 310 (133

500 358 628 404 pore
655 342 862 398 animas
908 343 1151 398 facillime
1178 354 1524 420 consuerunt,
1576 356 1667 400 aut
1717 347 2075 415 periturorum
2106 353 2153 406 Α
2183 353 2269 419 qui
2299 354 2567 408 hominem
2612 356 2913 424 loquentem
2965 376 3068 416 non
3105 361 3454 431 intelligeret,
3487 364 3531 418 si
3559 383 3672 422 eum
3709 385 3732 420 a

501 429 832 486 fortunarum
896 437 1164 497 curio~as,
1223 444 1314 486 aut
1362 435 1623 499 fragilium
1671 437 1933 503 Cupiditas
1978 453 2073 506 p0-

505 529 779 586 tesmtum,
804 534 899 576 aut
938 526 1170 577 inanium
1207 523 1621 584 furntidolositas
1675 527 2072 583 miraculorum.

512 610 604 663 Illa
638 628 766 682 ergo
794 615 1085 668 auctoritas
1109 616 1290 670 divina
1331 617 1558 697 dicenda
1588 630 1690 686 est,
1720 638 1837 690 quae
1872 639 1973 674 non
1999 637 2076 674 so-

506 698 608 751 lmn
640 702 689 752 in
716 705 1057 758 seusibilihus
1084 706 1615 774 signisrranscendit
1644 726 1855 764 omnem
1888 713 2075 767 Imma-

503 804 622 841 nam
647 789 970 858 facultatem,
1002 795 1095 848 scd
1125 807 1180 849 et
1209 797 1378 865 ipsum
1413 800 1679 854 hominem
1709 816 1871 869 agens
1895 813 2076 856 osten-

501 880 579 930 dit
601 881 646 932 ei
675 898 953 952 quousque
980 902 1038 939 se
1069 897 1286 956 propter
1310 889 1482 957 ipsum
1509 890 1852 959 depresserit,
1881 905 1933 946 et
1966 909 2073 948 non

504 972 670 1022 teneri
701 974 948 1029 sensibus
971 978 1164 1045 quibus
1194 979 1442 1033 videntur
1462 981 1548 1034 illa
1582 982 1844 1048 miranda,
1881 984 1974 1038 sed
2006 985 2072 1040 ad

501 1062 831 1120 intellectum
880 1069 1030 1138 jubet
1071 1073 1296 1127 evolare
1331 1091 1343 1126 :
1375 1073 1533 1128 simul
1562 1075 1967 1143 demonstrans,
2020 1091 2074 1135 et

498 1170 698 1223 quanta
723 1159 809 1214 hic
843 1163 1027 1229 possit,
1060 1171 1117 1218 et'
1141 1181 1236 1218 cur
1270 1167 1394 1220 hinc.
1410 1165 1592 1233 faciat,
1623 1178 1676 1224 et
1706 1187 1864 1238 quam
1901 1174 2074 1240 parvi-

505 1251 948 1314 pendat.Doceat
1001 1256 1140 1308 enim
1185 1266 1396 1324 oportet
1449 1269 1502 1312 et
1553 1259 1707 1314 factis
1755 1261 2073 1330 potestatem

500 1351 675 1402 suam,
699 1350 751 1393 et
783 1341 1076 1397 humilitate
1105 1346 1464 1411 clementiam,
1497 1358 1548 1403 et
1589 1354 1947 1420 praeceptione
1979 1371 2073 1408 na-

468 1477 471 1483 .
501 1435 697 1481 turam.
732 1429 857 1495 Qua:
883 1432 1055 1485 omnia
1084 1435 1251 1487 sacris
1280 1437 1472 1502 quibus
1499 1437 1770 1494 iniliamur
1813 1445 2074 1499 secretius

505 1519 817 1586 ﬁrmiusque
847 1522 1140 1586 traduntur,
1173 1525 1222 1578 in
1253 1527 1446 1593 quibus
1477 1529 1738 1583 bonorum
1773 1532 1878 1585 vita
1919 1531 2069 1587 facil-

501 1607 627 1660 lime
651 1625 754 1662 non
778 1612 1190 1679 dismttationum
1213 1617 1543 1686 ambagibus,
1574 1621 1666 1674 sed
1694 1620 2068 1691 mysteriorum

2179 445 2434 500 diabolica
2481 447 2727 516 passione
2772 451 3019 507 immunis
3067 455 3295 509 audiret.
3342 455 3475 508 Nam
3520 466 3573 510 et
3605 459 3734 523 quod

2178 537 2362 591 audire
2393 547 2642 604 putantur
2661 551 2712 593 et
2739 541 3030 610 intelligere
3054 555 3333 612 serpentes
3363 546 3523 600 verba
3551 546 3736 600 Marso-

2178 642 2317 690 rum,
2343 638 2410 688 nt
2448 630 2526 683 eis
2567 631 2958 686 incantantibus
3000 639 3275 699 prosiliant
3314 641 3630 708 plerumque
3676 641 3736 694 de

2177 716 2415 781 latebris,
2444 721 2598 774 ctiatn
2631 722 2735 775 illic
2775 722 3030 777 diabolica
3061 728 3142 781 vis
3169 741 3444 795 operatur,
3477 731 3541 784 ad
3584 728 3736 800 agno-

2176 810 2427 863 scendam
2477 812 2671 881 ubique
2726 816 3129 881 providentiam,
3153 807 3320 888 'quatn
3381 836 3492 872 rem
3540 820 3625 873 cui
3667 822 3734 874 rei

2177 901 2403 954 naturali
2431 903 2616 959 ordine
2645 905 2905 972 subjiciat,
2937 917 2989 961 et
3025 906 3126 979 [ut]
3158 909 3281 978 quid
3307 910 3465 963 etiam
3494 914 3732 965 volunta-

2180 989 2318 1043 tibus
2347 995 2500 1047 malis
2530 997 2923 1062 sapientissima
2945 1009 3204 1067 potestate
3227 1002 3519 1068 permittat.
3556 1002 3624 1056 Ut
3644 1003 3734 1056 hoc

2177 1084 2345 1151 magis
2404 1085 2598 1139 habeat
2642 1101 2767 1142 usus
2816 1099 3088 1156 serpentes
3146 1091 3348 1145 moveri
3418 1091 3734 1146 carminibus

2179 1169 2473 1242 hominum,
2540 1192 2695 1245 quam
2747 1178 2914 1232 ullum
2954 1180 3097 1234 aliud
3149 1196 3314 1250 genus
3371 1182 3729 1247 animantium,

2175 1267 2334 1319 etiam
2367 1271 2480 1322 htec
2520 1269 2664 1342 [hoc]
2695 1271 2834 1324 enim
2863 1287 2966 1326 non
3015 1288 3172 1342 parva
3227 1276 3328 1346 21
3373 1276 3586 1330 testatio
3638 1285 3730 1338 est,

2175 1363 2416 1409 naturam
2449 1359 2689 1424 primitus
2720 1361 3002 1413 humanam
3029 1365 3289 1430 serpentis
3319 1364 3592 1417 seductam
3620 1379 3727 1419 esse

2173 1445 2457 1512 colloquio.
2490 1447 2902 1504 Gaudent'enim
2930 1451 3199 1507 daemones
3222 1453 3355 1507 hanc
3380 1454 3481 1506 sibi
3507 1464 3729 1521 pmesta-

2175 1543 2279 1589 tetn
2307 1536 2444 1603 dari,
2472 1550 2529 1592 ut
2566 1539 2633 1593 ad
2676 1541 3088 1598 incantationem
3139 1543 3412 1596 hominum
3461 1556 3725 1613 serpentes

2179 1636 2449 1696 moveant,
2512 1640 2568 1684 ut
2609 1632 2844 1702 quolibet
2881 1635 3040 1688 modo
3069 1631 3253 1689 fallant
3301 1651 3434 1701 quos
3477 1646 3723 1704 possunt:

504 1701 820 1754 auctoritate
851 1712 1121 1770 purgatur.
1174 1706 1410 1760 Humana
1461 1724 1588 1762 vero
1629 1714 1914 1765 auctoritas
1957 1701 2068 1781 ple-
2097 1711 2146 1770 Β
2177 1716 2276 1772 hoc
2304 1727 2480 1773 autem
2522 1701 2896 1788 perrnittnntur
2942 1724 3009 1778 ad
3049 1725 3202 1794 primi
3249 1724 3374 1780 facti
3429 1701 3724 1781 memoriam

497 1801 722 1856 rumque
754 1791 902 1843 fallit.
934 1793 987 1844 lu
1030 1794 1108 1847 eis
1153 1805 1326 1850 tamen
1368 1796 1490 1864 jure
1528 1798 1736 1852 videtur
1782 1802 2066 1868 excellere,

496 1877 608 1942 qui,
641 1889 893 1946 quantum
927 1881 1293 1950 imperitorum
1338 1901 1527 1940 sensus
1557 1891 1716 1956 capit,
1752 1891 1912 1944 multa
1939 1891 2070 1947 dant

495 1964 689 2020 indicia
736 1970 1094 2023 doctrinarum
1147 1987 1378 2038 suarum,
1417 1984 1471 2029 et
1519 1992 1623 2030 non
1674 1979 1858 2032 vivont
1913 1981 2069 2035 aliter

495 2073 654 2126 quam
687 2061 974 2117 viven'dum
1018 2081 1135 2119 esse
1185 2068 1533 2135 praecipiunt:
1564 2072 1754 2139 quibus
1798 2076 1842 2128 si
1891 2076 2066 2146 aliqua

495 2150 656 2204 etiam
682 2151 906 2208 fortuna
932 2170 1149 2209 munera
1175 2161 1517 2223 accesserint,
1537 2177 1761 2229 quorum
1779 2175 2068 2232 appareant

494 2258 595 2297 usu
635 2248 830 2315 magni,
863 2259 1269 2318 contemptuque
1294 2253 1540 2319 majores,
1566 2254 1936 2328 difﬁcillimum
1964 2273 2070 2312 om-

493 2338 618 2390 nino
667 2349 747 2392 est
783 2349 838 2392 ut
877 2342 953 2410 eis
982 2344 1208 2411 quisque
1253 2345 1468 2399 vivendi
1497 2329 1760 2417 praecepta
1817 2348 2067 2404 dantibus

492 2428 718 2484 credens
743 2441 888 2486 recte
917 2434 1266 2501 vituperetur.

1057 2567 1281 2625 CAPUT
1322 2571 1507 2626 XXIV.

493 2677 569 2734 De
591 2677 849 2732 locutione
879 2683 1124 2747 serpentis
1154 2684 1220 2734 ad
1253 2683 1431 2747 Evam,
1464 2694 1511 2737 et
1545 2686 1608 2739 de
1636 2663 2064 2746 incantationibus

633 2749 941 2817 Marsorum,
967 2767 1029 2803 ea:
1057 2753 1182 2804 libro
1208 2768 1258 2806 st
1281 2755 1342 2806 de
1378 2752 1561 2808 Genesi
1587 2758 1655 2808 ad
1677 2757 1920 2813 litteram.

562 2861 646 2913 Ab
675 2861 766 2914 illo
786 2877 914 2932 ergo
944 2863 1096 2931 cujus
1126 2879 1286 2933 super
1313 2867 1494 2920 omnia
1523 2882 1641 2936 qua:
1682 2871 1884 2925 creavit
1913 2885 2060 2926 sum-

491 2963 576 3000 ma
606 2957 839 3015 potestas
866 2959 970 3014 est,
1004 2967 1097 3020 per
1121 2954 1338 3022 angelos
1360 2964 1573 3009 sanctos
1600 2955 1790 3028 [suos],
1809 2973 1838 3011 a
1869 2960 2060 3028 quibus
2117 2953 2122 2960 ’

488 3038 731 3093 illuditur
777 3040 1036 3105 diabolus,
1073 3059 1191 3096 cum
1245 3050 1300 3096 et
1345 3043 1412 3097 de
1464 3044 1630 3111 ipsius
1685 3047 2056 3104 malevolentia
2085 3072 2132 3134 ρ

490 3133 782 3188 consulitur
827 3134 1078 3189 Ecclesia:
1110 3136 1221 3197 Dei.
1260 3151 1362 3189 non
1388 3144 1470 3190 est
1517 3138 1810 3204 permissus
1851 3148 2058 3197 tentare

405 3236 408 3238 '
486 3221 742 3279 feminam
774 3225 874 3280 nisi
903 3242 996 3295 per
1025 3236 1350 3296 serpentem,
1387 3243 1482 3282 nec
1513 3229 1680 3284 virum
1715 3231 1815 3284 nisi
1849 3247 1941 3299 per
1979 3233 2058 3288 fe-

487 3317 706 3371 minam.
733 3316 838 3372 Sed
869 3318 921 3371 in
951 3328 1201 3385 serpente
1248 3319 1360 3387 ipse
1393 3320 1600 3375 locutus
1645 3332 1746 3388 est,
1795 3334 1949 3377 utens
1989 3341 2056 3381 eo

487 3406 635 3460 velut
677 3421 898 3477 organo,
947 3424 1270 3477 movensque
1334 3409 1448 3478 ejus
1493 3421 1733 3465 naturam
1778 3429 1844 3467 eo
1893 3415 2054 3472 modo

484 3510 590 3564 quo
622 3511 839 3551 movere
865 3498 952 3553 ille
977 3498 1267 3570 [quomodo
1317 3515 1442 3555 vere
1468 3499 1555 3555 ille
1589 3504 1826 3575 movere]
1857 3513 1910 3561 et
1934 3522 2052 3561 mo-

486 3587 605 3641 veri
626 3588 718 3642 illa
750 3592 918 3657 potuit
947 3592 1010 3643 ad
1034 3589 1413 3659 exprimendos
1457 3592 1738 3647 verborum
1786 3610 1967 3664 sonos,
2000 3605 2057 3652 et

483 3677 635 3744 signa
653 3679 967 3746 corporalia,
985 3695 1205 3750 perquaz
1219 3681 1408 3736 mulier
1435 3683 1706 3738 suadentis
1738 3685 2056 3757 intelligeret

483 3767 836 3824 voluntatem.
862 3768 916 3823 lu
939 3770 1051 3839 ipsa
1081 3785 1211 3825 vero
1237 3771 1481 3837 muliere,
1519 3773 1640 3841 quia
1672 3775 1757 3831 illa
1781 3778 2056 3834 rationalis

481 3869 728 3916 creatura
757 3869 893 3928 erat,
923 3877 1041 3931 quae
1068 3872 1213 3916 motu
1243 3876 1340 3916 suo
1365 3874 1542 3936 posset
1572 3863 1645 3918 uti
1686 3865 1754 3919 ad
1791 3868 1949 3933 verba
1977 3869 2056 3924 fa-

482 3952 693 4018 cienda,
713 3968 822 4008 non
851 3954 965 4023 ipse
997 3954 1205 4013 locutus
1226 3948 1336 4021 est,
1365 3956 1458 4009 sed
1488 3955 1604 4023 ejus
1627 3956 1867 4025 operatio
1893 3967 2052 4027 atque

481 4045 784 4112 persuasio,
806 4046 1044 4116 quamvis
1069 4045 1290 4100 occulto.
1316 4047 1569 4102 instinctu
1605 4048 1883 4116 adjuvaret
1918 4050 2054 4107 inte-

485 4137 596 4190 rius
624 4138 767 4205 quod
796 4140 1029 4194 exterius
1051 4149 1236 4209 egerat
1260 4137 1354 4208 per
1375 4153 1703 4210 serpentem.
1729 4143 1884 4209 Quod
1927 4145 2050 4213 qui-

478 4227 600 4282 dem
623 4229 668 4282 si
689 4227 807 4282 solo
831 4228 1081 4283 instinctu
1119 4231 1379 4286 occultius
1417 4243 1617 4302 ageret,
1664 4235 1801 4288 sicut
1850 4235 1956 4305 egit
1999 4236 2049 4290 in

478 4317 616 4372 Juda
647 4327 703 4371 ut
731 4317 964 4374 traderet
993 4318 1282 4383 Christum,
1314 4330 1494 4387 posset
1528 4321 1742 4378 efficere
1782 4323 1837 4378 in
1874 4325 2049 4378 anima

477 4409 943 4516 superbopamore
982 4424 1091 4516 suae
1129 4412 1421 4516 potestatis.
1451 4412 1684 4516 inducta.
1707 4413 1866 4516 "sed,
1908 4416 2059 4516 sicut.
2073 4435 2128 4496 υ
2151 4448 2322 4516 angeli
2350 4409 2754 4516 595551,;

479 4499 590 4566 jam
633 4500 765 4565 dixi,
822 4500 1059 4571 tentandi
1113 4502 1440 4554 voluntatem
1478 4500 1640 4557 habet
1687 4501 1951 4566 diabolus,
1994 4505 2048 4560 in

482 4598 740 4657 potestate
766 4599 944 4646 autem
985 4605 1088 4646 nec
1121 4600 1177 4645 ut
1221 4592 1377 4646 faciat
1417 4591 1595 4656 habet,
1641 4607 1742 4648 nec
1784 4596 2052 4666 quomodo

479 4677 658 4733 faciat.
685 4666 814 4744 Quia
843 4680 1135 4749 permissus
1164 4691 1244 4737 est
1269 4697 1397 4751 ergo
1447 4683 1687 4748 tentavit,
1711 4694 1764 4737 et
1783 4686 2052 4753 quomodo

482 4769 778 4837 permissus
801 4780 901 4839 est,
936 4771 1006 4825 ita
1030 4772 1272 4827 tentavit.
1312 4772 1465 4838 Quod
1501 4780 1680 4826 autem
1725 4775 1910 4841 generi
1954 4775 2048 4828 hu-

478 4876 640 4916 mano
667 4861 944 4930 prodesset
964 4863 1107 4932 quod
1138 4864 1380 4930 faciebat,
1412 4877 1587 4932 neque
1615 4864 1842 4930 sciebat,
1873 4881 2047 4933 neque

477 4952 740 5016 volebat,
787 4961 841 5004 et
896 4965 962 5006 eo
1014 4953 1130 5021 ipso
1169 4952 1490 5007 illudebatur
1524 4953 1592 5006 ab
1647 4953 1870 5020 angelis.
1929 4953 2045 5010 Non

477 5041 655 5112 itaque
699 5055 927 5111 serpens
959 5042 1238 5097 verborum
1284 5057 1449 5097 sonos
1475 5043 1804 5113 intelligebat
1849 5045 1937 5113 qui
1978 5060 2045 5101 ex

478 5134 571 5188 illo
599 5132 798 5188 fiebant
819 5132 884 5187 ad
910 5133 1209 5199 mulierem,
1236 5149 1408 5204 neque
1438 5134 1581 5189 enim
1631 5149 1892 5189 conversa
1936 5152 2045 5192 cre-

475 5224 650 5278 denda
729 5233 814 5278 est
876 5225 1052 5278 anima
1116 5224 1233 5292 ejus
1288 5227 1339 5280 in
1403 5235 1646 5281 naturam
1705 5226 2039 5283 rationalem.

475 5312 916 5382 Quandoquidem
948 5328 1048 5368 nec
1074 5315 1175 5380 ipsi
1205 5315 1464 5382 homines,
1498 5331 1724 5385 quorum
1767 5317 2042 5372 rationalis

474 5415 660 5459 natura
685 5413 784 5470 est,
811 5420 930 5459 cum
959 5407 1165 5460 daemon
1197 5405 1250 5459 in
1294 5404 1373 5460 eis
1400 5406 1657 5476 loquitur,
1688 5421 1751 5462 ea
1798 5409 2044 5476 passione

473 5509 593 5548 cum
627 5491 755 5565 [cui]
776 5509 841 5550 ex
868 5510 962 5551 ore
987 5493 1087 5551 ista
1130 5495 1420 5565 requiritur
1468 5496 1645 5549 scium
1674 5495 1797 5564 quid
1831 5495 2040 5565 loquan-

475 5597 579 5649 tur,
607 5596 806 5655 quauto
834 5589 1010 5644 minus
1039 5589 1361 5660 intelligeret
1400 5587 1491 5643 ille
1529 5589 1810 5644 verborum
1855 5576 2038 5658 sonos,

471 5689 610 5745 quos
637 5693 729 5748 per
754 5693 876 5735 eum
896 5689 951 5748 et
975 5695 1058 5751 es,
1075 5694 1141 5738 eo
1169 5679 1415 5739 diabolus
1456 5679 1550 5737 illo
1599 5680 1759 5738 modo
1789 5679 2035 5756 iaciebat,

2171 1801 2672 1880 commendandam,
2702 1814 2941 1892 quod'sit
2971 1817 3050 1871 eis
3078 1817 3321 1886 quaedam
3347 1832 3467 1872 cum
3507 1819 3606 1874 hoc
3643 1835 3722 1889 ge-

2171 1894 2300 1955 nere
2329 1902 2680 1959 familiatitas.
2737 1904 2902 1960 Porro
2937 1907 3106 1976 ipsum
3151 1911 3378 1977 primum
3425 1908 3617 1964 factum
3661 1909 3720 1987 ad

2171 1989 2273 2043 hoc
2302 1992 2616 2070 permissum
2644 2002 2746 2060 est,
2778 2004 2832 2049 ut
2856 2011 2948 2065 per
2970 2007 3211 2052 naturam
3239 2000 3509 2068 serpentis
3533 2001 3718 2070 signiti-

2169 2090 2382 2134 caretur
2408 2069 2588 2151 generi
2634 2084 2928 2150 hominum,
2960 2087 3043 2141 cui
3090 2087 3386 2142 erudiendo
3425 2089 3538 2142 ha-c
3579 2098 3710 2158 gesta

2168 2171 2434 2227 conscribi
2460 2175 2758 2244 oportebat,
2783 2176 2956 2231 omnis
2995 2159 3272 2233 diabolicae
3322 2181 3620 2233 tentationis
3646 2179 3710 2234 si-

2169 2261 2410 2316 militudo
2445 2279 2460 2316 :
2509 2265 2650 2333 quod
2691 2266 2982 2336 apparebit,
3014 2271 3222 2323 cum'in
3266 2279 3566 2338 serpentem
3607 2279 3713 2337 pro;

2169 2350 2298 2406 ferri
2331 2356 2554 2429 coeperit
2579 2355 2762 2409 divina
2801 2357 3085 2410 sententia.
3117 2357 3344 2412 Proinde
3390 2349 3712 2425 prudentissi-

2119 2514 2123 2519 .
2168 2456 2283 2494 mus
2311 2444 2549 2497 omnium
2593 2445 2905 2512 bestiarum,
2949 2445 3051 2500 hoc
3099 2456 3200 2511 est,
3261 2448 3612 2501 astutissimos
3651 2449 3708 2499 ita

2165 2531 2338 2585 dictus
2368 2542 2449 2586 est
2479 2548 2720 2603 serpens,
2751 2545 2968 2604 propter
2995 2542 3242 2591 astutiam
3265 2536 3464 2590 diaboli
3483 2579 3499 2603 ,
3529 2553 3633 2607 quo
3663 2538 3710 2592 in

2165 2622 2259 2676 illo
2287 2632 2342 2678 et
2366 2624 2434 2679 de
2463 2625 2554 2679 illo
2580 2627 2772 2697 agebat
2791 2627 2969 2681 dolum
2995 2647 3007 2679 :
3047 2628 3491 2698 quemadmodum
3537 2630 3710 2683 dicitur

2153 2713 2400 2789 prudens
2429 2717 2510 2771 vel
2531 2727 2703 2772 astuta
2731 2717 2904 2787 lingua
2934 2733 3089 2788 quam
3123 2719 3356 2788 prudens
3400 2722 3478 2775 vel
3523 2732 3705 2777 astutus

2163 2814 2344 2860 movet
2388 2807 2475 2866 ad.
2501 2806 2694 2876 aliquid
2745 2808 3033 2876 prudenter
3081 2820 3364 2880 astuteque
3403 2812 3704 2866 suadendum

2163 2896 2293 2964 (non
2320 2898 2463 2949 enim
2493 2909 2578 2961 est
2611 2897 2722 2953 haec
2746 2901 2824 2952 vis
2846 2914 2940 2953 seu
2970 2901 3135 2954 virtus
3163 2903 3386 2955 membri
3415 2904 3704 2972 corporalis,

2161 2983 2305 3051 quod
2335 2995 2554 3040 vocatur
2591 2985 2790 3056 lingua,
2813 2989 2907 3043 sed
2952 2991 3136 3058 utique
3181 2993 3375 3046 mentis
3405 3008 3518 3061 qua:
3560 2994 3702 3045 utitur

2166 3075 2275 3145 ea).
2309 3077 2377 3128 ita
2408 3078 2570 3131 etiam
2610 3077 2783 3132 dictus
2805 3061 2887 3133 est
2927 3081 3096 3151 stylus
3141 3081 3370 3135 mendax
3411 3083 3695 3136 scribarum.

2162 3165 2345 3234 Neque
2371 3156 2510 3220 enim
2538 3183 2656 3223 esse
2677 3170 2983 3224 mendacem
3006 3172 3230 3239 pertinet
3253 3173 3440 3227 nisi‘ad
3466 3173 3699 3227 viventem

2160 3264 2323 3323 atque
2370 3258 2719 3324 sentientem;
2771 3261 2862 3313 sed
2909 3261 3080 3330 stylus
3133 3263 3357 3316 mendax
3409 3263 3572 3318 dictus
3611 3274 3698 3326 est,

2160 3347 2299 3415 quod
2324 3363 2420 3416 per
2448 3364 2569 3402 eum
2599 3351 2823 3405 mendax
2863 3353 3190 3408 mendaciter
3227 3367 3492 3424 operetur,
3535 3371 3698 3424 quem-

2159 3439 2444 3495 admodum
2473 3444 2516 3496 si
2547 3453 2599 3498 et
2625 3443 2725 3497 iste
2751 3459 2970 3510 serpens
2998 3447 3222 3500 mendax
3260 3450 3538 3511 diceretur,
3573 3449 3696 3516 quod

2161 3538 2230 3586 eo
2259 3531 2504 3587 diabolus
2539 3544 2787 3603 tanquam
2815 3537 2953 3604 stylo
2979 3537 3305 3594 mendaciter
3335 3551 3576 3594 uteretur.
3602 3540 3696 3593 Hoc

2160 3623 2284 3678 ideo
2309 3627 2785 3682 commendandum
2811 3629 2987 3696 putavi
3012 3645 3078 3685 ne
3097 3634 3378 3701 quisquam
3412 3635 3695 3688 existimans

2159 3714 2452 3772 animantia
2480 3719 2697 3773 rationis
2724 3723 2961 3788 expertia
2995 3724 3284 3779 humanum
3323 3728 3511 3781 habere
3560 3727 3694 3780 intelc

2159 3805 2377 3871 lectum,
2427 3810 2506 3862 vel
2565 3811 2618 3862 in
2676 3811 2872 3864 animal
2927 3814 3186 3868 rationale
3241 3826 3459 3885 repente
3499 3819 3691 3881 mutari,

2157 3891 2442 3954 seducatur
2472 3900 2525 3954 in
2576 3902 2719 3956 illam
2766 3903 3066 3971 opinionem
3108 3905 3383 3961 ridiculam
3409 3921 3460 3963 et
3485 3910 3688 3972 noxiam,

2157 3993 2502 4048 revolutionis
2541 3996 2831 4050 animarun
2855 4022 2857 4024 ·
2879 3998 2960 4052 vel
2998 3998 3270 4053 hominum
3303 4000 3356 4054 in
3385 4001 3586 4065 bestias,
3617 4001 3688 4055 vel

2155 4083 2207 4137 in
2236 4083 2479 4138 homines
2521 4078 2832 4142 besiiarum.
2872 4087 2960 4143 Sic
2998 4104 3125 4158 ergo
3157 4091 3362 4145 locutus
3388 4104 3466 4146 est
3491 4107 3688 4161 serpens

2156 4175 2380 4242 homini,
2407 4177 2541 4231 sicut
2562 4176 2710 4234 asina
2760 4181 2809 4235 in
2856 4195 2957 4250 qua
2998 4182 3220 4238 sedebat
3275 4184 3483 4238 Balaam
3529 4184 3686 4239 lrcuta

2153 4276 2236 4321 est
2266 4266 2484 4332 homini,
2518 4270 2616 4323 nisi
2658 4270 2798 4339 quod
2839 4271 2968 4325 illud
3013 4287 3145 4341 opus
3199 4272 3296 4327 fuit
3355 4276 3680 4335 diabolicum,

2156 4356 2257 4410 hoc
2291 4357 2608 4426 angelicum.
2651 4359 3036 4416 Habentenim
3076 4364 3318 4432 quaedam
3359 4368 3474 4419 boni
3505 4378 3554 4419 et
3575 4365 3682 4418 ntali

2785 4452 2919 4506 sicut
2956 4452 3163 4523 Moyses
3215 4465 3269 4509 et
3313 4459 3445 4525 magi
3477 4457 3681 4510 Pharao-

2155 4538 2258 4600 nis,
2283 4538 2467 4593 verum
2506 4540 2557 4593 in
2585 4539 2680 4592 ‘his
2735 4543 2894 4595 etiam
2948 4543 3071 4598 boni
3144 4546 3319 4614 angeli
3389 4548 3680 4614 potentiores

2152 4637 2310 4682 sunt:
2346 4643 2442 4683 nec
2471 4630 2593 4683 mali
2639 4632 2810 4699 angeli
2861 4631 3019 4686 etiam
3059 4634 3243 4688 talium
3287 4651 3498 4704 Operum
3546 4635 3678 4704 quid-

2150 4733 2306 4787 quam
2359 4731 2598 4788 possunt,
2648 4721 2748 4774 nisi
2782 4722 2920 4790 quod
2967 4738 3069 4791 .per
3127 4725 3296 4779 bonos
3348 4727 3551 4795 angelos
3573 4740 3672 4792 pcr-

2151 4809 2356 4864 miserit
2404 4810 2567 4876 Deus,
2625 4821 2680 4865 ut
2730 4813 3053 4868 retribustur
3087 4816 3374 4884 unicuique
3416 4818 3672 4870 secundum

2149 4914 2243 4954 cor
2283 4898 2419 4968 ejus,
2466 4902 2550 4961 yel
2590 4902 2877 4956 secundum
2941 4905 3162 4972 gratiam
3250 4905 3365 4971 Dei,
3423 4916 3672 4972 utrumque

2145 4993 2286 5060 juste
2315 5006 2378 5045 ac
2405 4992 2650 5062 benigne,
2687 5008 2780 5060 per
2806 4993 3137 5050 altitudinem
3162 4995 3457 5051 divitiarum
3486 4994 3675 5064 sapien-

2148 5084 2236 5137 tia:
2262 5090 2316 5138 et
2342 5083 2577 5138 scientia:
2605 5083 2717 5139 Dei.

2718 5217 2939 5274 CAPUT
2969 5217 3135 5272 XXV.

2150 5333 2297 5397 Quod
2319 5347 2492 5404 arnore
2513 5348 2563 5385 se
2587 5313 2900 5401 sequentibus
2931 5331 3064 5404 Deus
3102 5332 3418 5404 auctoritatis
3459 5330 3572 5404 riam
3599 5342 3671 5404 se:

2214 5402 2547 5473 ptempliciter
2567 5399 2846 5469 muniverit,
2878 5418 2941 5455 ea
2964 5403 3091 5456 libro
3115 5403 3181 5455 de
3209 5401 3430 5455 Moribus
3459 5399 3662 5452 Ecclesia

2218 5471 2496 5526 cat/tutiore.

2141 5638 2145 5641 .
2215 5587 2524 5655 Qumramus
2565 5585 3001 5656 quemadmodum
3043 5585 3114 5640 sit
3153 5585 3349 5639 homini
3395 5577 3653 5635 vivendum.

2146 5681 2302 5737 Beate
2331 5689 2472 5738 certe
2500 5694 2683 5737 omnes
2709 5679 2885 5737 vivere
2906 5677 3150 5734 volumus
3175 5693 3188 5732 :
3215 5676 3390 5733 beatus
3406 5683 3565 5731 autem
3583 5680 3649 5722 ne
