3886 6224
131 229 232 284 609
294 205 301 210 ’

1319 230 1754 286 τιιιῑελυηυδ.
1794 231 1960 285 ΕΔΓ..
1987 231 2168 287 XXVI.

3272 245 3382 302 6M

127 360 228 397 otto
251 344 344 398 ille
374 343 478 398 dici
505 351 679 410 potest
705 343 789 411 qui
834 357 936 395 non
981 344 1131 397 habet
1162 346 1301 413 quod
1326 353 1485 421 amat,
1517 344 1695 411 qttale-
1725 349 1766 401 Λ
1804 354 2114 409 potestatein
2146 346 2197 398 in
2231 345 2330 398 hoc
2362 347 2557 400 mundo
2589 357 2733 403 tenet
2761 350 2998 423 {habet},
3023 364 3132 407 toto
3179 359 3377 410 mundo

122 449 333 503 cunque
364 436 454 500 sit,
486 448 656 500 neque
696 434 782 501 qui
825 433 978 486 habet
1009 435 1146 502 quod
1187 418 1355 499 amat,
1390 435 1433 487 si
1474 439 1693 486 noxium

123 536 214 590 sit,
241 540 420 593 neque
442 525 528 592 qui
552 541 655 578 non
673 536 807 576 amat
831 526 969 593 quod
997 526 1170 591 habet,
1193 527 1395 580 etiamsi
1439 529 1695 594 optimum

124 625 210 671 sit.
234 618 373 671 Nam
405 626 459 669 et
485 617 573 683 qtti
595 617 791 684 appetit
813 618 950 686 quod
977 619 1193 686 adipisri
1228 634 1326 670 non
1356 629 1551 685 potest,
1577 635 1696 672 cru-

123 721 324 771 ciatur;
362 717 419 761 et
445 709 534 775 qui
565 711 784 778 adeptus
815 719 896 763 est
922 710 1059 776 quod
1091 710 1439 777 appetendum
1473 725 1573 761 non
1606 727 1692 763 es-

122 811 200 852 set
225 800 353 872 [est]
378 801 616 865 fallitur;
649 811 701 853 et
732 801 818 868 qui
861 815 963 853 non
1001 802 1198 867 appetit
1223 801 1360 870 quod
1393 801 1690 866 adipiscen-

123 892 246 943 dum
280 901 446 954 esset,
476 903 712 961 aegrotat.
746 892 882 946 Nihil
914 906 1086 946 autem
1109 894 1324 946 istorum
1357 894 1531 946 animo
1559 909 1689 948 con-

127 983 282 1049 tingit
311 983 433 1036 sine
459 983 693 1045 miseria,
725 983 895 1036 nullus
942 984 1102 1052 igitur
1128 985 1338 1037 illorum
1378 985 1560 1037 beatus
1588 994 1688 1038 est.

124 1073 394 1137 Quantum
435 1083 597 1127 restat
637 1074 723 1126 ubi
752 1075 900 1126 beata
953 1078 1056 1127 vita
1104 1076 1326 1128 inveniri
1357 1085 1541 1144 queat,
1571 1091 1690 1130 cum

127 1165 174 1215 id
204 1167 348 1233 quod
380 1174 461 1219 est
503 1166 734 1218 hominis
763 1169 1018 1231 optimum
1045 1177 1097 1221 et
1135 1178 1341 1221 amatur
1363 1177 1417 1221 et
1448 1169 1688 1222 habetur.

125 1257 258 1322 Quid
308 1270 392 1311 est
434 1257 573 1310 enim
605 1257 745 1310 aliud
775 1258 912 1325 quod
955 1259 1179 1312 dicimus
1210 1259 1342 1323 frui,
1373 1260 1467 1312 nisi
1498 1269 1691 1327 pra-sto

128 1350 322 1403 habere
354 1350 490 1415 quod
529 1349 735 1417 diligis?
782 1350 982 1402 Prmsto
1019 1365 1143 1418 ergo
1183 1350 1332 1403 nobis
1375 1365 1492 1404 esse
1532 1352 1693 1404 debet

126 1439 675 1504 optimum‘ttostrum,
709 1439 752 1493 si
783 1440 933 1493 beate
979 1441 1155 1495 vivere
1201 1442 1511 1508 cogitamus.
1559 1442 1688 1494 Nam

129 1535 368 1600 quisquis
397 1533 534 1602 quod
567 1532 743 1602 seipso
771 1541 854 1586 est
878 1535 1108 1588 deterius
1137 1535 1392 1603 sequitur,
1421 1535 1476 1587 lit
1504 1542 1555 1588 ct
1579 1535 1692 1602 ipse

127 1625 383 1677 deterior.
429 1624 647 1691 Oportet
689 1636 862 1680 autem
894 1641 1102 1681 omnem
1154 1626 1417 1679 hominem
1469 1625 1518 1678 id
1550 1625 1721 1693 quod.

1797 442 1879 484 est
1906 432 2124 484 omnino
2155 433 2435 486 sublimior
2468 451 2616 488 mens
2657 439 2968 492 inhatrendo
3006 441 3143 506 Deo;
3175 444 3255 497 sin
3289 445 3374 497 illa

1798 525 1969 576 virtus
1997 524 2133 576 dicta
2179 536 2260 577 est
2299 527 2417 593 quae
2465 527 2627 594 ipsius
2677 531 2833 581 animi
2866 533 3031 584 nostri
3073 535 3370 589 rectissima

1797 614 2007 667 allectio
2029 625 2146 668 est:
2172 616 2214 668 si
2244 616 2292 667 in
2323 617 2426 668 alio
2453 626 2554 679 est,
2580 618 2718 671 favet
2742 630 2794 670 ttt
2821 621 3205 690 conjungantttr
3229 624 3368 687 Deo,

1798 703 1839 756 si
1872 707 1919 755 in
1945 707 2095 757 nobis
2127 714 2228 770 est,
2254 708 2363 773 ipsa
2384 707 2672 775 conjuttgit.
2702 708 2816 761 Non
2838 722 3083 774 separant
3111 714 3368 766 instantes

1797 797 2080 862 molesthe,
2125 799 2223 850 hoc
2269 799 2411 850 enim
2465 800 2688 853 leviores
2715 815 2806 853 eas
2833 801 3119 872 sentimus,
3167 819 3271 871 quo
3316 805 3365 856 ei

1799 886 1979 954 |tmdej
2003 902 2028 938 a
2062 901 2167 954 quo
2197 902 2290 939 nos
2315 902 2561 955 separare
2608 889 2895 942 moliuntur
2923 892 3098 943 acrius
3137 893 3366 946 ittlttere-

1796 992 1932 1029 mus.
1967 979 2080 1030 Non
2106 989 2313 1043 separat
2341 967 2622 1047 promissio
2649 980 2962 1040 futurorum.
2989 998 3107 1035 nam
3135 995 3186 1036 et
3215 984 3368 1051 quid-

1796 1071 1921 1140 quid
1964 1070 2086 1121 boni
2129 1070 2362 1122 futurum
2396 1083 2512 1134 est,
2558 1072 2757 1124 certius
2806 1075 3063 1139 praiuittit
3110 1075 3268 1138 Deus,
3314 1086 3369 1130 ct

1798 1160 1927 1212 nihil
1951 1169 2033 1213 est
2057 1158 2173 1226 ipso
2220 1161 2326 1212 Deo
2355 1161 2567 1228 melius,
2593 1164 2678 1230 qui
2705 1164 2814 1232 jam
2839 1166 3075 1231 profecto
3107 1169 3241 1220 bene
3264 1169 3366 1221 sibi

1797 1252 2183 1306 inhaerentibus
2211 1267 2444 1322 pt'wsetts
2467 1264 2569 1308 est.

2315 1458 2318 1459 ⁷
2356 1451 2584 1505 CAPUT
2615 1451 2802 1505 XXVI.

1795 1557 1873 1611 De
1896 1561 2149 1627 principio
2170 1560 2376 1616 Genesis
2397 1581 2427 1615 a
2452 1562 2628 1634 Moyse
2653 1581 2834 1631 magno
2853 1568 3087 1634 mysterio
3105 1566 3363 1633 inc/moto,

1865 1646 1923 1682 ac
1952 1634 2087 1698 quod
2131 1635 2397 1699 multiplex
2423 1633 2659 1685 sensuum
2689 1633 2915 1698 prolatio,
2937 1654 3035 1688 non
3079 1642 3141 1690 sit
3191 1652 3334 1692 contr

129 1712 388 1780 Optimum
433 1724 515 1767 est
556 1715 724 1785 sequi,
766 1717 855 1770 sed
900 1718 1001 1770 tale
1029 1731 1146 1770 esse
1185 1716 1371 1784 debet,
1403 1717 1540 1784 quod
1589 1724 1691 1770 no‘n

1867 1701 2041 1767 ﬁderit,
2065 1717 2125 1754 ea:
2149 1700 2276 1754 Νὺξ-ο
2309 1718 2381 1754 xu
2405 1703 2815 1772 Confessionum.
3325 1719 3333 1727 ‘

132 1808 338 1858 amittat
366 1808 583 1872 invitus,
617 1811 811 1878 quippe
841 1825 995 1863 nemo
1023 1819 1192 1877 potest
1222 1808 1488 1863 conlidere
1511 1808 1576 1863 de
1607 1809 1698 1862 tali

132 1898 293 1958 bono,
339 1899 480 1977 quod
521 1901 619 1953 sibi
647 1901 775 1968 eripi
810 1917 966 1971 posse
993 1904 1182 1966 sentit,
1215 1903 1372 1956 etiam
1401 1904 1443 1956 si
1471 1903 1702 1957 retinete

135 1989 180 2041 id
203 1991 556 2059 amplectique
583 1994 826 2046 voluerit.
858 1993 1104 2061 Quisquis
1130 2002 1304 2046 autem
1328 1992 1393 2046 de
1425 1994 1566 2045 bono
1594 2009 1699 2059 quo

136 2082 328 2134 fruitur
359 2099 464 2136 non
482 2083 719 2147 confidit,
747 2084 798 2136 in
829 2093 973 2137 tanto
1004 2087 1189 2137 timore
1218 2084 1489 2137 amittendi
1519 2087 1702 2139 beatus

134 2185 248 2224 esse
276 2173 394 2240 quis
418 2175 626 2241 potest?
657 2172 784 2238 Quis
808 2187 933 2225 vero
965 2173 1168 2226 dubitet
1194 2173 1458 2226 hominem
1490 2170 1703 2241 sapien-

97 2258 100 2260 ⁷
135 2271 258 2324 tem,
287 2264 328 2314 si
351 2265 502 2328 sequi
538 2265 667 2316 satis
697 2263 1073 2327 putaverimus,
1096 2247 1289 2316 auferri
1316 2279 1342 2314 a
1372 2265 1522 2316 nobis
1546 2265 1700 2334 [eun-

88 2422 95 2428 ¹
136 2354 383 2408 etaudum
408 2365 554 2422 putet
582 2355 848 2408 hominem
883 2355 1193 2422 sapientem,
1219 2356 1262 2407 si
1289 2371 1406 2408 eunt
1431 2356 1582 2422 sequi
1609 2371 1702 2424 pu-

138 2447 444 2508 taverimus,
475 2446 670 2500 auferri
700 2461 726 2498 a
774 2446 948 2508 nobis,
991 2462 1094 2499 non
1125 2447 1280 2498 modo
1311 2447 1698 2509 reensantibus,

137 2535 427 2606 sedletiam
474 2537 886 2607 repugnantibus
929 2541 1115 2604 posse?
1150 2537 1286 2590 Deus
1317 2537 1474 2605 igitur
1515 2547 1696 2600 restat,

137 2642 287 2694 quem
317 2629 361 2682 si
391 2633 664 2699 sequimur
710 2631 864 2694 bene,
891 2632 933 2684 si
975 2632 1323 2697 assequitnttr,
1360 2646 1461 2683 non
1496 2638 1698 2684 tantum

141 2717 294 2785 bene,
323 2721 414 2774 sed
448 2722 603 2775 etiam
636 2722 786 2775 beate
816 2722 1059 2777 vivimus.
1092 2724 1303 2777 Scotttio
1325 2722 1414 2775 Dei
1446 2731 1527 2776 est
1577 2724 1700 2776 bea-

141 2812 299 2866 litatis
326 2815 617 2880 appetitus;
650 2813 976 2878 consecutio,
1023 2815 1130 2878 ipsa
1182 2814 1419 2866 beatitas.
1458 2812 1562 2867 Sed
1593 2828 1697 2882 quo

143 2891 292 2968 pacto
317 2906 589 2973 sequimur
614 2921 768 2973 quem
793 2920 895 2957 non
919 2905 1190 2978 videmus?
1220 2913 1308 2956 aut
1328 2904 1594 2971 quomodo
1621 2905 1698 2956 vi-

1876 1811 2041 1866 Netno
2069 1813 2175 1881 jam
2209 1814 2335 1866 mihi
2368 1816 2622 1869 molestus
2651 1822 2749 1881 sit,
2783 1816 3008 1872 dicendo
3045 1819 3174 1874 mihi
3211 1838 3220 1872 :
3256 1821 3369 1875 Non

1805 1901 1906 1953 hoc
1932 1903 2097 1954 sensit
2121 1906 2330 1972 Moyses
2357 1905 2494 1972 quod
2525 1913 2578 1958 tu
2609 1905 2764 1969 dicis,
2794 1909 2884 1960 sed
2918 1907 3018 1962 hoc
3037 1914 3201 1963 sensit
3229 1914 3369 1981 quod

1803 2008 1902 2061 ego
1931 1992 2070 2048 dico.
2095 1993 2302 2047 Sienittt
2335 1995 2464 2048 mihi
2498 1996 2726 2049 diceret:
2747 1996 2896 2050 Unde
2925 2000 3030 2052 scis
3052 1999 3150 2054 hoc
3171 2004 3373 2056 sensis-

1803 2096 1860 2135 se
1887 2082 2124 2152 Moysen,
2156 2085 2294 2151 quod
2324 2084 2391 2137 de
2422 2084 2502 2137 his
2536 2085 2712 2138 verbis
2738 2087 2858 2154 ejus
2886 2089 3188 2156 eloqueris?
3210 2108 3367 2160 inquo

1805 2173 1980 2224 animo
2004 2172 2143 2226 ferre
2165 2174 2435 2238 deberem,
2468 2184 2520 2228 et
2550 2179 2872 2241 respondere
2897 2177 3118 2232 fortasse
3139 2195 3255 2248 quae
3282 2198 3373 2234 stt-

1806 2263 1981 2331 perius
2018 2264 2299 2331 respondi,
2329 2266 2410 2318 vel
2460 2266 2726 2333 aliquanto
2756 2267 2990 2334 uberius,
3013 2268 3056 2322 si
3085 2280 3228 2324 esset
3259 2272 3372 2324 'du-

1805 2355 1935 2408 rior.
1963 2352 2093 2407 Cum
2122 2370 2248 2408 vero
2276 2355 2406 2408 dicit
2434 2374 2446 2409 :
2481 2355 2594 2408 Non
2625 2357 2724 2412 hoc
2750 2359 2839 2411 ille
2863 2360 3029 2412 sensit
3052 2362 3189 2428 quod
3220 2371 3273 2414 tu
3303 2364 3374 2415 di-

1806 2444 1906 2506 cis,
1955 2446 2046 2497 sed
2095 2446 2235 2513 quod
2285 2460 2382 2513 ego
2430 2446 2580 2511 dico,
2631 2462 2799 2515 neque
2825 2456 2999 2502 tamen
3050 2461 3205 2518 negat
3233 2454 3375 2519 quod

1806 2548 2028 2606 uterque
2061 2548 2295 2591 nostrum
2335 2539 2463 2592 dicit
2502 2549 2786 2606 utrumque
2814 2555 2998 2594 verum
3031 2557 3181 2608 esse;
3213 2558 3245 2597 ο
3271 2546 3376 2598 vita

1811 2644 2122 2696 pauperum,
2153 2630 2293 2683 Deus
2325 2645 2492 2694 meus,
2518 2631 2570 2682 in
2592 2629 2744 2698 enjus
2774 2632 2892 2684 sinu
2921 2647 3024 2685 non
3051 2644 3132 2686 est
3156 2646 3369 2686 contra-

1805 2720 1986 2785 dictio,
2022 2723 2140 2786 plue
2167 2722 2296 2774 mihi
2328 2723 2685 2790 mtigationcs
2717 2722 2768 2774 in
2792 2737 2903 2786 cor,
2930 2735 2982 2774 ut
3007 2724 3265 2791 patienter
3297 2736 3376 2777 ta-

1801 2813 1880 2866 les
1908 2812 2092 2866 l'eraml
2120 2814 2217 2878 Qui
2247 2830 2348 2866 non
2385 2815 2509 2867 tttilti
2541 2815 2640 2866 hoc
2669 2814 2869 2878 dicunt,
2900 2817 3016 2882 quia
3045 2816 3206 2869 divini
3229 2831 3370 2880 sunt,

1802 2915 1857 2958 et
1878 2906 1925 2956 in
1950 2906 2108 2958 corde
2137 2905 2318 2959 ftttnuli
2352 2908 2422 2959 ttti
2456 2907 2703 2959 viderunt
2731 2907 2868 2976 quod
2899 2909 3098 2973 dicunt,
3131 2909 3224 2962 sed
3250 2915 3373 2978 quia

141 2994 320 3048 demus
363 2989 698 3065 [videbimus
733 2996 763 3063 ι,
794 2997 879 3063 qni
931 3010 1034 3048 non
1081 2994 1250 3047 solum
1299 2995 1570 3056 homines,
1601 2993 1695 3046 sed
1765 3023 1769 3027 ~
1802 2996 2018 3065 superbi
2039 3005 2191 3064 .sunt,
2223 3013 2318 3050 nec
2350 3008 2614 3050 noverunt
2654 2999 2851 3067 Moysis
2897 3002 3246 3065 sententiam,
3279 3002 3373 3076 sed

142 3085 290 3137 etiam
324 3069 628 3153 insipientes
659 3101 839 3138 smnus
862 3084 1102 3138 homines
1119 3083 1586 3152 ?'C0ufugiendum
1615 3091 1698 3136 est
1719 3071 1770 3134 SC
1800 3092 2178 3152 amant'suam;
2196 3104 2297 3140 non
2320 3091 2439 3156 quia
2457 3103 2577 3141 vera
2604 3096 2706 3151 est,
2732 3089 2826 3141 sed
2849 3089 2966 3156 quia
2990 3105 3082 3142 sua
3107 3098 3186 3142 est
3209 3107 3220 3142 ;
3245 3071 3377 3142 alio.

142 3181 289 3242 igitur
330 3176 391 3227 ad
438 3192 618 3230 eorum
645 3184 902 3243 praecepta
932 3191 1062 3243 quos
1086 3162 1351 3242 sapientes
1383 3175 1542 3226 fuisse
1574 3188 1696 3241 pro-

147 3266 307 3319 bshle
335 3277 450 3328 est,
496 3277 550 3320 ttt
593 3269 642 3320 itt
695 3267 860 3321 lucem
893 3267 1127 3320 veritatis
1168 3268 1333 3319 aciem
1383 3263 1694 3356 titubantem

146 3361 276 3407 velut
309 3356 468 3408 rantis
499 3354 837 3408 humanitatis
866 3364 1082 3422 opacata
1119 3355 1332 3407 inducat
1355 3354 1646 3408 auctoritas
1681 3370 1692 3405 :

147 3459 294 3508 quam
323 3460 458 3498 Viam
489 3446 641 3498 nobis
671 3444 806 3498 Deus
841 3455 894 3498 et
923 3446 1334 3514 patriarcharum
1370 3444 1695 3512 segregatio-

149 3551 226 3592 ne.
259 3546 311 3589 et
357 3537 484 3605 legis
533 3537 763 3600 vinculo,
809 3545 864 3590 et
909 3536 1282 3605 prophetarum
1332 3538 1615 3604 praesagio,
1645 3548 1699 3590 et

149 3628 366 3694 suscepti
408 3627 635 3680 hominis
663 3636 1024 3691 sacramento,
1062 3637 1114 3680 et
1142 3627 1502 3693 apostolorum
1546 3625 1695 3678 testi-

151 3721 335 3780 monio,
379 3731 428 3771 ct
457 3731 744 3788 martyrum
786 3717 1062 3786 sanguine,
1105 3727 1158 3771 et
1203 3717 1438 3784 gentium
1469 3731 1698 3782 occupa-

152 3813 283 3864 tione
310 3811 532 3864 munivit
555 3830 569 3874 ;
601 3825 763 3879 quare
794 3809 1111 3863 ratiunculas
1139 3819 1343 3862 nostras
1363 3809 1554 3860 divinis
1576 3809 1696 3861 Strb-

150 3904 408 3955 mittamus
456 3903 752 3956 affectibus.
805 3901 1095 3962 Audiamus
1150 3916 1276 3968 ergo
1321 3915 1477 3967 quem
1538 3900 1695 3952 tinem

152 3991 398 4045 bonorum
431 3995 600 4055 nobis,
620 3992 850 4056 Christe,
879 3993 1210 4060 prmscribas,
1243 4006 1347 4059 quo
1370 4004 1466 4044 nos
1488 4004 1698 4042 summo

152 4097 321 4137 amore
350 4084 752 4151 leudercjubes.
779 4083 995 4150 Diliges,
1017 4081 1202 4150 inquit,
1231 4080 1507 4133 Dominum
1532 4080 1694 4134 Deum

153 4183 288 4227 tuum
329 4191 392 4228 ex
424 4184 533 4228 toto
558 4175 720 4228 corde
746 4184 853 4237 tuo,
882 4183 936 4226 et
957 4189 1023 4226 ex
1056 4183 1170 4226 tota
1196 4172 1369 4224 anima
1403 4182 1510 4233 tua,
1543 4180 1596 4223 et
1627 4186 1693 4224 ex

154 4275 252 4319 tota
286 4278 458 4320 mente
487 4277 595 4320 tua.
625 4266 762 4331 Quid
808 4266 886 4318 vis
913 4266 1178 4333 amplius?
1209 4264 1272 4318 Et
1301 4266 1491 4318 Paulus
1519 4282 1532 4316 :
1569 4265 1696 4316 Dili-

153 4357 402 4426 gentibus,
434 4360 623 4428 inquit,
649 4359 811 4413 Deum
843 4358 1017 4411 omnia
1054 4357 1343 4426 procedunt
1383 4358 1432 4409 itt
1473 4357 1693 4410 bonum.

1800 3178 1926 3245 quin
1957 3187 2011 3232 et.
2038 3179 2193 3229 aliam
2229 3194 2405 3230 veram
2443 3183 2639 3247 pariter
2678 3189 2938 3243 amarent,
2972 3179 3107 3231 sicut
3129 3194 3228 3249 ego
3253 3195 3376 3233 amo

1799 3267 1938 3333 quod
1970 3267 2172 3328 dicunt,
2204 3267 2417 3334 quando
2439 3283 2621 3321 verum
2651 3255 2930 3331 inducunt;
2953 3281 3054 3322 non
3088 3270 3206 3337 quia
3231 3271 3376 3339 ipso-

1800 3371 1916 3410 rum
1945 3366 2048 3421 est,
2081 3357 2173 3410 sed
2219 3359 2338 3424 quia
2369 3372 2574 3412 verum.
2613 3359 2676 3410 Et
2702 3359 2824 3410 ideo
2857 3361 2962 3426 jam
3006 3375 3102 3414 llt'c
3143 3364 3373 3428 ipsorum

1798 3455 1902 3509 εει,
1926 3446 2048 3513 quia
2077 3462 2256 3499 verum
2284 3456 2382 3499 est.
2418 3447 2472 3501 Si
2505 3457 2682 3500 autem
2717 3447 2834 3500 ideo
2872 3461 3047 3500 amant
3087 3450 3211 3502 illud
3253 3453 3374 3518 quia

1799 3552 1981 3589 verum
1997 3537 2215 3604 est,jatn
2231 3539 2526 3604 etipsorum
2550 3547 2632 3592 est
2652 3548 2706 3593 et
2728 3555 2901 3591 meum
2933 3552 3035 3604 est,
3051 3544 3296 3610 queuiam
3320 3544 3372 3598 in

1799 3640 2078 3686 commune
2104 3627 2337 3680 omnium
2361 3638 2443 3681 est
2483 3629 2717 3682 veritatis
2747 3640 3064 3682 amaturum.
3107 3631 3237 3684 Illud
3267 3649 3369 3686 au-
3397 3684 3401 3687 .

1801 3725 1907 3768 tem
1938 3718 2075 3784 quod
2107 3718 2459 3782 contendunt,
2493 3733 2596 3770 non
2621 3718 2719 3771 hoc
2738 3720 2973 3773 sensisse
2996 3721 3156 3790 Moysi
3181 3738 3210 3774 n
3233 3725 3374 3790 quod

1800 3822 1900 3874 ego
1930 3793 2078 3874 dico,
2110 3809 2202 3861 sed
2231 3809 2371 3876 quod
2404 3810 2499 3876 ipsi
2527 3809 2728 3872 dicunt,
2759 3811 2900 3875 nolo,
2934 3827 3035 3864 non
3081 3824 3223 3875 amo;
3252 3817 3373 3882 quia

1799 3899 1897 3951 etsi
1928 3899 1995 3948 ita
2038 3907 2142 3963 est,
2175 3907 2351 3951 tamen
2394 3898 2492 3951 ista
2513 3893 2802 3952 'temcritas
2847 3916 2946 3951 non
2979 3887 3244 3967 scientim,
3280 3905 3372 3957 sed

1799 3987 2033 4039 audacia:
2064 3973 2164 4051 est,
2197 4003 2294 4040 nec
2321 3988 2481 4052 visus,
2510 3992 2610 4057 22
2661 3990 2750 4041 sed
2794 3991 2983 4058 typhtts
3000 4006 3113 4043 eam
3147 3997 3371 4061 peperit.

1802 4076 2048 4144 Ideoque,
2069 4077 2308 4142 Domine,
2325 4082 2598 4131 tremenda
2619 4089 2742 4131 sunt
2764 4078 2962 4145 judicia
2983 4089 3088 4144 tua,
3121 4080 3372 4148 quoniam

1798 4173 1991 4224 veritas
2017 4181 2100 4224 tua
2131 4187 2230 4225 nec
2258 4188 2370 4225 mea
2402 4181 2502 4236 est,
2531 4186 2626 4224 nec
2652 4173 2789 4225 illius
2815 4182 2905 4224 aut
2936 4171 3096 4234 illius,
3130 4174 3222 4225 sed
3251 4190 3371 4225 oin-

1800 4265 1944 4315 niutn
1978 4271 2213 4314 nostrum
2236 4278 2370 4330 quos
2424 4264 2487 4314 ad
2541 4263 2656 4329 ejus
2692 4262 3120 4315 communionem
3166 4264 3375 4331 publice

1800 4366 1991 4416 vocas,
2021 4353 2331 4407 terribiliter
2389 4353 2682 4406 admonens
2749 4368 2845 4407 nos
2883 4363 2940 4407 ut
2982 4370 3097 4407 eam
3143 4357 3372 4410 nolimus

156 4449 280 4503 Dicit
306 4453 464 4505 etiam
496 4452 608 4518 ipse
633 4449 934 4503 dilectionis
964 4449 1208 4502 modum:
1235 4449 1362 4514 Quis
1390 4463 1517 4515 ergo
1546 4461 1699 4514 sepa-
1726 4433 1774 4492 υ
1803 4441 1999 4527 habere
2022 4445 2299 4510 privatam,
2329 4459 2394 4497 ne
2436 4446 2701 4512 privemur
2743 4444 2831 4498 ea.
2871 4444 3000 4497 Nam
3033 4448 3274 4514 quisquis
3320 4450 3367 4498 i-t

153 4549 227 4591 rat
249 4555 343 4594 nos
368 4557 395 4593 a
423 4541 681 4594 cltaritate
704 4540 930 4594 Christi?
951 4548 1005 4593 et
1030 4550 1238 4593 cetera.
1273 4539 1334 4590 Et
1360 4546 1476 4604 post
1500 4553 1695 4605 pauca:

156 4630 328 4685 Certus
358 4648 469 4686 sum
498 4633 639 4686 enim
661 4634 777 4700 quia
811 4647 978 4700 neque
997 4647 1158 4691 mors,
1186 4644 1358 4696 neque
1389 4631 1519 4693 vita,
1541 4638 1592 4683 et
1617 4645 1700 4683 re-

156 4723 305 4792 liqua.
334 4725 386 4778 Si
418 4740 546 4794 ergo
573 4726 712 4778 nulla
742 4739 828 4777 res
867 4723 932 4776 ab
959 4723 1073 4791 ejus
1110 4723 1371 4775 cbaritate
1413 4736 1510 4774 nos
1549 4736 1702 4788 sepa-

157 4827 249 4878 rat,
280 4816 396 4876 quid
427 4832 547 4871 eSse
593 4832 696 4869 non
742 4816 912 4868 solum
961 4815 1164 4876 melius,
1194 4815 1283 4867 sed
1316 4814 1473 4865 etiam
1502 4814 1698 4866 certius

161 4904 252 4959 hoc
295 4909 424 4961 bono
455 4907 663 4976 potest?
690 4905 856 4959 Nemo
905 4920 1001 4958 nos
1044 4905 1164 4957 inde
1210 4912 1418 4971 separat
1449 4902 1700 4955 minando

160 5007 394 5064 mortem,
422 4997 648 5065 idipsum
680 4997 819 5050 enim
843 4995 1001 5063 quod
1040 4995 1304 5064 diligimus
1336 4994 1531 5057 Deum,
1567 4994 1700 5047 muri

162 5101 253 5137 not
288 5097 470 5154 potest,
505 5089 607 5142 nisi
653 5089 776 5140 dum
809 5104 912 5140 nun
959 5087 1125 5155 diligit
1168 5087 1352 5148 Deum,
1382 5086 1462 5152 cui
1493 5084 1699 5156 [cum']

163 5192 293 5230 mors
331 5180 436 5244 ipsa
481 5189 592 5242 est,
638 5195 739 5232 non
787 5179 1008 5245 diligere
1041 5178 1223 5241 Deum,
1273 5169 1409 5245 quod
1449 5179 1583 5230 nihil
1621 5190 1702 5231 est

163 5271 290 5320 aliud
318 5287 469 5339 quam
499 5273 546 5326 ei
573 5273 858 5339 quidquam
890 5273 938 5323 in
967 5270 1232 5337 diligenth
1250 5281 1406 5338 atque
1428 5271 1699 5338 sequendo

167 5374 468 5427 praeponere.
529 5363 692 5418 Nemo
744 5364 866 5417 inde
920 5373 1130 5430 separat
1179 5359 1472 5429 pollicendo
1516 5364 1698 5428 vitam,

168 5464 308 5504 nemo
331 5455 464 5507 enim
495 5456 561 5508 ab
592 5454 708 5521 ipso
739 5455 881 5506 fonte
910 5463 1118 5519 separat
1157 5467 1342 5520 aquam
1377 5452 1700 5518 pollicendo.

167 5537 266 5591 Neo
296 5556 497 5609 separat
519 5547 756 5613 angelus,
791 5559 892 5598 non
923 5545 1064 5596 enim
1092 5554 1174 5597 est
1203 5545 1440 5612 angelus,
1472 5560 1590 5596 cum
1621 5545 1703 5596 in-

170 5627 406 5686 lia-reatus
435 5635 564 5699 Deo,
608 5647 784 5688 nostra
813 5646 989 5689 mente
1023 5637 1304 5702 potentior.
1351 5635 1465 5689 Non
1494 5645 1707 5702 separat

173 5723 342 5788 virtus,
380 5727 422 5780 si
455 5728 538 5781 illa
595 5725 761 5781 virtus
794 5727 878 5781 hic
925 5727 1187 5780 nominata
1225 5736 1304 5781 est
1331 5736 1446 5794 quat
1476 5726 1704 5794 aliquam

1805 4537 1945 4600 quod
1978 4548 2030 4588 tu
2059 4538 2306 4590 omnibus
2334 4536 2400 4589 ad
2437 4535 2715 4589 fruendum
2757 4536 3005 4603 pr0ponis
3032 4539 3132 4590 sibi
3166 4542 3374 4605 prOprie

1808 4627 2077 4692 vindicat,
2121 4638 2174 4679 et
2221 4643 2374 4682 suum
2426 4629 2703 4680 vult'esse
2750 4629 2888 4696 quod
2934 4631 3168 4681 omnium
3214 4639 3315 4694 est,
3345 4649 3374 4683 ει

1804 4720 2071 4772 communi
2118 4720 2430 4786 pmpellitur
2459 4719 2522 4771 ad
2555 4734 2671 4782 sua,
2708 4720 2807 4773 hoc
2845 4727 2927 4774 est
2966 4734 2999 4772 a
3047 4722 3268 4774 veritate
3309 4723 3373 4774 ad

1809 4812 2174 4874 mendacium;
2215 4813 2304 4879 qui
2333 4812 2476 4862 enini
2505 4810 2736 4877 loquitur
2789 4811 3154 4873 mendacium,
3186 4811 3255 4863 de
3277 4826 3374 4862 ςηη

1807 4900 2060 4966 inquitur.
2091 4899 2340 4959 Attende,
2368 4898 2529 4965 judex
2579 4898 2778 4964 Optime
2807 4897 2974 4962 Deus,
3009 4901 3117 4966 ipsa
3146 4899 3371 4960 Veritas,

1802 4992 2016 5044 attende
2037 4983 2170 5059 quid
2199 4991 2398 5052 dicam,
2433 4989 2812 5043 contradictori
2846 4991 2988 5056 huic,
3023 4992 3375 5053 attende;to-

1802 5097 1912 5134 ram
1945 5089 1993 5133 te
2015 5083 2152 5134 enim
2184 5081 2329 5143 dico,
2356 5088 2410 5133 et
2434 5093 2612 5131 coram
2658 5077 2908 5131 fratribus
2940 5080 3094 5143 meis,
3127 5082 3215 5147 qtti
3247 5081 3369 5147 ll'gt-

1804 5175 1932 5226 time
1972 5180 2189 5228 utuntur
2240 5173 2388 5237 lege,
2444 5186 2610 5238 usque
2650 5170 2715 5222 ad
2761 5170 2915 5223 llnem
2947 5170 3241 5222 charitatis.
3273 5172 3368 5223 At-

1786 5264 1981 5325 tende,
2009 5272 2061 5316 et
2082 5264 2198 5315 vide
2220 5262 2343 5330 quid
2367 5261 2416 5313 ei
2439 5261 2635 5325 dicam,
2656 5261 2699 5312 si
2723 5260 2898 5328 placet
2921 5259 3011 5312 tibi
3037 5277 3051 5324 ;
3083 5261 3216 5314 hanc
3233 5264 3372 5314 enim

1789 5363 1986 5410 vocent
2062 5355 2183 5407 huic
2254 5350 2428 5407 refero
2503 5350 2787 5404 fraternam
2847 5361 2901 5405 et
2952 5353 3246 5418 pacificum.
3318 5354 3372 5406 Si

1807 5448 1962 5499 ambo
1990 5446 2228 5499 videmus
2252 5453 2436 5498 Verum
2467 5457 2583 5496 esse
2606 5442 2743 5510 quod
2771 5443 2923 5505 dicis,
2958 5455 3009 5496 et
3040 5442 3196 5495 ambo
3224 5444 3370 5495 vid»-

1809 5554 1925 5591 mus
1956 5553 2136 5590 verum
2168 5550 2287 5589 esse
2316 5533 2454 5604 quod
2483 5533 2624 5596 dico,
2659 5533 2767 5595 ubi,
2802 5548 3003 5602 quteso,
3028 5533 3077 5586 id
3103 5533 3377 5588 videmus?

1809 5645 1907 5683 nec
1935 5643 2031 5696 ego
2062 5630 2240 5695 utique
2269 5627 2318 5677 in
2343 5636 2412 5690 te,
2447 5638 2544 5677 nec
2576 5632 2628 5677 tu
2653 5624 2705 5677 ln
2731 5639 2835 5689 me,
2868 5625 2958 5678 sed
2978 5625 3135 5676 ambo
3163 5626 3212 5677 in
3239 5640 3373 5691 ipso,

1809 5739 1924 5792 qua:
1953 5736 2112 5790 supra
2140 5730 2341 5773 mentes
2376 5728 2582 5773 nostras
2626 5729 2731 5784 εει,
2782 5717 3196 5773 incommutabili
3235 5721 3372 5774 veri-
