3886 6224
465 148 563 203 Gil

1549 145 1610 199 Ι).
1658 139 1975 198 ΕΕΟΥΡΡΙΙ
2019 140 2301 197 ΛΒΒᾹῚΊΞ
2343 141 2667 197 AFRICANI

3631 135 3748 190 (είὲ

461 262 740 318 t:tte.(‘.um
767 283 894 335 ergo
918 266 982 319 de
1006 266 1115 333 ipsa
1135 263 1338 315 Domini
1361 264 1449 316 Dei
1475 264 1781 317 nostriluce
1798 275 2044 314 noncou-
2077 268 2123 322 Α
2153 266 2317 321 tuam,
2375 272 2656 312 recurrens
2704 259 2754 310 in
2802 264 2852 310 te
2904 271 3097 322 unum,
3134 269 3233 324 pro
3279 261 3441 322 captu
3482 253 3745 307 orti-nato

463 367 767 423 tendamus,
802 378 895 415 cur
923 363 988 414 de
1031 359 1265 426 proximi
1300 359 1620 427 cogitatione
1647 354 2040 416 contendimus,

464 473 623 524 quam
655 459 730 510 sic
768 455 946 505 videre
971 467 1072 502 nou
1105 465 1406 518 possumus,
1438 457 1496 500 ut
1516 447 1721 501 videtur
1752 446 2045 498 incommu-

467 549 642 602 tabilis
673 545 888 604 veritas,
915 542 1128 612 quando
1148 538 1442 611 [quoniam]
1463 540 1505 592 si
1529 539 1640 606 ipse
1655 536 1861 604 Moyses
1883 546 2046 600 appa-

465 646 659 695 ruisset
690 638 866 699 nobis,
897 645 1056 705 atque
1102 634 1324 688 dixisset
1354 650 1365 684 :
1402 633 1510 684 Iloc
1555 627 1816 698 cogitavi,
1842 641 1940 681 nec
1966 625 2046 680 sic

465 746 580 787 eam
608 714 915 783 videremus
934 769 949 794 ,
990 725 1084 780 sed
1113 722 1495 779 crederemus?
1525 719 1637 775 Non
1670 719 1846 788 ltaqu‘e
1886 729 2044 785 supra

464 836 624 888 quam
654 820 910 888 scriptum
941 825 1023 872 est
1050 831 1184 870 unus
1212 830 1303 882 pro
1344 814 1511 866 altero
1550 811 1764 864 infletur
1791 810 2047 863 adversus

466 914 715 975 alterum;
741 910 1027 978 diligamus
1057 905 1335 959 Dominum
1365 903 1529 956 Deum
1578 912 1817 953 nostrum
1848 914 1913 953 ex
1935 905 2047 952 toto
2087 971 2091 974 i

464 1003 650 1063 corde.
683 1012 736 1056 et
767 1016 832 1054 ex
862 1007 971 1053 tota
1001 999 1195 1061 anima,
1229 1005 1282 1048 et
1324 1009 1386 1048 ex
1419 1000 1526 1046 tota
1557 1000 1733 1046 meme
1759 999 1962 1053 nostra,
1992 996 2048 1043 et

466 1093 769 1162 proximum
817 1101 1051 1145 nostrum
1080 1088 1218 1142 sicut
1263 1086 1636 1153 nosmetipsos.
1680 1083 1901 1151 Pr0pter
1928 1095 2046 1150 quae

468 1187 576 1239 duo
600 1194 860 1252 przecepta
891 1180 1166 1235 cltaritatis
1208 1181 1440 1231 sensisse
1471 1178 1684 1247 Moysen
1708 1174 1959 1245 quidquid
1994 1174 2044 1228 in

470 1275 576 1328 illis
606 1275 752 1328 libris
777 1274 963 1338 sensit,
991 1271 1089 1325 nisi
1111 1269 1518 1330 crediderimus,
1543 1267 1852 1321 mendacem
1886 1264 2048 1321 facie.

472 1383 590 1420 tuus
622 1366 919 1429 Dominum,
948 1377 1070 1418 cum
1099 1359 1166 1416 de
1191 1361 1369 1415 animo
1396 1359 1641 1415 conservi
1688 1359 1844 1413 aliter
1888 1372 2044 1424 quam

472 1459 562 1511 ille
592 1458 770 1510 docuit
797 1455 1096 1524 opinamur.
1129 1452 1245 1506 Jam
1275 1451 1393 1505 vide
1423 1465 1579 1520 quam
1620 1449 1841 1505 stultum
1869 1447 1959 1512 sit,
1995 1446 2046 1499 in

472 1558 616 1600 tanta
647 1548 794 1616 copia
826 1544 1221 1601 verissimarum
1252 1542 1658 1605 sententiarum,
1690 1554 1808 1609 quae
1846 1539 1914 1592 de
1942 1537 2048 1590 illis

2149 362 2403 421 quantum
2445 353 2636 421 cuique
2666 367 2845 406 rerum
2894 351 2945 405 in
2990 365 3089 405 suo
3115 364 3313 418 genere
3337 349 3518 400 datum
3545 357 3660 406 est.
3686 359 3743 396 α

2151 439 2338 494 fierent
2365 442 2543 493 omnia
2576 441 2712 493 bona
2739 439 2911 503 valde,
2939 440 3055 492 sive
3078 445 3331 491 maneant
3349 435 3488 490 circa
3513 445 3585 498 te,
3614 451 3744 488 me

2147 529 2406 598 gradatim
2452 530 2739 583 remotiore
2787 526 3036 580 distantia
3091 541 3186 594 per
3232 538 3471 593 tempora
3511 533 3566 578 et
3607 526 3737 576 loca

2153 618 2404 686 pulchras
2449 618 2786 672 narrationes
2831 614 3054 681 faciant,
3083 623 3175 669 aut
3216 615 3396 684 patiau
3423 629 3505 668 ur.
3538 611 3741 666 Vident

2153 709 2285 773 haec,
2320 718 2374 763 et
2398 709 2630 777 gaudent
2655 707 2707 762 in
2736 708 2853 762 luce
2880 707 3120 762 veritatis
3145 717 3271 771 tum,
3301 706 3614 776 quantulum
3645 703 3739 758 hic

2152 797 2354 864 valent,
2399 807 2456 852 et
2498 799 2637 853 alius
2677 814 2864 853 eorum
2908 798 3137 852 intendit
3183 799 3236 852 in
3276 797 3326 850 id
3357 796 3498 866 quod
3527 797 3736 849 dictum

2147 897 2251 954 est,
2285 888 2339 943 In
2367 889 2627 959 principio
2657 887 2782 944 fecit
2811 891 2948 945 Deus
2969 932 2985 958 ,
3025 898 3080 944 et
3107 890 3374 958 resipisu
3413 889 3736 958 sapientia

2149 980 2486 1050 principium,
2513 981 2636 1050 quia
2661 993 2715 1035 et
2745 981 2976 1051 loquitur
3000 983 3112 1048 ipsa
3143 983 3300 1035 nobis
3325 998 3336 1032 :
3362 981 3499 1035 alius
3537 980 3729 1033 itidem

2151 1073 2380 1127 intendit
2397 1073 2447 1125 in
2471 1073 2656 1127 eadem
2679 1072 2836 1126 verba
2856 1115 2870 1138 ,
2891 1083 2948 1127 et
2969 1073 3287 1142 principium
3308 1072 3558 1141 intelligit
3573 1085 3732 1124 exor-

2153 1163 2303 1218 dium
2335 1179 2511 1218 rerum
2554 1166 2910 1231 conditarum,
2940 1176 2995 1220 et
3019 1166 3097 1219 sic
3121 1165 3334 1232 accipit,
3369 1163 3425 1216 ln
3462 1166 3732 1230 principio

2150 1254 2294 1318 fecit,
2324 1268 2388 1308 ac
2408 1256 2452 1308 si
2476 1255 2746 1310 diceretur
2774 1256 2952 1323 primo
2977 1255 3123 1320 fecit,
3155 1265 3317 1324 atque
3349 1257 3403 1309 in
3430 1255 3509 1308 eis
3531 1255 3731 1308 intelli-

2150 1359 2299 1416 gunt,
2337 1350 2390 1401 In
2442 1349 2735 1417 principio,
2764 1349 2906 1418 quod
2938 1350 2989 1403 in
3033 1350 3294 1419 sapientia
3337 1346 3511 1403 fecisti
3537 1349 3729 1403 coelum

2156 1450 2212 1492 et
2278 1449 2496 1506 terram,
2530 1443 2663 1496 alius
2728 1457 2914 1497 eorum
2952 1443 3122 1511 ipsum
3176 1442 3373 1498 ctelum
3412 1453 3468 1496 et
3508 1453 3722 1503 terram,

2151 1531 2440 1586 crcabilem
2493 1537 2767 1587 materiam
2815 1534 2939 1590 coeli
2979 1543 3037 1590 et
3064 1543 3224 1590 terre
3270 1534 3352 1588 sic
3395 1549 3516 1588 esse
3562 1537 3731 1589 credit

472 1637 650 1691 verbis
693 1635 810 1690 erui
845 1643 1086 1704 possunt,
1143 1644 1341 1687 temere
1369 1628 1638 1685 affirmare
1667 1645 1822 1699 quam
1864 1642 2046 1682 earum
2077 1633 2126 1695 Β
2153 1619 2600 1686 ουειιοιηίιιδιυηο
2659 1621 2812 1675 “ius
2873 1621 2983 1691 iam
3037 1622 3295 1677 formam
3350 1622 3729 1692 ἀίειίιιοιδκῐκ

473 1727 683 1794 Moyses
707 1724 1037 1794 potissimum
1055 1723 1304 1786 senserit,
1334 1733 1385 1776 et.
1409 1719 1722 1789 perniciosis
1749 1719 2047 1773 contentio-

473 1817 629 1871 nibus
649 1817 814 1885 ipsam
833 1815 1104 1870 offendere
1121 1814 1460 1878 cbaritatem,
1487 1821 1708 1882 propter
1727 1826 1886 1880 quam
1909 1809 2053 1863 dixit

473 1909 673 1968 omnia.
705 1908 854 1976 cujus
901 1908 1038 1961 dicta
1085 1889 1342 1959 conamur
1389 1917 1678 1972 evponere.
1729 1902 1879 1957 Sicut
1907 1901 2049 1954 enim

475 1997 596 2052 fons
627 2001 679 2052 in
707 2014 866 2064 parvo
907 1999 1024 2050 loco
1053 1998 1266 2067 uberior
1294 2003 1418 2063 est,
1443 1995 1787 2063 pluribusque
1839 1992 1966 2046 rivis
1998 1993 2049 2045 in

474 2091 734 2159 ampliora
762 2092 929 2158 spatia
976 2088 1171 2141 fluxum
1204 2087 1496 2148 ministrat,
1526 2100 1683 2155 quam
1710 2083 1932 2154 quilibet
1961 2097 2055 2137 eo-

474 2198 592 2235 rum
623 2183 859 2235 rivorum
888 2182 975 2249 qui
1009 2194 1103 2248 per
1132 2180 1297 2232 multa
1326 2165 1561 2231 locorum
1592 2176 1660 2231 ab
1691 2175 1882 2230 eodem
1911 2174 2055 2229 fonte

475 2277 774 2343 deducitur,
822 2277 892 2328 ita
926 2274 1158 2328 narratio
1201 2271 1586 2341 dispensatoris
1616 2269 1689 2325 tui
1723 2268 2054 2323 sermocina-

474 2365 609 2419 turis
640 2367 875 2432 pluribus
905 2363 1178 2430 profutura
1205 2376 1367 2428 parvo
1409 2361 1673 2415 sermonis
1703 2358 1918 2413 modulo
1937 2361 2057 2411 sca:

476 2468 555 2513 tet
577 2462 771 2513 fluenta
795 2459 1008 2527 liquida:
1027 2458 1286 2522 veritatis,
1315 2455 1454 2508 unde
1475 2453 1574 2507 sibi
1595 2454 1820 2523 quisque
1844 2467 2052 2514 verum,

475 2551 620 2618 quod
665 2551 734 2605 de
765 2551 845 2603 bis
897 2552 1052 2603 rebus
1085 2561 1277 2614 potest,
1312 2548 1395 2601 hic
1436 2547 1588 2613 illttd,
1638 2546 1728 2599 ille
1772 2545 1934 2610 illud,
1963 2557 2057 2612 per

478 2641 746 2714 longiores
774 2642 1101 2710 loquelarum
1132 2641 1400 2694 anfractus
1418 2639 1608 2693 trahat.
1642 2637 1744 2691 Alii
1766 2637 1909 2691 enim
1934 2649 2054 2690 cum

481 2731 596 2783 haec
621 2731 778 2784 verba
810 2733 988 2799 legunt
1019 2733 1102 2784 vel
1133 2731 1390 2794 audiunt,
1442 2730 1676 2799 cogitant
1707 2727 1872 2782 Deum
1905 2724 2057 2795 quasi

479 2803 772 2883 hominem,
803 2832 894 2877 aut
915 2823 1066 2891 quasi
1097 2824 1326 2890 aliquam
1358 2821 1552 2875 molem
1577 2820 1832 2873 immensa
1866 2811 2058 2886 priedi-

479 2923 584 2965 tam
603 2920 888 2980 potestate,
924 2927 1061 2964 novo
1084 2911 1314 2981 quodam
1333 2920 1387 2964 et
1416 2909 1694 2978 repentino
1723 2908 1937 2976 placito,
1964 2922 2058 2960 cx-

2151 1716 2366 1763 naturas
2397 1751 2413 1776 ,
2467 1711 2600 1765 alius
2647 1726 2804 1766 unam
2853 1715 3131 1768 formatam
3178 1708 3524 1784 eamdemque
3571 1717 3728 1784 spiri-

2152 1799 2310 1853 talem
2339 1800 2461 1855 cmli
2491 1801 2731 1867 nomine,
2761 1804 2922 1858 aliam
2963 1803 3247 1860 infamem
3289 1807 3585 1876 corporalis
3612 1823 3719 1862 ma-

2153 1891 2300 1945 teriae
2335 1899 2493 1946 terra:
2520 1895 2756 1949 nomine.
2799 1896 2899 1962 Qui
2924 1906 3100 1951 autem
3128 1898 3434 1968 intelligunt
3473 1899 3524 1952 in
3557 1901 3723 1954 omni-

2152 1981 2252 2036 bus
2278 1984 2401 2037 cmli
2427 1992 2482 2038 et
2511 1992 2671 2038 terra:
2694 1986 2868 2040 adhuc
2902 1986 3182 2043 informem
3213 1991 3505 2056 materiam,
3536 1993 3599 2046 de
3617 2007 3721 2061 qua

2155 2071 2482 2129 formaretur
2523 2076 2720 2132 coelum
2765 2088 2821 2132 et
2867 2087 3029 2144 terra,
3058 2095 3157 2136 nec
3203 2081 3304 2151 ipsi
3343 2097 3451 2136 uno
3491 2085 3641 2138 modo
3670 2084 3720 2137 id

2153 2165 2480 2237 intelligunt,
2512 2168 2608 2222 sed
2638 2168 2774 2223 alius
2800 2171 2943 2225 unde
2982 2184 3446 2228 consummaretur
3485 2174 3724 2244 intelligi-

2157 2255 2280 2314 bilis
2304 2260 2681 2331 sensibilisque
2707 2273 2975 2331 creatura,
2999 2264 3174 2330 alius,
3209 2272 3412 2318 tantum
3442 2266 3574 2320 unde
3598 2281 3720 2320 sen-

2157 2351 2330 2406 sibilis
2373 2351 2543 2406 moles
2584 2354 2685 2406 ista
2739 2367 2998 2422 corporea
3044 2355 3165 2409 sinu
3213 2355 3405 2426 grandi
3451 2357 3722 2410 continens

2157 2442 2468 2510 perspicuas
2501 2451 2876 2512 promptasque
2914 2452 3169 2500 naturas:
3197 2461 3298 2501 nec
3325 2447 3400 2501 illi
3423 2462 3526 2502 uno
3548 2448 3718 2508 modo,

2157 2532 2250 2600 qui
2285 2531 2395 2600 jam
2437 2533 2722 2602 dispositas
2765 2533 3103 2604 digestasque
3131 2547 3405 2592 creaturas
3444 2539 3626 2591 ctelum
3669 2548 3720 2591 et

2162 2634 2358 2678 terram
2383 2627 2561 2677 vocari
2595 2624 2696 2677 hoc
2719 2628 2835 2679 loco
2855 2626 3103 2692 credunt,
3129 2628 3224 2681 sed
3253 2628 3390 2681 alius
3415 2627 3696 2682 invisibiles:

2160 2721 2326 2782 atque
2356 2711 2638 2776 visibilem,
2661 2713 2794 2790 alius
2823 2713 2992 2767 solam
3023 2715 3320 2782 visibilem,
3355 2716 3406 2769 in
3443 2732 3538 2784 qua
3577 2717 3693 2770 lui

2161 2821 2351 2860 nosum
2372 2807 2565 2860 ctutum
2587 2804 2925 2874 suspicimus,
2948 2814 3004 2861 et
3020 2815 3215 2862 terram
3232 2808 3574 2877 caliginosa:
3587 2822 3695 2877 qua

2158 2912 2264 2966 que
2293 2899 2344 2951 in
2365 2898 2448 2951 eis
2461 2908 2605 2953 sunt.
2625 2899 2693 2952 At
2712 2896 2800 2951 ille
2822 2897 2913 2966 qui
2934 2911 3041 2951 non
3061 2897 3215 2952 aliter
3235 2900 3449 2968 accipit,
3474 2899 3526 2953 ln
3542 2898 3695 2967 priuci

481 3011 559 3054 tra
591 3002 819 3068 seipsam
853 3013 1102 3068 tanquam
1127 3000 1256 3053 locis
1281 2999 1600 3053 distantibus
1629 2997 1822 3052 fecisse
1860 2997 2051 3050 caelum
2086 3007 2132 3069 ρ
2164 2990 2250 3058 pio
2279 2990 2424 3055 feeit.
2453 3004 2611 3059 quam
2659 2989 2704 3043 εἰ
2742 2989 3011 3045 diceretur
3041 2991 3212 3057 primo
3239 2989 3403 3055 fecit,
3447 3007 3546 3045 non
3575 2993 3695 3044 ltat-e

480 3101 536 3144 ct
564 3099 759 3143 terram
785 3108 798 3143 :
827 3090 932 3143 duo
957 3103 1144 3158 magna
1165 3104 1390 3156 corpora
1412 3102 1570 3154 supra
1598 3099 1653 3140 et
1681 3086 1839 3152 infra,
1867 3086 2062 3155 quibus

482 3185 659 3235 omnia
705 3184 1110 3236 continerentur
1141 3199 1155 3245 ;
1184 3189 1238 3234 rt
1284 3195 1406 3234 cum
1452 3179 1695 3245 audiunt,
1727 3179 1868 3233 Dixit
1901 3180 2060 3247 Dens,

483 3274 602 3326 Fiat
633 3273 781 3335 illud,
813 3282 868 3326 et
897 3273 1090 3326 factum
1139 3281 1218 3324 est
1257 3271 1407 3332 illud,
1439 3269 1674 3338 cogitant
1701 3269 1861 3325 verba
1887 3281 2060 3338 empta

484 3377 532 3420 et
571 3365 737 3426 finita,
767 3363 1009 3416 sonantia
1033 3361 1357 3430 temporibus
1379 3360 1913 3429 atquetranscuntia,
1945 3369 2063 3428 post

481 3469 714 3523 quorum
744 3455 1024 3506 transitum
1069 3454 1251 3505 statim
1295 3452 1534 3507 existere
1573 3450 1712 3520 quod
1736 3451 1943 3518 jussum
1983 3457 2066 3505 est

486 3555 542 3599 nt
575 3545 850 3606 existeret,
881 3554 934 3599 ct
957 3546 1000 3598 si
1027 3546 1153 3613 quid
1185 3547 1317 3602 forte
1343 3547 1484 3601 aliud
1518 3546 1619 3600 hoc
1636 3546 1794 3600 modo
1822 3559 1886 3598 ex
1913 3542 2064 3596 fami.

487 3638 719 3691 liaritate
739 3634 916 3690 cernis
957 3638 1259 3703 opinantur.
1292 3639 1344 3691 ln
1370 3640 1564 3708 quibus
1609 3636 1784 3692 adhuc
1829 3635 2064 3706 parvulis

487 3726 828 3790 animalibus,
880 3725 1004 3779 dmn
1038 3727 1141 3779 isto
1192 3728 1489 3781 lunnillimo
1537 3743 1732 3796 genere
1780 3729 2062 3784 verborum

488 3826 737 3882 tanquam
763 3825 1005 3867 materno
1036 3819 1151 3867 sinu
1179 3831 1363 3871 eorum
1395 3825 1630 3884 gestator
1653 3818 1950 3882 infirmitas,
1975 3832 2065 3872 sa-

491 3907 715 3959 lubriter
756 3906 1047 3959 aedifwatur
1082 3908 1210 3959 liiles
1257 3922 1356 3975 qua
1383 3918 1586 3962 certum
1636 3908 1862 3962 habeant
1899 3917 1954 3963 et
1982 3918 2064 3964 te-

488 4006 652 4051 neant
679 3996 841 4048 Deum
867 3996 1056 4050 fecisse
1086 4013 1272 4052 omnes
1303 4011 1540 4064 naturas,
1568 4013 1702 4068 quas
1725 4013 1910 4054 eorum
1938 4015 2067 4055 seu-

486 4100 584 4141 sus
611 4087 837 4139 mirabili
869 4087 1123 4141 varietate
1153 4090 1536 4158 circumspicit.
1561 4091 1796 4156 Quorum
1842 4090 1885 4144 si
1913 4091 2065 4158 quis-

491 4182 656 4248 piam,
704 4178 856 4246 quasi
896 4178 1151 4232 vilitatem
1198 4179 1460 4234 dictorum
1509 4191 1824 4248 aspernatus
1852 4226 1867 4249 ,
1916 4191 2067 4236 extra

492 4269 804 4322 nutrito‘rits
834 4283 997 4322 cunas
1043 4271 1267 4335 superba
1322 4272 1682 4326 imbecillitate
1726 4287 1785 4326 se
1813 4274 2069 4328 extende-

490 4363 593 4426 rit,-
617 4363 739 4414 heu!
773 4361 925 4414 cadet
955 4361 1230 4425 miscr,et,
1255 4363 1476 4417 Domine
1506 4364 1667 4428 Deus,
1695 4364 1969 4430 miserere,
2003 4379 2068 4419 ne

498 4453 805 4522 implumetn
841 4454 1038 4521 pullum
1059 4457 1372 4510 conculcent
1404 4457 1492 4523 qui
1528 4467 1801 4510 transeunt
1831 4458 1990 4517 viam,
2017 4468 2073 4512 et

495 4547 646 4597 mitte
687 4544 931 4611 angelum
960 4555 1104 4596 tuum
1149 4543 1236 4612 qui
1268 4539 1395 4598 eum
1438 4556 1660 4612 reponat
1689 4546 1740 4599 in
1783 4545 1982 4610 nidum,
2016 4557 2072 4600 ιιι

494 4639 639 4691 vivat
664 4637 837 4689 donec
864 4636 1029 4688 volet.
1061 4637 1159 4689 Alit
1193 4652 1320 4689 vero
1361 4637 1554 4704 quibus
1601 4639 1717 4691 haec
1756 4638 1916 4691 verba
1965 4653 2070 4691 non

491 4729 602 4794 jam
633 4728 811 4792 nidus,
857 4725 948 4777 sed
978 4741 1141 4792 opaca
1186 4724 1382 4779 fruteta
1419 4734 1572 4790 sunt,
1602 4727 1782 4780 vident
1811 4725 1863 4779 in
1887 4727 1966 4781 eis
1999 4727 2072 4779 la-

495 4827 670 4872 tentes
700 4814 921 4875 fructus,
955 4814 1174 4866 volitant
1203 4814 1444 4868 [tutantes
1466 4825 1520 4868 et
1547 4815 1790 4882 garriunt
1827 4826 2070 4868 scrutano

495 4924 598 4975 tes,
622 4919 674 4964 et
696 4915 917 4973 carpunt
948 4919 1039 4957 eos
1065 4922 1077 4956 ε
1109 4906 1288 4958 vident
1314 4906 1480 4968 enim,
1504 4921 1624 4959 cum
1660 4907 1773 4960 haec
1801 4908 1957 4960 verba
1989 4909 2068 4962 le-

493 5007 627 5066 gunt
655 4997 737 5050 vel
787 4995 1029 5056 audiunt,
1074 5003 1180 5056 tua,
1225 4996 1384 5060 Deus,
1418 5005 1615 5049 :eterna
1662 5005 1717 5050 et
1744 4997 1919 5051 stabili
1948 5013 2069 5066 per-

497 5090 774 5143 mansione
800 5096 992 5141 cuncta
1027 5089 1289 5152 privterita
1318 5096 1371 5140 et
1411 5086 1586 5140 futura
1617 5096 1854 5155 tempora
1904 5105 2062 5156 supe-

495 5183 623 5234 rari.
667 5173 969 5231 nec‘tamen
1003 5173 1288 5242 quidquam
1313 5191 1430 5230 esse
1473 5179 1780 5245 temporalis
1810 5191 2069 5235 creatum

497 5269 640 5336 quod
665 5280 721 5321 tu
748 5283 852 5320 non
878 5268 1084 5332 feceris,
1112 5270 1260 5329 cuius
1289 5268 1526 5321 voluntas
1566 5272 1685 5337 quia
1734 5270 1783 5324 id
1816 5283 1899 5325 est
1928 5276 2070 5341 quod

503 5370 578 5419 tu,
622 5358 768 5412 nullo
822 5357 978 5409 modo
1021 5367 1241 5419 mutata,
1274 5358 1355 5409 vel
1403 5374 1519 5426 qum
1550 5371 1702 5414 antea
1755 5377 1857 5414 non
1887 5365 2072 5419 luisset

503 5464 684 5502 exorta
709 5451 980 5501 voluntate
1017 5447 1186 5500 fecisti
1217 5448 1394 5499 omnia
1440 5465 1452 5499 :
1484 5465 1585 5500 non
1627 5452 1691 5503 de
1741 5461 1791 5505 Ie
1818 5456 2064 5508 simili-u-

505 5542 680 5592 dinetn
703 5550 842 5592 tuam
875 5539 1090 5590 formam
1123 5539 1382 5598 omnium,
1412 5540 1502 5591 Sed
1528 5541 1592 5593 de
1615 5543 1781 5595 uiltilo
1805 5545 2075 5599 dissimili-

506 5629 741 5684 tudinem
765 5631 1062 5694 informem,
1082 5644 1196 5698 qurc
1219 5629 1535 5687 formaretur
1557 5649 1650 5703 per
1671 5635 2068 5693 similitudinem

2163 3079 2433 3149 quomodo
2481 3079 2739 3134 veraciter
2767 3080 3029 3150 intelligat
3067 3081 3264 3136 celum
3306 3092 3363 3136 et
3392 3090 3599 3145 terram,
3625 3084 3694 3134 nis

2165 3174 2445 3226 materiam
2469 3172 2591 3226 cteli
2619 3180 2676 3227 et
2704 3181 2860 3227 terrm
2891 3173 3431 3243 intelligat,videlicet
3459 3180 3694 3230 universa

2165 3259 2218 3315 id
2237 3271 2319 3316 est
2333 3262 2683 3330 intelligibilis
2696 3264 3371 3332 corporalisquecreaturm
3391 3267 3692 3332 :sienimjar

2165 3352 2448 3406 formatam
2464 3353 2592 3406 velit
2614 3354 3090 3419 universam,recte
3111 3355 3178 3409 ab
3200 3370 3264 3409 eo
3286 3358 3448 3424 quaeri
3473 3359 3692 3424 poterig:

2167 3449 2272 3501 hoc
2321 3447 2494 3515 primo
2525 3447 2646 3522 fecit
2676 3448 2834 3513 Deus,
2867 3449 2989 3519 quid
3013 3449 3200 3504 fecerit
3226 3450 3507 3520 deinceps?
3533 3462 3583 3504 et
3613 3467 3690 3521 ρηι

2165 3524 2572 3595 universitatem
2594 3555 2697 3595 non
2718 3542 2975 3607 inveniet;
2997 3556 3060 3596 ac
3081 3557 3178 3611 per
3201 3544 3303 3598 hoc
3329 3545 3503 3598 audiet
3522 3546 3691 3597 imitus

2165 3631 2434 3700 quomodo
2457 3631 2584 3699 illud
2609 3632 2779 3699 primo
2807 3633 2850 3685 si
2877 3641 3056 3700 postea
3086 3634 3256 3688 nihil?
3283 3635 3415 3688 Cum
3438 3650 3558 3689 vero
3582 3635 3689 3688 dicit

2167 3723 2341 3790 primo
2390 3717 2694 3786 informem,
2732 3721 2927 3800 deinde
2957 3721 3260 3789 formatam,
3291 3739 3398 3777 non
3429 3733 3508 3778 est
3549 3727 3690 3780 absur

2165 3813 2288 3878 dus,
2315 3812 2358 3865 si
2387 3811 2548 3866 modo
2574 3822 2657 3865 est
2694 3807 2926 3866 idoneus
2946 3812 3255 3869 discernere
3303 3815 3429 3884 quid
3475 3818 3688 3880 praecata

2166 3902 2480 3966 mternitate,
2496 3902 2618 3971 quid
2643 3911 2904 3975 tempore,
2923 3903 3050 3971 quid
3064 3904 3482 3973 electione,quid
3497 3906 3680 3975 origine

2167 3993 2487 4052 aeternitate.
2521 3992 2658 4046 sicut
2684 3992 2825 4047 Deus
2853 3994 3064 4058 omnia;
3095 4004 3358 4064 tempore,
3378 3996 3612 4051 sicutllos
3630 3996 3682 4048 fr.

2167 4097 2309 4141 ctum
2343 4104 2358 4152 ;
2387 4087 2669 4150 electione,
2702 4088 2841 4142 sicut
2869 4087 3068 4143 fructus
3093 4089 3277 4144 florem
3301 4106 3318 4154 ;
3345 4092 3563 4160 origine.
3597 4094 3688 4144 sictt

2169 4193 2329 4234 sonus
2352 4190 2588 4233 cantum.
2615 4179 2670 4233 ln
2689 4180 2772 4234 bis
2785 4192 3032 4248 quatuor,
3052 4183 3281 4249 primum
3301 4195 3355 4237 et
3377 4184 3604 4237 ultimum
3615 4198 3682 4255 qu;

2168 4273 2606 4333 commemoravi,
2621 4272 2935 4327 difficillime
2953 4273 3346 4343 intelliguntur,
3366 4276 3470 4329 duo
3484 4279 3635 4329 medi:
3655 4273 3687 4326 f2

2101 4385 2154 4445 Β
2176 4363 2409 4425 cillime;
2440 4378 2666 4434 namque
2687 4379 2805 4418 rara
2829 4365 2962 4420 visio
2982 4375 3064 4420 est
3086 4377 3142 4420 et
3163 4370 3324 4421 nimis
3349 4369 3508 4421 ardua
3529 4365 3684 4434 conspi

2177 4470 2334 4519 cere,
2363 4454 2616 4521 Domine,
2645 4456 2996 4510 mternitatcm
3030 4469 3195 4520 tuam,
3250 4457 3684 4532 incommutabilite

2177 4547 2453 4601 mutabilia
2474 4548 2778 4612 facientem,
2805 4563 2864 4602 ac
2883 4563 2978 4618 per
3005 4549 3103 4601 hoc
3129 4553 3382 4619 priorem.
3412 4552 3534 4618 Quis
3549 4547 3679 4604 deind

2176 4638 2252 4691 sic
2273 4647 2485 4690 acutum
2513 4647 2698 4692 cernat
2721 4639 2918 4705 animo,
2941 4650 2994 4692 ut
3017 4641 3133 4694 sine
3153 4643 3336 4696 labore
3361 4658 3544 4711 magno
3565 4644 3680 4710 digni

2175 4741 2324 4780 scere
2353 4728 2527 4780 valeat
2551 4730 2816 4795 quomodo
2845 4730 2991 4796 prior
3042 4731 3110 4782 sit
3150 4745 3314 4786 sonus
3343 4750 3499 4802 quam
3523 4744 3678 4786 cantus

2174 4813 2298 4868 Ideo
2313 4815 2403 4882 qui
2435 4814 2598 4885 [quia]
2626 4826 2813 4871 cantus
2832 4828 2914 4870 est
2935 4816 3194 4872 formatus
3217 4836 3382 4874 sonus
3402 4864 3416 4882 ,
3437 4834 3486 4876 et
3507 4837 3616 4874 esse
3635 4829 3674 4870 ut

2177 4919 2279 4974 que
2300 4904 2495 4973 aliquid
2519 4921 2622 4959 non
2648 4905 2926 4959 formatum
2948 4918 3146 4975 potest,
3175 4909 3390 4964 formari
3414 4922 3578 4964 autem
3598 4925 3683 4976 quo

2178 5009 2282 5049 non
2313 5005 2395 5049 est
2443 5011 2546 5050 non
2576 5008 2778 5065 potest;
2810 4998 2884 5052 sic
2905 5008 2986 5052 est
3015 5003 3162 5066 prior
3217 5002 3466 5056 materies
3506 4998 3675 5070 quanti

2177 5085 2319 5154 quod
2347 5101 2412 5140 ex
2454 5101 2513 5140 ea
2547 5087 2622 5140 fit.
2658 5089 2770 5142 bon
2801 5088 2919 5142 ideo
2962 5089 3108 5154 prior
3134 5090 3256 5157 quia
3286 5094 3395 5159 ipsa
3417 5092 3585 5153 efficit,
3611 5102 3678 5143 cur

2180 5179 2354 5244 potius
2372 5180 2481 5242 ttat,
2514 5195 2610 5233 nec
2635 5182 2780 5249 prior
2810 5182 3090 5235 intervallo
3111 5186 3389 5252 temporis,
3414 5199 3574 5252 neque
3592 5183 3680 5236 enir

2183 5272 2359 5339 priore
2388 5260 2628 5339 tempore
2651 5288 2810 5327 sonos
2839 5275 3046 5328 edimus
3073 5277 3330 5330 informes
3351 5277 3462 5330 sine
3488 5286 3678 5330 canunt

2181 5377 2274 5414 eos
2309 5363 2599 5428 posteriore
2621 5374 2854 5430 tempore
2886 5367 2937 5418 in
2971 5366 3195 5418 formam
3217 5368 3411 5421 cantici
3439 5379 3676 5432 coaptatnu

2182 5463 2272 5506 attt
2291 5453 2555 5522 fingimus,
2576 5457 2710 5508 sicut
2728 5461 2812 5523 ligt
2833 5471 2862 5507 a
2881 5458 3069 5523 quibus
3086 5472 3232 5521 arca,
3253 5460 3332 5511 vel
3350 5467 3602 5525 argentum
3621 5467 3672 5516 uti

2182 5548 2452 5599 vasculum
2489 5551 2774 5601 fabricatur
2797 5592 2808 5610 ,
2845 5552 2977 5602 tales
3007 5551 3150 5618 quip.
3172 5566 3202 5604 e
3251 5553 3475 5604 malerim
3503 5558 3671 5612 temper

2181 5639 2340 5693 etiam
2373 5641 2676 5708 praecedunt
2704 5640 2899 5694 formas
2949 5657 3120 5695 rerum
3157 5660 3274 5711 qure
3305 5645 3428 5695 litmt
3454 5657 3508 5694 cx
3536 5640 3616 5693 eis.
3651 5640 3678 5686 Α
