3886 6224
117 255 211 311 ειδ

1365 242 1795 303 TllESAURUS.
1825 243 1906 300 CA
1919 245 1976 298 Ρ.
2016 245 2224 320 XXXII.

3261 255 3364 308 6U

121 376 166 424 in
204 377 361 426 cantu
410 383 515 422 non
560 369 630 419 ita
660 373 772 429 est;
802 377 922 416 cum
969 360 1112 433 cnim
1159 368 1425 426 cantatur,
1475 359 1690 411 auditur
1721 360 1762 416 Λ
1797 356 1943 408 illum
1965 358 2147 412 'virum
2176 359 2242 411 dc
2275 367 2323 412 te
2354 358 2610 411 meruisse
2651 374 2753 412 non
2783 359 3028 424 credam;
3072 364 3240 418 sensit
3276 365 3366 420 ille

119 474 273 514 sonus
302 459 456 526 ejus,
500 472 603 529 non
637 455 783 522 prius
836 450 1137 506 informiter
1164 459 1351 514 sonat,
1391 460 1445 504 et
1498 450 1693 504 deinde

121 551 372 606 formatur
432 553 484 603 in
543 557 778 602 cantum.
831 546 984 613 Quod
1033 546 1176 600 enim
1226 543 1402 612 primo
1427 555 1696 612 utcunque

117 644 347 699 sonuerit
399 640 672 710 praeterit,
729 653 828 696 nec
880 653 946 693 ex
1000 651 1066 691 eo
1121 637 1410 705 quidquam
1457 635 1696 702 reperies

116 734 247 800 quod
297 739 626 800 resumptum
670 739 1161 797 arte-componas,
1218 736 1274 781 et
1322 726 1445 781 ideo
1499 733 1695 782 cantus

118 828 164 879 in
194 839 326 877 sono
364 839 463 878 suo
509 824 772 877 vertitur:
805 819 894 890 qui
932 833 1098 874 sonus
1138 819 1390 874 materies
1424 818 1539 888 ejus
1579 828 1692 883 est,

115 915 247 969 idem
280 915 478 984 quippe
531 913 789 967 formatur
823 921 880 967 ut
909 922 1099 966 cantus
1132 913 1234 978 sit,
1278 921 1332 964 et
1381 911 1522 974 ideo,
1554 912 1694 965 sicut

119 1005 386 1072 dicebam,
449 1005 598 1076 prior
665 1003 916 1057 materies
989 1002 1256 1066 sonandi,
1310 1015 1466 1069 quam
1522 999 1692 1055 forma

118 1095 398 1160 cantandi,
453 1109 557 1147 non
616 1094 922 1160 perficiendi
985 1093 1223 1161 potentia
1276 1093 1461 1162 prior;
1521 1108 1694 1160 neque

117 1191 248 1243 enim
287 1204 452 1243 sonus
487 1200 568 1243 est
602 1187 850 1240 cantandi
893 1186 1112 1252 artifex,
1159 1185 1254 1239 sed
1300 1187 1534 1239 cantanti
1579 1186 1695 1238 ani-

117 1295 209 1336 ma:
250 1281 488 1348 subjacet
529 1296 593 1333 ex
639 1294 897 1350 corpore,
938 1279 1005 1333 de
1057 1294 1162 1346 quo
1202 1287 1405 1332 tantum
1455 1278 1561 1348 23
1607 1277 1692 1331 fa-

117 1377 237 1441 cist;
273 1391 369 1429 nec
398 1385 637 1440 tempore
663 1380 823 1442 prior,
861 1373 1019 1426 simul
1050 1373 1190 1426 enim
1223 1387 1345 1425 cum
1377 1382 1538 1424 cantu
1577 1371 1696 1426 edi-

118 1476 226 1522 tur:
278 1452 378 1520 nec
423 1467 567 1533 prior
620 1464 916 1528 electione,
959 1480 1064 1517 non
1107 1466 1250 1518 enim
1299 1464 1474 1533 potior
1523 1476 1692 1517 sonus

117 1571 262 1623 quam
312 1563 540 1619 cantus,
591 1553 1020 1622 quandoquidem
1065 1565 1255 1608 cantus
1300 1563 1384 1607 est
1427 1569 1531 1607 non
1571 1564 1692 1606 tan-

118 1657 458 1708 tumst-nus,
504 1644 844 1698 verumetiam
894 1643 910 1715 ί
944 1643 1157 1714 solius]
1221 1645 1687 1715 speciosissimus;

1797 447 2020 501 omnino
2051 449 2106 501 in
2129 449 2209 502 his
2240 450 2414 502 verbis
2443 458 2600 517 atque
2626 453 2877 519 cogitavit
2903 467 3024 508 cum
3063 471 3125 510 ea
3166 459 3369 512 scribe-

1796 547 1878 590 ret
1908 577 1924 601 ,
1957 534 2212 607 quidquid
2235 525 2335 593 'hic
2394 541 2504 594 veri
2538 542 2806 608 potuimus
2833 545 3094 613 invenire,
3128 557 3182 602 et
3207 549 3366 618 quid-

1796 628 1923 696 quid
1957 643 2054 683 nos
2083 645 2186 683 non
2218 632 2484 696 potuimus
2515 642 2602 684 aut
2634 632 2868 687 nondum
2900 648 3276 703 possumus,et
3297 649 3369 694 ta-

1797 733 1916 772 men
1957 718 2008 772 in
2040 721 2119 773 eis
2166 719 2391 798 inveniri
2437 708 2631 788 potest.
2671 722 2971 789 Postremo,
3008 726 3250 792 Domine,
3282 731 3373 798 qui

1800 805 1939 860 Deus
1964 823 2025 862 es
2052 817 2107 862 et
2132 793 2236 862 non
2267 823 2391 864 cato
2419 820 2473 862 et
2497 814 2741 881 sanguis,
2782 815 2828 867 si
2857 814 2983 883 quid
3012 814 3170 871 homo
3197 793 3375 874 minus

1797 900 1963 964 videt,
1999 902 2239 970 nunquid
2269 913 2320 958 et
2352 903 2595 982 spiritum
2623 913 2768 959 tuum
2793 907 3010 972 bonum,
3031 909 3120 978 qui
3145 910 3374 968 deducet

1798 1009 1882 1046 me
1909 992 1960 1047 in
1994 1004 2186 1049 terram
2216 983 2436 1060 rectam,
2459 996 2625 1053 latere
2657 1007 2829 1068 potuit
2870 1003 3130 1072 quidquid
3162 1020 3286 1060 eras
3318 1008 3380 1059 in

1797 1084 1876 1136 eis
1908 1084 2090 1138 verbis
2119 1094 2173 1138 tu
2218 1086 2332 1155 ipse
2381 1090 2714 1143 revelaturus
2761 1089 3056 1158 legentibus
3101 1095 3371 1162 posteris,

1797 1174 2007 1227 etiamsi
2039 1176 2127 1228 ille
2173 1191 2265 1243 per
2311 1192 2469 1246 quem
2500 1179 2653 1231 "dicta
2685 1190 2810 1233 sunt
2841 1196 3000 1235 unam
3028 1182 3272 1238 fortassis
3301 1202 3374 1240 ex-

1797 1265 1978 1318 multis
2028 1266 2155 1320 viris
2202 1269 2520 1322 sententiam
2571 1271 2842 1338 cogitavit.
2900 1273 3052 1338 Quod
3084 1275 3128 1328 si
3157 1275 3226 1328 ita
3255 1288 3371 1341 est,

1796 1355 1866 1405 sit
1903 1356 2060 1423 igitur
2111 1355 2200 1410 illa
2228 1373 2383 1425 quam
2426 1360 2677 1426 cogitavit
2710 1363 2920 1416 carteris
2948 1365 3233 1419 excelsior.
3266 1367 3373 1420 No-

1797 1443 1878 1496 bis
1905 1453 2107 1509 autem.
2141 1447 2384 1509 Domine,
2422 1456 2513 1501 aut
2543 1449 2709 1517 ipsam
2739 1450 3068 1519 demonstra,
3096 1463 3187 1508 aut
3216 1471 3381 1521 quam

1799 1534 1971 1602 placet
2001 1538 2223 1591 alteram
2251 1553 2450 1604 veram,
2493 1549 2550 1592 ut
2577 1541 2691 1594 sive
2726 1543 3002 1598 nobishoc
3031 1546 3171 1613 quod
3208 1548 3377 1600 etiam-

1797 1627 1872 1681 illi
1906 1630 2109 1685 homini
2142 1643 2258 1696 tuo,
2304 1631 2417 1686 sive
2448 1632 2591 1685 aliud
2636 1647 2705 1687 ex
2737 1637 3048 1690 eorumdem
3086 1639 3371 1692 verborum

127 1735 211 1787 sed
243 1736 388 1802 prior
428 1744 508 1788 est
538 1733 762 1802 origine,
811 1735 934 1802 quia
982 1750 1087 1787 non
1118 1745 1305 1789 caurus
1351 1734 1606 1789 formam.-
1631 1743 1688 1790 υι
1719 1722 1764 1784 Β
1797 1720 2078 1775 occasione
2107 1720 2416 1789 patefacias,
2448 1731 2502 1774 tu
2532 1730 2706 1778 tamen
2737 1739 2835 1778 nos
2858 1741 3061 1795 pascas,
3087 1743 3190 1783 non
3220 1745 3399 1785 error-

126 1841 277 1880 sonus
324 1825 433 1891 sit,
480 1825 572 1878 sed
621 1839 784 1878 sonus
825 1825 1083 1878 formatur
1118 1834 1174 1879 ιιι
1219 1813 1411 1879 οαηιιις
1441 1828 1531 1879 sit.
1575 1825 1686 1880 Hoc

123 1913 362 1982 exemplo
390 1913 478 1982 qui
503 1921 678 1981 potest
707 1911 970 1980 intelligat
999 1912 1274 1966 materiam
1307 1928 1485 1967 rerum
1510 1915 1686 1983 primo

121 2003 302 2056 factam
349 2014 401 2056 et
447 2003 762 2072 appellatam
807 2003 1002 2057 cmlum
1048 2013 1102 2056 et
1151 2012 1345 2058 terram
1372 2005 1534 2073 ,quia
1563 2004 1687 2059 inde

123 2092 252 2147 facta
281 2103 406 2146 sunt
446 2094 641 2146 malum
674 2101 729 2147 et
774 2103 910 2145 terra
931 2132 946 2156 ,
993 2107 1092 2147 nec
1136 2102 1373 2162 tempore
1403 2095 1574 2162 primo
1603 2096 1684 2148 fa-

121 2195 248 2239 ctam
299 2187 420 2254 quia
476 2184 661 2238 forma:
718 2200 893 2238 rerum
960 2194 1221 2256 exscrunt
1285 2193 1542 2253 tempora.
1593 2187 1684 2240 Illa

120 2288 286 2332 autem
337 2286 454 2331 erat
491 2275 1014 2346 informis,.jamqne
1060 2271 1111 2330 in
1171 2278 1500 2346 temporibus
1524 2280 1686 2333 simul

122 2367 575 2422 animadvertitur.
637 2367 745 2422 Nec
793 2377 966 2421 tamen
1015 2366 1082 2421 de
1122 2367 1210 2421 illa
1251 2369 1454 2423 narrari
1485 2368 1686 2436 aliquid

122 2469 308 2528 potest,
332 2458 432 2512 nisi
473 2458 616 2512 velut
663 2468 901 2526 tempore
930 2458 1077 2526 prior
1116 2459 1221 2524 sit,
1272 2474 1392 2513 cum
1424 2459 1687 2529 pendatur

123 2549 429 2615 extremior,
458 2551 579 2618 quia
611 2547 852 2619 profecto
879 2548 1098 2603 meliora
1130 2557 1255 2602 sunt
1284 2548 1506 2603 formata
1526 2566 1684 2619 quam

123 2639 379 2704 informia,
404 2648 457 2694 et
478 2639 808 2708 pra-cedatur
830 2636 1183 2711 [pracedunt]
1205 2640 1502 2694 aeternitate
1522 2640 1686 2696 Crea-

125 2721 246 2783 toris
265 2773 280 2795 ,
329 2738 386 2783 ut
414 2739 556 2784 esset
585 2729 652 2784 de
681 2729 872 2794 nihilo,
905 2729 1044 2784 unde
1074 2728 1274 2798 aliquid
1305 2730 1474 2786 fieret.
1501 2730 1556 2784 In
1588 2731 1687 2786 bac

125 2822 428 2877 diversitate
475 2824 860 2877 sententiarum
915 2837 1162 2877 verarum
1197 2824 1538 2878 concordiam
1595 2839 1687 2893 pa-

126 2912 220 2966 riat
242 2915 375 2981 ipsa
404 2911 609 2967 Veritas
635 2954 649 2978 ,
692 2921 747 2966 et
778 2913 917 2967 Deus
939 2923 1122 2984 noster
1148 2914 1467 2968 misereatur
1495 2889 1685 2982 uos-ttfi,

126 3012 178 3055 ut
199 3004 428 3070 legitime
448 3002 564 3072 lege
585 3011 816 3068 utamur,
838 3003 1085 3071 praecepti
1109 3003 1232 3069 fine,
1249 3018 1377 3072 pura
1405 3003 1685 3060 charitate.

1793 1808 2002 1863 illudat.

2345 1907 2571 1965 CAPUT
2599 1909 2813 1964 XXVII.

2012 2036 2335 2110 Principium
2364 2041 2484 2095 libri
2511 2042 2576 2095 de
2607 2014 2790 2096 Genesi
2818 2044 2887 2097 ad
2916 2045 3154 2100 litteram.

1866 2172 2053 2228 Omnis
2077 2173 2258 2228 divina
2287 2175 2562 2245 Scriptura
2589 2177 2838 2246 bipartita
2861 2189 2966 2247 est,
2995 2180 3288 2236 secundum
3312 2183 3366 2238 id

1790 2264 1930 2332 quod
1955 2263 2210 2318 Dominus
2239 2265 2556 2334 significavit
2576 2268 2760 2323 dicens
2792 2287 2807 2324 :
2838 2269 3076 2325 Scribam
3096 2275 3363 2330 eruditmu

1791 2356 1846 2409 in
1871 2370 2034 2424 regno
2067 2355 2158 2409 Dei
2180 2356 2410 2410 similem
2433 2373 2554 2412 esse
2577 2359 2964 2427 patrifamilias,
2982 2364 3271 2428 profereuti
3295 2367 3362 2421 de

1790 2444 2044 2500 thesauro
2066 2461 2163 2500 suo
2189 2461 2325 2501 nova
2354 2455 2409 2503 et
2430 2460 2632 2514 vetera,
2652 2464 2770 2521 quae
2787 2450 2894 2503 duo
2911 2451 3252 2507 Testamenta
3281 2455 3368 2509 di—

1758 2563 1762 2567 -
1789 2547 2003 2591 cuntur.
2025 2536 2079 2590 ln
2099 2537 2248 2593 libris
2262 2547 2437 2594 autem
2451 2541 2699 2596 omnibus
2713 2543 2912 2596 sanctis
2928 2543 3120 2599 intueri
3134 2554 3366 2615 oportet,

1789 2643 1910 2698 qua:
1936 2629 2008 2684 ibi
2041 2639 2242 2686 :cterna
2274 2632 2601 2700 intimentur,
2622 2651 2741 2704 qua:
2765 2635 2902 2690 facta
2928 2648 3371 2709 narrentur,qu:e

1791 2721 1968 2777 futura
2001 2725 2455 2793 prmnuntientur,
2477 2742 2596 2797 qua:
2639 2730 2843 2798 agenda
2875 2729 3249 2799 praecipiantur
3285 2735 3370 2787 vel

1791 2825 2131 2869 moneantur.
2167 2816 2219 2869 In
2240 2817 2550 2873 narratione
2574 2833 2706 2890 ergo
2736 2826 2914 2874 rerum
2939 2820 3194 2875 factarum
3224 2838 3369 2891 quaa-

1791 2907 1928 2960 ritur
1953 2916 2131 2962 utrum
2151 2909 2328 2962 omnia
2376 2909 2667 2963 secundum
2693 2910 2976 2979 figurarum
3003 2915 3369 2967 tantummodo

1794 3001 2119 3064 intellectum
2150 3002 2515 3072 accipiantur,
2564 3018 2630 3057 an
2670 3003 2828 3057 etiam
2869 3004 3160 3058 secundum
3211 3005 3370 3060 fidem

129 3095 198 3147 Ac
227 3107 319 3160 per
346 3095 444 3149 hoc
484 3096 526 3147 si
570 3096 690 3162 quis
722 3095 914 3164 quaerit
939 3110 1003 3150 ex
1035 3111 1120 3150 me
1158 3095 1285 3165 quid
1312 3083 1500 3152 borum
1544 3097 1689 3169 Moy-
1716 3088 1764 3152 C
1794 3080 1975 3148 rerum
2014 3102 2283 3163 gestarum
2310 3092 2604 3175 asserenda
2633 3102 2688 3149 et
2718 3094 3047 3149 defendenda
3067 3094 3206 3151 sint.
3239 3096 3369 3150 Nam

133 3198 214 3238 ses
243 3195 363 3240 tuus
389 3185 474 3240 ille
500 3185 728 3239 famulus
756 3187 1009 3249 senserit,
1051 3201 1155 3241 non
1178 3197 1304 3242 sunt
1328 3187 1381 3241 hi
1411 3203 1688 3244 sermones

131 3273 512 3329 confeSsionum
547 3289 818 3342 mearum,
851 3276 895 3329 si
927 3275 1023 3329 tibi
1060 3291 1164 3331 non
1196 3278 1457 3332 confiteor
1482 3281 1684 3342 nescio,

135 3379 184 3416 et
222 3365 327 3420 scio
375 3374 550 3420 tamen
601 3366 719 3419 illas
760 3382 879 3421 esse
923 3383 1076 3421 veras
1118 3369 1410 3424 sententias
1451 3371 1689 3438 exceptis

127 3456 454 3518 carnalibus,
508 3456 577 3510 de
624 3457 817 3524 quibus
868 3467 1121 3524 quantum
1155 3457 1452 3511 existimavi
1481 3459 1688 3512 locutus

135 3560 270 3610 sum,
315 3563 449 3616 quos
477 3557 655 3602 tamen
689 3549 840 3602 bona:
868 3549 982 3615 spei
1012 3551 1257 3617 parvulos
1287 3550 1400 3603 hinc
1427 3550 1589 3604 verba
1622 3551 1686 3605 li-

129 3637 202 3691 bri
230 3640 299 3692 tui
352 3654 455 3693 non
498 3641 763 3704 territant,
822 3642 925 3693 alta
984 3640 1272 3706 humiliter,
1305 3653 1362 3696 et
1400 3657 1563 3710 pauca
1591 3658 1686 3697 co-

134 3728 308 3795 piose:
359 3730 450 3785 sed
495 3745 680 3783 omnes
709 3746 844 3798 quos
890 3731 942 3784 in
986 3731 1065 3785 eis
1093 3732 1272 3786 verbis
1311 3748 1433 3787 vera
1464 3747 1686 3788 cernere

128 3831 183 3870 ac
209 3820 384 3874 dicere
409 3823 597 3884 fateor,
651 3819 932 3889 diligamus
959 3836 1057 3874 nos
1083 3821 1310 3876 invicem
1336 3865 1350 3887 ,
1383 3824 1685 3893 pariterque

129 3907 393 3977 di‘igamus
421 3921 472 3963 te
498 3910 662 3984 Deum
694 3920 932 3984 nostrum
963 3911 1162 3966 fontem
1195 3914 1464 3980 veritatis,
1507 3916 1548 3968 si
1576 3931 1683 3970 non

127 4011 271 4075 van},
298 3999 389 4052 sed
410 3981 829 4070 ipsumTipsam]
856 3981 1087 4063 sitimus,
1121 4001 1478 4072 eumdemque
1510 4003 1684 4058 famu-

131 4086 228 4141 lum
271 4098 414 4141 tuum
459 4089 747 4157 Scriptura:
798 4089 951 4159 hujus
999 4091 1448 4160 dispensatorem,
1493 4095 1682 4163 spiritu

132 4189 214 4231 tuo
254 4178 462 4246 plenum
492 4178 560 4230 ita
596 4178 939 4242 honoremus,
973 4187 1032 4232 ut
1061 4178 1161 4233 hoc
1186 4195 1306 4233 eum
1333 4191 1386 4236 te
1415 4183 1685 4240 revelante

128 4283 237 4320 cum
289 4268 398 4321 hare
438 4267 698 4321 scriberet
743 4267 1038 4322 attendisse
1085 4256 1404 4336 credamus,
1456 4272 1596 4340 quod
1630 4274 1683 4328 in

128 4358 198 4408 eis
225 4361 451 4410 maxime
498 4366 552 4410 et
603 4358 718 4410 luce
769 4359 1012 4411 veritatis
1057 4369 1112 4414 et
1139 4361 1290 4431 fruge
1319 4363 1564 4418 utilitatis
1588 4381 1685 4420 ex-

1793 3201 1896 3239 non
1926 3201 2047 3241 esse
2072 3185 2381 3255 accipienda
2414 3185 2708 3254 figuraliter
2730 3186 2904 3239 nullus
2933 3185 3263 3240 Christianus
3285 3189 3366 3241 di-

1791 3291 1915 3332 cere
1945 3276 2181 3341 audebit,
2207 3272 2825 3344 at'tendensApostolum
2853 3275 3114 3331 dicentem
3142 3295 3154 3328 :
3181 3277 3368 3330 Omnia

1790 3378 1967 3422 autem
1994 3367 2106 3420 haec
2129 3369 2177 3419 in
2202 3366 2366 3436 figura
2389 3366 2762 3436 contingebant
2795 3366 2922 3433 illis,
2953 3378 3006 3421 et
3058 3367 3180 3420 illud
3217 3369 3361 3430 quod

1791 3456 1843 3511 in
1860 3455 2052 3512 Genesi
2081 3458 2340 3525 scriptum
2370 3466 2452 3510 est
2486 3497 2501 3522 ,
2533 3457 2598 3510 Et
2625 3465 2779 3510 erunt
2805 3457 2908 3509 du.
2941 3457 2992 3510 in
3029 3472 3190 3511 carne
3224 3449 3354 3517 una,

1790 3564 2037 3618 magnum
2065 3556 2454 3602 sacramentum
2505 3547 2967 3601 commendantem
3001 3547 3049 3599 in
3074 3547 3364 3601 Christoet

1791 3641 1845 3694 in
1874 3639 2135 3694 Ecclesia.
2153 3637 2206 3693 Si
2236 3653 2363 3706 ergo
2394 3646 2619 3707 utroque
2642 3638 2799 3692 modo
2821 3638 2910 3692 illa
2926 3639 3194 3705 Scriptura
3210 3653 3363 3691 scru-

1789 3731 1946 3784 tanda
1972 3738 2076 3793 est,
2107 3729 2376 3798 quomodo
2420 3729 2619 3783 dictum
2665 3737 2747 3782 est
2790 3737 2986 3797 prmter
3016 3729 3359 3797 allegoricam

1788 3818 2279 3890 significationem:
2325 3817 2377 3872 In
2419 3818 2676 3887 principio
2720 3819 2843 3872 fecit
2885 3819 3021 3872 Deus
3065 3821 3257 3872 emtum
3311 3830 3364 3872 et

1790 3918 2024 3973 terram;
2055 3920 2230 3962 utrum
2261 3910 2314 3962 in
2345 3908 2606 3977 principio
2630 3908 2924 3975 temporis?
2950 3924 3014 3962 an
3039 3910 3158 3978 quia
3193 3911 3364 3977 primo

1787 3999 2024 4052 omnium
2047 3999 2184 4051 facta
2215 3997 2355 4050 sint?
2384 4012 2450 4049 an
2484 3995 2535 4050 in
2569 3996 2828 4065 principio
2858 3997 2996 4066 quod
3026 4009 3109 4052 est
3133 3997 3362 4052 Verbum

1789 4089 1882 4143 Dei
1907 4089 2207 4156 unigenitus
2223 4087 2414 4141 Filius?
2437 4086 2777 4156 thucmodo
2793 4089 2954 4156 possit
2969 4089 3175 4142 ostendi
3199 4089 3370 4143 Deum

1787 4181 1905 4235 sine
1918 4178 2027 4234 ulla
2046 4179 2128 4233 sui
2145 4178 2782 4246 commutationeoperari
2805 4179 3075 4231 mutabilia
3092 4188 3144 4232 et
3160 4189 3362 4248 tempo-

1787 4271 1956 4327 ralia?
1981 4281 2036 4325 et
2058 4271 2184 4340 quid
2211 4271 2537 4340 significetur
2555 4270 2899 4324 tiominecmli
2919 4272 3168 4325 etterrae?
3185 4285 3370 4326 utrum

1788 4366 2042 4436 spiritalis
2071 4365 2470 4441 corporalisque
2496 4376 2740 4420 creatura
2769 4365 2890 4419 cmli
2928 4374 2980 4419 et
3011 4374 3163 4419 terra:
3205 4382 3362 4421 voca-

128 4448 281 4502 cellit.
313 4450 384 4502 Ita
416 4465 536 4502 cum
581 4451 716 4503 alius
746 4451 962 4514 dixerit,
997 4451 1098 4505 hoc
1126 4455 1293 4507 sensit
1317 4455 1459 4525 quod
1480 4471 1612 4526 ego,
1631 4465 1684 4512 et
1713 4455 1762 4515 D
1789 4457 1965 4511 bulum
1983 4457 2367 4526 acceperit?an
2386 4458 2751 4531 tantummodo
2780 4459 3074 4526 corporalis
3099 4460 3229 4513 utin
3262 4460 3364 4514 hoc

130 4541 278 4607 alius,
311 4543 415 4595 imo
443 4542 568 4595 illud
595 4545 734 4612 quod
764 4557 884 4612 ego,
917 4544 1214 4615 religiosius
1241 4563 1324 4600 me
1351 4548 1579 4602 arbitror
1603 4550 1684 4604 di-

130 4647 265 4696 cere,
305 4650 398 4686 cur
438 4649 540 4686 non
572 4644 854 4702 utrumque
880 4637 1078 4704 potius,
1107 4638 1151 4692 si
1182 4649 1468 4708 utrumque
1499 4657 1680 4696 verum

131 4725 246 4776 est?
276 4737 325 4778 ct
371 4726 416 4780 si
467 4725 590 4793 quid
641 4727 887 4791 tertium,
934 4736 989 4782 et
1015 4729 1060 4782 si
1092 4730 1216 4798 quid
1250 4743 1492 4799 quartum
1520 4774 1536 4799 ,
1562 4743 1614 4787 et
1639 4735 1684 4788 si

129 4813 244 4880 quid
283 4816 419 4867 aliud
450 4815 667 4868 omnino
694 4831 873 4870 verum
904 4817 1022 4886 quis
1045 4817 1351 4889 [quispiam]
1380 4821 1429 4873 iu
1465 4823 1546 4876 his
1570 4838 1685 4876 ver-

131 4902 204 4955 bis
233 4903 409 4957 videt?
451 4920 548 4958 cur
595 4920 698 4958 non
741 4907 829 4960 illa
863 4908 1036 4960 omnia
1071 4909 1265 4963 vidisse
1291 4911 1557 4975 credatur,
1594 4927 1687 4979 per

131 5011 276 5060 quem
306 4997 442 5049 Deus
471 5011 608 5050 unus
653 5013 834 5052 sacras
881 5000 1084 5053 litteras
1129 5017 1251 5054 vera
1287 5011 1340 5055 et
1363 5002 1574 5055 diversa
1604 5003 1683 5055 vi-

133 5087 261 5139 suris
315 5090 598 5140 tnultorum
651 5089 896 5142 sensibus
963 5090 1318 5157 temperavit?
1382 5090 1492 5160 Ego
1538 5101 1687 5146 certe

131 5178 265 5245 quod
295 5179 588 5248 intrepidus
625 5181 690 5234 de
727 5196 845 5235 meo
869 5181 1030 5234 corde
1061 5184 1368 5248 pronuntio,
1398 5182 1441 5235 si
1474 5183 1537 5235 ad
1571 5185 1684 5236 cul-

133 5284 244 5322 men
274 5272 600 5325 auctoritatis
630 5272 825 5340 aliquid
854 5274 1164 5338 scriberem,
1197 5277 1275 5327 sic
1306 5276 1516 5329 mallem
1548 5276 1683 5328 scri-

136 5361 273 5427 bere,
302 5373 352 5417 ut
379 5364 516 5433 quod
549 5366 657 5419 veri
689 5366 912 5434 quisque
939 5365 1005 5419 de
1035 5365 1118 5418 bis
1160 5367 1317 5420 rebus
1345 5382 1536 5434 capere
1560 5384 1682 5436 pos-

136 5464 245 5517 set,
292 5469 399 5507 mea
443 5455 600 5508 verba
652 5466 963 5509 resoluarent
989 5499 1003 5522 ,
1047 5473 1204 5525 quam
1233 5470 1287 5512 ut
1315 5475 1470 5512 unam
1501 5475 1680 5513 veram

138 5548 438 5599 sententiam
465 5548 528 5599 ad
559 5548 656 5600 hoc
684 5551 916 5615 apertius
943 5563 1197 5616 ponerem
1215 5593 1227 5614 ,
1269 5562 1325 5604 ut
1347 5553 1682 5607 exchulcrein

140 5647 344 5690 ra-tcras
389 5653 610 5705 quorum
657 5639 856 5707 falsitas
905 5657 990 5696 me
1037 5659 1138 5696 non
1185 5644 1677 5711 possctoffemlerc.

144 5723 265 5782 llolo
295 5729 491 5800 itaque,
530 5731 666 5786 Deus
695 5745 878 5802 meus,
925 5740 1032 5789 tam
1059 5749 1294 5806 praeceps
1318 5749 1468 5803 esse,
1499 5744 1554 5792 ut
1583 5735 1684 5794 hoc

1787 4546 1920 4603 libro
1937 4549 2004 4603 de
2025 4549 2252 4617 Spiritali
2274 4551 2501 4602 tacuisse
2519 4549 2865 4617 intelligatur,
2895 4560 3053 4618 atque
3073 4549 3142 4603 ita
3160 4551 3366 4604 dixisse

1787 4641 1981 4694 caelum
2026 4649 2080 4694 et
2109 4649 2304 4694 terram
2328 4681 2342 4703 ,
2382 4651 2438 4692 ut
2468 4653 2678 4692 omnem
2718 4650 3014 4693 creaturam
3051 4654 3365 4709 corpoream

1786 4732 2119 4798 superiorem
2151 4740 2312 4798 atque
2342 4729 2655 4783 inferiorem
2683 4729 2984 4798 significare
3007 4731 3269 4785 voluerit?
3293 4746 3368 4786 an

1787 4822 2063 4889 utriusque
2091 4819 2334 4875 infernis
2359 4822 2578 4872 materia
2602 4819 2743 4873 dicta
2767 4829 2870 4887 est,
2892 4821 3085 4875 caelum
3115 4831 3169 4877 et
3195 4831 3360 4888 terra,

1792 4887 2044 4983 spiritalis
2071 4912 2314 4967 videlicet
2341 4915 2465 4975 vita,
2498 4913 2656 4966 sicuti
2703 4927 2824 4966 esse
2856 4923 3027 4982 potest
3055 4913 3107 4968 in
3148 4930 3206 4970 se
3255 4931 3363 4970 non

1794 5022 2050 5062 conversa
2071 5007 2135 5060 ad
2158 5009 2461 5060 Creatorem
2481 5007 2502 5058 ?
2519 5008 2606 5060 tali
2628 5009 2769 5060 enim
2792 5007 3139 5062 conversione
3165 5008 3363 5062 forma-

1796 5111 1879 5154 tur
1907 5113 2063 5169 atque
2092 5102 2384 5170 perlicitnr,
2410 5101 2454 5154 si
2478 5112 2653 5154 autem
2684 5116 2787 5156 non
2813 5109 3157 5155 convertatur
3190 5101 3359 5154 infor-

1794 5197 1893 5248 mis
1920 5205 2020 5250 est.
2053 5194 2357 5262 Corporalis
2394 5204 2566 5248 autem
2595 5195 2641 5250 si
2673 5196 2840 5264 possit
2880 5194 3096 5263 intelligi
3129 5210 3222 5264 per
3249 5198 3359 5265 pri-

1792 5285 2054 5338 vationem
2087 5285 2260 5338 omnis
2289 5299 2561 5353 corporea:
2582 5285 2872 5353 qualitatis,
2894 5299 3025 5354 qua:
3055 5296 3276 5353 apparet
3306 5288 3360 5340 in

1787 5379 2006 5430 materia
2028 5375 2274 5438 formata,
2289 5389 2408 5429 cum
2422 5375 2532 5442 jam
2557 5374 2899 5442 suntspecies
2920 5388 3225 5444 corporum.
3244 5377 3363 5428 sive

1786 5465 2047 5530 visu,sive
2059 5465 2162 5518 alio
2173 5464 2401 5534 quolibet
2426 5478 2585 5518 sensu
2607 5465 2846 5532 corporis
2867 5464 3257 5530 perceptibiles.
3278 5469 3362 5520 Au

1785 5557 1979 5610 calum
2010 5554 2412 5623 intelligendum
2434 5565 2516 5608 est
2542 5564 2783 5609 creatura
2817 5556 3084 5624 spiritalis,
3111 5556 3175 5608 ab
3201 5571 3360 5610 exor-

1787 5649 1878 5703 dio
1905 5664 2010 5719 quo
2039 5647 2172 5702 facta
2201 5657 2282 5702 est
2305 5648 2534 5716 perfecta
2557 5647 2644 5702 illa
2667 5657 2720 5701 et
2763 5648 2910 5700 beata
2943 5661 3182 5717 semper,
3213 5658 3357 5701 terra

1788 5754 1912 5795 vero
1965 5737 2256 5808 corporalis
2303 5738 2556 5796 materies
2608 5738 2781 5795 adhuc
2831 5740 3190 5809 imperfecta?
3233 5742 3358 5810 quia
