3886 6224
519 225 619 280 GI‘J

1580 226 1638 276 Ι).
1684 223 1997 279 EUtiYPi‘ll
2045 227 2333 284 ARBATIS
2372 231 2690 290 AFRICANI

515 343 638 394 liter
671 355 860 410 magno
904 352 952 394 ct
996 339 1326 395 inirlTaliiliter
1371 347 1528 408 atque
1575 340 1914 396 invisibiliter
1955 343 2074 410 pnl-
2108 349 2148 400 Λ
2183 360 2301 398 mus
2347 347 2542 414 quippe
2593 348 2723 401 isms
2769 345 2882 402 dies
2933 356 3085 402 notos
3115 363 3223 404 non
3251 349 3451 405 habere
3477 366 3739 423 vespera-

515 435 643 486 rhro
684 436 795 487 fieri
837 448 892 486 se
934 434 1167 500 potuissi-
1194 432 1507 500 proclamat.

1060 521 1284 600 curer
1326 523 1516 576 xxux.

512 615 658 679 Quod
701 615 1065 668 calumniantes
1115 615 1177 668 de
1219 617 1395 667 mundi
1437 624 1658 678 ti'ntpore
1684 614 1852 682 rcfetli
1883 615 2076 684 possint

804 687 866 736 de
897 687 1066 737 mundi
1090 684 1221 750 loco,
1246 689 1308 738 de
1322 687 1493 739 eodem
1525 686 1652 737 Lbro
1683 700 1752 737 sl.

573 798 702 852 Cum
757 800 912 868 igitur
962 817 1121 854 unum
1173 801 1424 854 mundum
1456 799 1654 870 ingenti
1687 798 1898 867 quidem
1931 797 2072 853 mole

501 904 778 958 corporea.
814 891 1018 944 finitum
1053 901 1248 956 tamen,
1295 900 1348 944 ct
1376 890 1495 952 loco
1517 904 1616 944 suo
1635 888 2067 955 deter-minutum,

500 991 546 1032 ct
578 991 830 1046 operante
863 981 970 1035 Deo
1001 983 1190 1034 factum
1213 995 1332 1034 esse
1352 981 1552 1048 dicant,
1577 980 1716 1049 quod
1743 980 2070 1049 respondent

497 1071 562 1123 tle
595 1074 811 1124 infinitis
835 1083 983 1128 extra
1016 1073 1267 1126 mundum
1298 1073 1450 1138 locis,
1484 1087 1580 1127 cur
1605 1074 1654 1126 in
1695 1072 1775 1126 eis
1804 1073 1872 1125 ab
1901 1087 2066 1139 opcrc

500 1161 635 1213 Deus
681 1173 883 1229 cesset,
921 1163 1026 1216 hoc
1070 1163 1171 1217 sibi
1201 1163 1560 1232 respondeant
1593 1163 1658 1217 de
1691 1163 1912 1216 inﬁnitis
1941 1172 2065 1218 ante

501 1255 753 1306 mundum
788 1255 1133 1322 temporibus.
1165 1255 1270 1309 Cur
1300 1255 1350 1308 in
1380 1255 1458 1308 eis
1486 1254 1553 1307 ab
1583 1268 1747 1321 opere
1773 1255 1912 1307 Deus
1941 1269 2062 1310 ces-

496 1347 710 1413 saverit,
738 1356 790 1400 et
813 1347 947 1400 sicut
969 1361 1071 1400 non
1099 1355 1179 1399 est
1209 1359 1540 1413 consequens
1563 1353 1618 1398 ut
1644 1344 1861 1399 fortuito
1883 1345 2062 1413 potius

493 1456 648 1507 quam
697 1440 896 1494 ratione
921 1438 1095 1493 divina
1118 1438 1288 1502 Deus,
1319 1453 1422 1492 non
1451 1439 1591 1504 alio,
1619 1438 1714 1493 sed
1738 1439 1840 1493 isto
1872 1438 1922 1492 in
1955 1453 2061 1509 quo

489 1539 570 1583 est
598 1529 712 1583 loco
745 1529 998 1583 mundum
1041 1529 1407 1593 constituerit,
1440 1544 1562 1584 cum
1592 1530 1793 1598 pariter
1837 1529 2060 1584 inﬁnitis

489 1620 682 1687 ubique
723 1621 1021 1687 patentibus
1063 1620 1206 1672 nullo
1245 1619 1622 1674 exrellentiore
1664 1620 1854 1674 merito
1882 1624 2060 1690 posset

2182 435 2282 489 nisi
2315 437 2382 491 dc
2408 439 2535 490 sols
2564 453 2754 492 occasu
2780 479 2795 502 ,
2829 454 2926 495 nec
2957 456 3112 496 tuane
3138 441 3239 497 nisi
3267 443 3336 498 de
3362 445 3492 498 solis
3517 455 3736 511 exortu;

2182 523 2392 578 illorum
2439 536 2617 580 autem
2665 527 2869 597 priores
2926 539 3034 584 tres
3081 533 3198 586 dies
3236 535 3356 589 sine
3403 535 3520 590 sole
3549 540 3736 606 perat-ti

2175 628 2316 682 sunt,
2348 619 2436 686 qui
2464 619 2550 672 die
2577 627 2767 688 quarto
2795 621 2966 676 factus
2996 623 3249 677 refertur.
3274 625 3339 679 Et
3365 627 3609 695 primitus
3631 629 3734 697 qui-

2173 706 2294 760 dem
2322 707 2409 760 lux
2439 707 2602 765 verbo
2631 708 2720 765 Dei
2753 708 2910 777 facta,
2941 720 3100 782 atque
3126 714 3267 768 inter
3290 715 3460 778 ipsam
3497 727 3554 774 et
3598 730 3730 774 tene-

2171 795 2293 851 bras
2321 797 2462 853 Deus
2494 813 2769 868 separ..sse
2796 810 3064 868 narratur,
3090 812 3144 857 et
3171 802 3414 860 eamdem
3447 809 3616 865 lucem
3641 826 3729 865 vc-

2170 899 2324 942 casse
2348 888 2511 955 diem,
2547 891 2792 947 tenebras
2821 900 2999 947 autem
3025 904 3258 951 noctem.
3289 897 3394 951 Sed
3441 901 3614 967 qualis
3651 903 3728 956 illa

2169 979 2238 1030 sit
2267 977 2381 1043 lus,
2406 987 2459 1033 et
2482 995 2589 1049 quo
2610 981 2913 1038 alternante
2934 994 3104 1050 motu,
3125 985 3442 1058 qualemque
3467 1004 3728 1060 vesperam

2165 1075 2220 1120 et
2249 1083 2404 1122 mane
2427 1069 2635 1135 fecerit,
2660 1083 2924 1130 remotum
2949 1085 3034 1131 est
3054 1091 3084 1129 a
3105 1077 3353 1132 sensibus
3380 1081 3579 1135 nostris
3603 1099 3617 1136 :
3641 1097 3725 1137 uec

2166 1155 2236 1209 ita
2293 1167 2352 1211 ut
2389 1168 2471 1212 est
2496 1159 2719 1231 intelligi
2767 1177 2797 1216 a
2829 1162 2984 1218 nobis
3012 1162 3216 1234 potest,
3243 1167 3384 1237 quod
3417 1180 3593 1225 tamen
3621 1170 3727 1227 sise

2167 1247 2269 1301 ulla
2294 1247 2631 1307 haesitatione
2655 1253 2980 1310 credendum
3010 1264 3118 1312 est.
3147 1260 3252 1311 Aut
3272 1259 3414 1313 enim
3443 1259 3617 1331 aliqua
3646 1263 3720 1316 lus

2161 1353 2418 1408 corporea
2466 1351 2570 1409 est,
2619 1344 2732 1401 sive
2781 1347 2832 1400 in
2882 1348 3250 1417 superioribus
3281 1351 3463 1406 mundi
3502 1356 3721 1422 partitus

2165 1432 2321 1500 longe
2368 1446 2398 1486 a
2427 1436 2801 1504 conspectibus
2833 1439 3051 1504 uostris,
3078 1439 3196 1495 sive
3220 1443 3364 1497 unde
3389 1444 3472 1498 sol
3503 1456 3721 1514 postmo-

2161 1522 2292 1576 dum
2336 1538 2596 1582 accensus
2621 1535 2726 1593 est,
2758 1537 2848 1583 aut
2877 1528 3011 1584 lucis
3054 1530 3268 1588 nomine
3309 1531 3602 1602 signiﬁcata
3649 1547 3718 1592 est

2161 1625 2344 1670 sancta
2371 1618 2581 1686 civitas,
2614 1620 2665 1673 in
2695 1621 2895 1676 sanctis
2917 1622 3120 1692 angelis
3147 1632 3202 1677 et
3230 1625 3509 1694 spiritibus
3537 1627 3711 1692 beatis.

487 1709 570 1763 hic
599 1711 1006 1779 eligi,-quamvis
1034 1711 1275 1765 eamdem
1299 1711 1528 1764 divinam
1560 1711 1845 1776 rationem,
1869 1727 1968 1781 qua
1998 1713 2050 1766 id
2087 1700 2126 1757 Β
2156 1705 2222 1760 de
2245 1723 2349 1777 qua
2374 1708 2504 1766 dicit
2531 1710 2853 1779 Apostolus:
2889 1711 3020 1781 Qute
3051 1727 3262 1768 sursum
3307 1725 3392 1771 est
3443 1715 3716 1774 Jerusalem

484 1801 677 1856 factum
702 1812 805 1866 est,
838 1802 976 1856 nulla
1005 1812 1185 1871 posset
1214 1804 1438 1854 humana
1463 1802 1920 1871 comprehendere
1953 1818 2050 1856 na—

486 1905 640 1953 tura;
685 1895 753 1948 ita
799 1911 902 1947 non
947 1903 1029 1949 est
1070 1909 1397 1964 consequens
1429 1903 1482 1947 ut
1508 1895 1614 1948 Deo
1643 1893 1837 1963 aliquid
1867 1896 2049 1949 existi-

482 1999 685 2042 memus
731 1982 1332 2049 accidissc'fortuitom,
1372 1983 1513 2052 quod
1557 1983 1648 2036 illo
1694 1985 1865 2051 potius
1887 1998 2044 2053 quam

479 2075 746 2130 anteriore
776 2086 1012 2144 tempore
1040 2075 1276 2129 condidit
1306 2074 1583 2142 mundum,
1624 2091 1742 2129 eum
1773 2076 2048 2146 :eqnaliter

477 2168 741 2221 anteriora
795 2177 1030 2234 tempora
1072 2182 1167 2236 pcr
1195 2167 1458 2220 inlinitunt
1482 2176 1626 2221 retro
1649 2178 1879 2233 Spatium
1909 2181 2044 2236 prte-

478 2261 747 2322 tcrisseut,
782 2274 878 2313 nec
906 2259 1094 2313 fuisset
1114 2260 1284 2328 aliqua
1316 2258 1610 2314 differentia
1643 2259 1783 2314 unde
1840 2269 2045 2329 tempus

476 2359 699 2425 tempori
725 2357 970 2424 eligendo
996 2367 1418 2427 prmponerctur.
1450 2356 1600 2422 Quod
1630 2357 1673 2410 si
1703 2359 1884 2432 dit-unt
1936 2359 2045 2411 ina-

473 2462 568 2501 nes
593 2463 712 2502 esse
742 2448 1012 2502 hominum
1037 2448 1409 2516 cogitationes,
1439 2447 1630 2517 quibus
1674 2447 1877 2500 infinita
1909 2450 2042 2501 ima-

473 2539 716 2602 ginantur
750 2540 884 2604 loca,
912 2542 1036 2592 cu'm
1067 2538 1213 2592 locus
1239 2537 1412 2591 nullus
1440 2539 1511 2591 sit
1541 2546 1734 2604 prteter
1759 2539 2040 2606 mundum,

471 2630 823 2699 respondetur
867 2631 944 2684 eis
992 2629 1092 2684 isto
1124 2629 1326 2682 modo:
1375 2627 1605 2682 inani'er
1635 2628 2043 2699 hominescogi-

473 2732 582 2774 tare
609 2720 870 2788 prteterita
900 2730 1137 2789 tempora
1168 2719 1462 2773 vacationis
1487 2717 1600 2783 Dei,
1656 2733 1780 2773 cum
1834 2727 2041 2787 tempus

469 2811 670 2864 nullum
696 2810 762 2865 sit
783 2819 906 2865 ante
935 2809 1186 2864 mundum
1215 2825 1228 2862 :
1262 2809 1306 2863 si
1329 2811 1470 2864 enim
1495 2819 1639 2864 recte
1662 2809 2041 2864 discernuntur

469 2901 735 2956 mternitas
755 2910 808 2955 et
840 2910 1066 2966 tempus,
1095 2901 1234 2970 quod
1265 2911 1473 2971 tempus
1500 2901 1616 2956 sine
1645 2901 1817 2971 aliqua
1861 2911 2034 2956 muta-

468 2994 668 3047 bilitate
712 3008 815 3047 non
870 3002 972 3058 εει,
1016 2993 1068 3045 in
1100 2993 1397 3046 mtcrnitate
1433 2985 1608 3048 autem
1636 2993 1777 3046 nulla
1807 2995 2031 3046 mutatio

2154 1807 2325 1853 mater
2375 1809 2556 1854 nostra
2603 1810 2803 1856 :eterna
2849 1803 2902 1856 in
2940 1803 3113 1858 cmlis.
3170 1803 3262 1858 Ait
3305 1804 3505 1875 quippe
3549 1819 3599 1861 et
3626 1810 3716 1862 alio

2152 1890 2306 1944 loco:
2354 1889 2554 1947 Omnes
2598 1894 2740 1948 enim
2787 1907 2880 1948 vos
2909 1894 3001 1949 lilii
3045 1894 3175 1950 lucis
3217 1898 3370 1962 estis,
3401 1906 3454 1951 et
3482 1897 3711 1959 ﬁliidiri.

2149 1994 2253 2034 non
2301 1995 2489 2035 sumus
2533 1984 2705 2037 noctis
2750 1999 2924 2054 neque
2966 1984 3325 2040 tenebrarum.
3361 1985 3416 2041 Si
3450 1996 3620 2044 tamen
3664 1998 3712 2042 et

2147 2084 2425 2140 vesperam
2455 2071 2564 2126 diei
2595 2071 2753 2143 hujus
2777 2083 2832 2129 et
2863 2089 3020 2129 mane
3049 2073 3386 2143 aliquatenus
3432 2091 3705 2147 congruen-

2145 2161 2559 2232 ter‘intefl'gere
2580 2164 2872 2226 valeamus,
2906 2166 3159 2233 quoniam
3199 2164 3424 2220 scientia
3468 2175 3705 2221 creatur:

2148 2254 2199 2306 iu
2266 2255 2666 2324 comparatione
2725 2256 2963 2312 scientia:
3010 2256 3282 2312 Creatoris
3335 2257 3702 2327 quodammodo

2145 2344 2507 2412 vesperascit:
2533 2346 2766 2414 itemque
2787 2347 3008 2402 lucescit
3027 2356 3079 2401 et
3101 2361 3259 2401 mane
3289 2347 3367 2410 fit,
3397 2363 3514 2403 cum
3533 2360 3580 2404 et
3600 2349 3696 2418 ipsa

2147 2435 2374 2491 refertur
2401 2441 2466 2491 ad
2517 2438 2724 2493 laudem
2752 2438 3202 2508 dilectionemque
3229 2437 3518 2506 Creatoris,
3545 2455 3630 2494 nec
3649 2440 3694 2492 in

2144 2533 2357 2580 noctem
2383 2526 2637 2596 vergitur,
2663 2527 2750 2582 ubi
2776 2542 2881 2581 non
2903 2528 3127 2582 Creator
3150 2539 3411 2582 creatura:
3432 2529 3690 2584 dilectione

2135 2619 2479 2688 relinquitur.
2527 2618 2764 2690 Denique
2811 2619 3088 2689 Scriptura
3137 2634 3260 2673 cum
3285 2621 3405 2676 illos
3431 2621 3542 2677 dies
3562 2620 3695 2676 dinu-

2141 2718 2461 2778 merareLex
2494 2710 2711 2775 ordine,
2744 2725 3000 2780 nusquam
3032 2711 3357 2782 interposuit
3413 2714 3517 2784 ξε
3567 2729 3696 2768 vora-

2140 2802 2322 2855 bulum
2363 2803 2534 2857 noctis
2563 2819 2577 2855 :
2621 2817 2725 2857 non
2757 2804 2896 2857 enim
2924 2803 3001 2857 ait
3028 2803 3221 2858 alicubi
3249 2822 3260 2856 :
3293 2804 3452 2860 Facta
3479 2817 3556 2861 est
3582 2822 3692 2869 nos,

2138 2893 2270 2948 scd:
2297 2894 2458 2949 Facta
2480 2904 2563 2950 est
2583 2909 2828 2973 vespera,
2848 2905 2902 2951 et
2924 2895 3119 2951 factum
3141 2905 3225 2952 est
3247 2913 3404 2952 mane
3423 2898 3533 2953 dies
3555 2914 3692 2962 unus,

2141 2986 2217 3038 ita
2246 2984 2368 3040 dies
2389 2986 2658 3040 secundus
2680 2995 2732 3041 et
2753 2987 2950 3042 cmteri.
2966 2985 3214 3056 Cognitio
3234 2988 3434 3058 quippe
3459 3001 3691 3044 creatura

465 3094 544 3138 est
565 3125 580 3148 ,
610 3085 726 3153 quis
758 3097 859 3136 non
885 3082 1060 3136 videat
1087 3082 1226 3150 quod
1255 3092 1494 3149 tempora
1520 3097 1625 3136 non
1657 3083 1898 3150 fuissent,
1931 3084 2032 3137 nisi
2065 3058 2110 3120 (ἶ
2140 3073 2192 3129 in
2216 3077 2386 3147 seipsa
2409 3079 2764 3134 decoloratior
2784 3088 2885 3144 est,
2918 3089 2974 3134 ut
3001 3078 3071 3134 ita
3100 3078 3296 3146 dicam,
3323 3096 3481 3152 quam
3510 3097 3620 3137 cum
3648 3081 3694 3135 in

465 3184 704 3228 creatura
748 3172 897 3226 fieret
935 3187 1053 3241 quin
1083 3171 1279 3240 aliquid
1304 3173 1478 3242 aliqua
1508 3172 1742 3227 motione
1768 3173 2029 3227 mutaret?

464 3265 626 3332 Cujus
650 3263 899 3318 mulionis
926 3271 979 3317 et
1009 3262 1317 3316 mutationis
1347 3279 1467 3317 cum
1498 3262 1640 3317 aliud
1683 3275 1842 3332 atque
1888 3264 2031 3316 aliud

462 3370 579 3423 qua:
622 3354 778 3409 simul
833 3367 952 3407 esse
997 3369 1101 3407 non
1151 3361 1375 3420 possunt
1411 3353 1554 3408 cedit
1591 3361 1748 3421 atque
1795 3355 2033 3408 succedit

465 3446 516 3498 in
548 3444 890 3500 brevioribus
920 3443 1001 3497 vel
1031 3443 1455 3511 productioribus
1486 3458 1756 3498 morarum
1785 3443 2032 3498 interval-

462 3538 546 3602 lis,
591 3544 798 3604 tempus
836 3544 1168 3602 sequeretur.
1207 3534 1336 3587 Cum
1380 3533 1530 3601 igitur
1579 3533 1740 3600 Deus,
1789 3536 1839 3588 in
1881 3535 2032 3603 cujus

462 3626 756 3681 aeternitate
778 3624 917 3677 nulia
943 3631 1024 3676 est
1052 3622 1269 3675 omnino
1301 3624 1547 3690 mutatio,
1569 3635 1781 3678 creator
1805 3628 1875 3678 sit
1898 3634 2031 3679 tem-

461 3734 647 3786 porum
671 3727 722 3773 et
745 3699 1041 3784 oi-dinator,
1065 3717 1332 3787 quomodo
1354 3719 1561 3774 dicatur
1592 3729 1709 3789 post
1733 3729 2029 3791 temporum

460 3811 627 3878 ipatia
658 3808 912 3863 mundum
940 3822 1173 3872 creasse,
1205 3824 1310 3863 non
1338 3808 1512 3875 video,
1545 3811 1646 3865 nisi
1674 3811 2030 3868 dicaturante

461 3902 715 3956 mundum
761 3900 986 3969 aliquam
1039 3899 1203 3954 fuisse
1250 3911 1572 3966 creaturam,
1619 3902 1771 3973 cujus
1799 3905 2028 3959 motibus

461 4005 696 4060 tempora
727 4001 1025 4046 currerent.
1072 3989 1242 4045 Porro
1270 3993 1314 4044 si
1347 3994 1539 4047 littera:
1570 4007 1737 4048 sacrze
1769 3995 2028 4051 maxime-

460 4097 567 4151 quc
605 4095 823 4134 veraces
851 4081 918 4133 ita
958 4081 1178 4144 dicunt.
1235 4082 1286 4135 in
1321 4082 1581 4151 principio
1629 4083 1820 4140 fecisse
1861 4085 2028 4141 Deum

459 4177 648 4226 rictum
681 4181 732 4226 ct
765 4179 980 4228 terrain.
1012 4181 1069 4224 ut
1099 4171 1232 4225 nihil
1270 4183 1425 4226 antea
1457 4172 1648 4228 fecisse
1678 4174 2022 4247 intelligatur,

458 4267 575 4333 quia
604 4265 701 4316 hoc
727 4263 900 4330 potius
929 4263 979 4315 in
1007 4263 1266 4330 principio
1293 4263 1484 4320 fecisse
1513 4266 1800 4335 diceretur,
1830 4269 1872 4323 si
1899 4271 2023 4337 quid

458 4357 666 4408 t‘cciswt
705 4363 830 4407 ante
869 4363 1059 4406 t-a-tera
1105 4366 1295 4408 cuncta
1327 4369 1444 4424 qua:
1481 4357 1634 4434 fecit,
1680 4361 2023 4426 proetildnbio
2059 4397 2102 4456 ι)

461 4465 561 4499 non
612 4457 693 4500 est
741 4447 967 4498 mundus
1023 4446 1190 4498 factus
1231 4448 1283 4498 in
1314 4456 1574 4518 tempore,
1607 4451 1699 4504 sed
1731 4467 1850 4505 cum
1885 4462 2016 4507 tctu-

459 4556 602 4608 pore.
652 4541 800 4605 Quod
829 4539 970 4593 enim
1005 4541 1058 4591 tit
1088 4539 1137 4591 iit
1176 4548 1433 4609 tempore,
1469 4553 1521 4596 et
1551 4553 1668 4607 post
1696 4544 1911 4614 aliquod
1940 4546 2016 4611 fit,

455 4645 505 4685 et
555 4642 674 4684 ante
719 4633 926 4698 aliquod
983 4642 1210 4698 tempus,
1261 4641 1377 4703 post
1435 4633 1486 4686 id
1515 4634 1654 4701 quod
1689 4639 2015 4704 pra-teritum

455 4735 552 4788 est,
606 4733 726 4775 ante
761 4722 810 4774 id
843 4724 976 4788 quod
1011 4722 1242 4776 futurum
1273 4731 1372 4778 est.
1398 4723 1608 4779 Nullum
1637 4737 1812 4780 autem
1839 4742 2014 4793 posset

454 4829 572 4869 esse
598 4812 941 4881 prmteritnnt,
963 4817 1078 4880 quia
1103 4815 1241 4868 nulla
1267 4823 1381 4868 erat
1411 4826 1673 4882 creatura,
1721 4818 1869 4885 Clljlls
1901 4835 2014 4870 mu-

454 4907 700 4961 tabilibus
750 4904 979 4958 motibus
1030 4915 1292 4969 ageretur.
1350 4903 1482 4958 Cum
1538 4916 1776 4973 tempore
1840 4920 2016 4964 ωιιυιη

455 4995 620 5054 facins
673 5007 752 5050 est
797 4995 1046 5058 tttttttilus,
1098 4995 1140 5044 si
1181 4997 1230 5046 in
1278 4995 1392 5062 ejus
1422 4997 1723 5051 eontlitione
1749 4997 1914 5052 faetus
1940 5017 1968 5054 e
1994 5012 2019 5053 t

460 5093 723 5146 mutabilis
757 5099 950 5162 ptotus,
981 5088 1114 5138 sicut
1147 5089 1350 5140 videtur
1381 5105 1436 5142 se
1469 5090 1666 5146 habere
1697 5094 1857 5146 etiam
1887 5098 2020 5148 ordo

402 5192 406 5198 '
456 5187 545 5238 ilte
602 5185 887 5251 primorum
941 5193 1030 5232 sex
1089 5177 1170 5232 vel
1223 5191 1423 5247 septem
1474 5182 1676 5236 dierum
1728 5183 1778 5238 in
1831 5186 2024 5254 quibus

451 5293 604 5335 tuane
644 5286 696 5330 et
752 5289 968 5337 \‘CS’lel‘e
1001 5273 1360 5338 nominantur,
1391 5275 1560 5330 donec
1583 5278 1759 5331 omnia
1792 5295 1910 5346 qua!
1940 5281 2022 5332 his

449 5369 637 5421 diebus
672 5369 809 5420 i‘teus
839 5365 955 5416 fecit
987 5372 1137 5417 sexto
1171 5364 1509 5430 perficiantur
1534 5367 1642 5433 die,
1679 5370 2021 5439 septimoque

445 5443 506 5514 Ιιῖ
552 5476 740 5525 nmmo
789 5459 1039 5526 titystet'io
1101 5455 1189 5508 Dei
1221 5461 1426 5508 vacatio
1455 5461 1897 5524 commendetur;
1931 5462 2017 5530 qui

449 5555 562 5604 dios
595 5551 883 5619 (‘UjllSHlUt-il
913 5561 1035 5610 mit,
1080 5558 1163 5601 aut
1197 5548 1507 5616 pcrdifltcile
1535 5552 1706 5616 nobis,
1738 5565 1827 5607 aut
1858 5555 2015 5608 etiam

430 5645 752 5708 impossibite
782 5653 855 5694 est
889 5648 1143 5706 cogitare,
1182 5651 1381 5709 quanto
1418 5644 1581 5710 magis
1604 5643 1812 5700 dicere!
1843 5645 2002 5700 Vide—

2142 3167 2231 3222 Dei
2255 3168 2513 3238 sapientia
2539 3170 2897 3239 cognoscitur,
2923 3171 3070 3226 velut
3090 3170 3144 3227 in
3168 3181 3282 3226 arte
3304 3187 3410 3241 qua
3441 3172 3569 3228 facta
3591 3185 3692 3228 est:

2143 3260 2262 3315 ideo
2283 3275 2504 3330 vespera
2528 3262 2905 3331 congruentius
2926 3277 3083 3332 quam
3112 3278 3216 3317 nox
3241 3263 3344 3318 dici
3371 3274 3540 3333 potest
3559 3281 3572 3315 τ
3589 3277 3695 3332 qua:

2139 3358 2350 3415 tamen,
2381 3360 2438 3404 ut
2463 3351 2606 3417 dixi,
2637 3366 2756 3406 cum
2787 3351 2852 3405 ad
2883 3352 3204 3407 laudandum
3233 3361 3287 3406 et
3312 3356 3591 3407 amandum
3621 3369 3694 3407 re-

2135 3439 2298 3494 fertur
2319 3439 2651 3506 Creatorem,
2681 3441 2909 3496 recurrit
2937 3443 2990 3496 in
3021 3457 3196 3506 mane,
3230 3458 3280 3496 et
3317 3443 3418 3498 hoc
3445 3459 3560 3499 cuin
3584 3444 3697 3497 fat-it

2137 3532 2187 3584 in
2219 3534 2522 3600 cognitione
2549 3535 2628 3585 sui
2659 3534 2826 3600 ipsius
2852 3574 2868 3598 ,
2898 3532 3012 3588 dies
3052 3550 3194 3589 unus
3229 3545 3351 3590 est:
3383 3551 3499 3590 cum
3531 3538 3578 3590 in
3605 3550 3690 3589 co-

2138 3623 2375 3689 gntione
2409 3623 2728 3677 tlrinatnenti
2757 3662 2771 3685 ,
2803 3624 2946 3692 quod
2979 3624 3117 3679 inter
3157 3642 3321 3695 aquas
3352 3628 3620 3683 inferiores
3647 3639 3699 3680 et

2133 3714 2436 3781 superiores
2459 3716 2650 3768 emlum
2675 3716 2997 3785 appellatum
3017 3717 3252 3784 est,dics
3272 3721 3556 3775 secundus:
3582 3736 3691 3774 enm

2137 3805 2187 3856 in
2222 3807 2535 3874 cognitione
2579 3818 2734 3861 terrae
2773 3822 2834 3862 ac
2881 3811 3073 3875 muris,
3111 3813 3462 3880 omniumque
3486 3814 3692 3884 gignen-

2137 3893 2272 3946 tium
2303 3909 2421 3962 (μισ,
2452 3895 2719 3950 radicibus
2747 3897 3052 3953 continuata
3082 3911 3203 3953 sunt
3233 3911 3422 3967 terrae,
3453 3904 3563 3957 dies
3591 3914 3690 3955 tero

2134 3984 2272 4049 tius;
2305 3999 2426 4039 cum
2459 3985 2513 4039 in
2541 3986 2846 4056 cognitione
2879 3990 3218 4045 luminarium
3261 3993 3483 4064 majoris
3522 4006 3571 4048 et
3599 3997 3688 4046 ιιιί-

2132 4075 2277 4128 noris
2301 4114 2316 4135 ,
2346 4077 2691 4145 omniumque
2721 4079 2954 4134 siderum
2983 4121 2997 4144 ,
3025 4082 3140 4136 dies
3182 4097 3436 4150 quartus;
3479 4100 3592 4139 cum
3642 4088 3688 4137 in

2129 4166 2432 4235 cognitione
2474 4169 2715 4223 omnium
2747 4184 2810 4224 ex
2858 4170 3009 4240 aquis
3057 4172 3370 4228 animalium
3412 4177 3686 4230 natatilintu

2127 4269 2287 4326 atque
2331 4259 2622 4314 volotilium
2651 4261 2676 4324 ,’
2711 4260 2824 4315 dics
2866 4262 3116 4330 quintus;
3161 4277 3285 4316 cun:
3320 4265 3372 4317 in
3402 4266 3684 4334 cognitione

2128 4349 2363 4404 omnium
2389 4351 2697 4405 animalium
2724 4360 3055 4408 terrenorutu
3081 4364 3240 4422 atque
3269 4357 3431 4425 ipsius
3453 4357 3678 4415 hominis.

2129 4441 2244 4493 dies
2267 4452 2482 4504 sextus;
2509 4457 2629 4494 cum
2657 4456 2785 4496 vero
2814 4444 2865 4496 in
2891 4443 2978 4497 die
2999 4444 3227 4512 septimo
3253 4449 3528 4515 requiescit
3554 4447 3678 4501 Deus

2127 4533 2192 4583 ah
2215 4533 2460 4586 omnibus
2483 4535 2735 4603 operibus
2771 4533 2903 4599 suis,
2926 4544 2979 4589 et
3007 4536 3302 4592 sanctificat
3333 4555 3470 4603 eum,
3499 4555 3678 4609 nequa-

2126 4639 2281 4690 quam
2305 4637 2385 4678 cst
2412 4617 3098 4696 accipiendum‘pucriliter,
3119 4639 3374 4699 tanquam
3396 4633 3527 4688 Deus
3549 4633 3674 4683 talio-

2124 4716 2319 4766 raverit
2349 4717 2621 4782 operando
2643 4716 2753 4786 (qui
2780 4718 2915 4772 dixit
2939 4727 2992 4773 et
3017 4721 3157 4774 facta
3182 4733 3331 4783 sunt,
3356 4725 3514 4776 verbo
3541 4723 3674 4776 intel-

2124 4807 2305 4875 ligibili
2333 4820 2379 4859 et
2406 4808 2756 4876 sempiterno,
2787 4827 2892 4864 non
2921 4811 3146 4866 sonabili
3169 4824 3223 4866 et
3246 4817 3572 4883 temporali);
3593 4815 3674 4865 sed

2126 4899 2338 4964 requies
2368 4896 2455 4951 Dei
2484 4900 2718 4967 teqnietn
2743 4902 3001 4970 signiﬁcat
3027 4915 3214 4956 eorum
3240 4905 3329 4973 qui
3355 4908 3672 4974 requiem-unt

2124 4990 2172 5042 in
2214 4992 2338 5053 lico,
2366 4993 2502 5045 sicut
2534 4992 2709 5044 Lt-titia
2742 4993 2929 5046 domus
2954 4994 3190 5048 lanitium
3224 4997 3482 5065 signiﬁcat
3507 5013 3535 5051 e
3559 5012 3672 5048 rum

2124 5084 2210 5151 qui
2247 5084 2492 5135 l.rlan'.nr
2539 5084 2588 5136 in
2639 5085 2818 5149 domo,
2851 5086 3058 5139 etiamsi
3091 5101 3198 5140 non
3223 5103 3317 5142 eos
3345 5089 3394 5141 ἀι
3417 5102 3527 5141 mus
3551 5087 3669 5153 ipsa,

2128 5186 2218 5238 sed
2244 5185 2341 5237 alia
2367 5201 2452 5238 res
2481 5185 2684 5254 aliquos
2737 5187 2884 5240 larius
2913 5187 3074 5242 facit:
3103 5197 3306 5257 quanto
3338 5190 3500 5258 magis
3522 5190 3559 5241 si
3589 5202 3660 5235 et-

2130 5284 2248 5336 dem
2303 5285 2492 5338 domus
2541 5285 2932 5353 pulchritudine
2981 5301 3076 5339 sua
3115 5286 3274 5340 faciat
3305 5289 3448 5342 ltetos
3488 5287 3669 5339 habita-

2131 5387 2291 5437 tores,
2320 5388 2374 5429 nt
2399 5393 2502 5430 non
2526 5381 2696 5430 solum
2719 5377 3000 5444 cfoquvndi
3029 5378 3186 5432 modo
3211 5379 3328 5441 tosta
3353 5380 3670 5442 dicatur,qu0

2128 5467 2487 5534 signiliramns
2541 5481 2632 5532 per
2677 5467 2724 5519 id
2775 5469 2911 5533 quod
2942 5468 3181 5521 continet
3213 5469 3260 5522 id
3290 5471 3428 5537 quod
3453 5477 3663 5522 contire-

2127 5566 2230 5620 tttr,
2264 5559 2398 5609 sicut
2431 5557 2639 5626 theatra
2668 5558 2939 5624 plaudunt.
2968 5570 3119 5625 prata
3149 5561 3413 5630 mugiunt.
3461 5571 3569 5609 cum
3623 5567 3666 5602 III

2126 5649 2227 5701 illis
2282 5649 2521 5703 homines
2564 5649 2842 5718 plzunlaut,
2877 5649 2927 5704 in
2977 5651 3058 5703 his
3100 5651 3262 5706 boves
3294 5651 3549 5718 mugiat";
3582 5639 3662 5695 οἰδ

3652 245 3746 300 ω
