3886 6224
497 263 604 318 6‘23

1558 263 1618 317 ι).
1653 263 1967 320 Ευσῑιιιηι
2012 265 2297 322 aunms
2331 266 2652 321 aratum
2891 329 2900 340 ι
2997 251 3000 257 ’
3649 263 3733 316 est

496 383 829 436 auctoritatis
873 376 1155 434 intentioni
1181 418 1197 442 ,
1247 391 1366 446 qua:
1413 391 1507 446 per
1552 379 1730 432 omnia
1771 392 1936 461 opera
1983 377 2071 432 Dei
2107 386 2144 436 Λ
2181 379 2344 445 fecit,
2379 395 2499 451 qua:
2528 381 2774 434 voluntas
2816 378 2997 450 utique
3030 388 3232 434 non-est
3263 379 3395 434 nihil
3424 419 3438 439 ,
3471 378 3735 446 respiciam

500 477 824 546 sttbjungeus
855 516 870 539 ,
905 475 966 528 Et
997 472 1125 527 vidit
1154 473 1292 526 Deus
1323 471 1446 540 quia
1481 471 1678 526 bonum
1707 482 1811 538 cSt,
1835 471 2073 540 comple-

501 571 676 638 lisque
711 567 954 620 omnibus
981 563 1250 629 inferens,
1304 563 1370 618 Et
1397 563 1528 618 vidit
1575 564 1712 619 Deus
1743 564 2072 636 omniaquae

504 658 650 720 fecit,
694 667 747 711 et
792 671 919 710 ecce
951 656 1089 710 bona
1121 654 1302 722 valde,
1333 655 1531 731 nullam
1562 654 1716 708 aliam
1749 668 1963 710 causam
1996 654 2073 707 fa-

501 749 677 802 ciendi
720 747 898 801 mundi
930 746 1154 816 intelligi
1182 745 1379 809 voluit,
1412 746 1513 800 nisi
1551 754 1612 800 ut
1648 745 1785 799 bona
1819 745 2010 799 fierent
2039 758 2071 798 a

501 839 640 893 bono
684 837 814 900 Deo,
858 837 944 891 ubi
986 838 1032 891 si
1071 851 1229 891 nemo
1261 843 1549 904 peccasset,
1576 835 1952 890 tantummodo
1979 849 2074 890 na-

499 929 632 982 turis
662 928 817 983 bonis
857 938 1000 982 esset
1029 927 1259 981 mundus
1295 935 1514 982 ornatus
1551 933 1606 981 et
1635 926 1844 995 plenus,
1871 935 1924 980 et
1950 927 2071 994 quia

499 1028 775 1085 peccatum
816 1028 916 1084 est,
952 1033 1055 1072 non
1103 1017 1221 1072 ideo
1248 1027 1436 1072 cuncta
1467 1025 1593 1070 sunt
1630 1015 1847 1086 impleta
1877 1030 2070 1084 peccas

500 1109 590 1183 tis,
621 1123 741 1162 cum
781 1110 1037 1163 bonorum
1072 1110 1221 1175 longe
1261 1106 1431 1175 major
1472 1122 1727 1161 numerus
1759 1107 1812 1160 in
1841 1106 2073 1162 cmlesti-

505 1203 602 1253 hus
630 1215 740 1254 sure
768 1207 967 1254 natum
1004 1198 1247 1252 ordinem
1279 1205 1485 1261 servet;
1519 1211 1616 1250 nec
1645 1195 1780 1250 mala
1807 1197 2070 1262 voluntas,

502 1295 630 1356 quia
675 1300 874 1343 natura:
905 1289 1145 1343 ordinem
1184 1301 1400 1344 servare
1432 1287 1622 1354 noluit,
1671 1287 1793 1341 ideo
1821 1286 1946 1354 justi
1981 1285 2074 1340 Dei

506 1381 652 1450 leges
682 1382 856 1434 omnia
900 1380 1034 1434 bene
1073 1377 1368 1433 ordinantis
1393 1378 1618 1447 effugit:
1650 1377 1903 1448 quoniam
1936 1377 2076 1432 sicut

510 1476 710 1540 pictura
741 1488 860 1526 cum
890 1473 1067 1526 colore
1095 1473 1247 1542 nigro
1271 1472 1389 1525 loco
1410 1486 1506 1526 suo
1533 1471 1705 1540 posito
1737 1469 1972 1543 [posita],
2003 1471 2075 1524 ita

483 1565 818 1618 'aniversilas
848 1579 1049 1626 rerum,
1079 1564 1126 1618 si
1167 1564 1283 1634 quis
1314 1564 1481 1632 possit
1519 1563 1732 1629 intueri,
1763 1562 1923 1619 etiam
1952 1577 2074 1618 cum

507 1655 870 1724 peccatoribus
902 1654 1123 1724 pulchra
1149 1663 1253 1721 est,
1290 1654 1532 1722 quamvis
1557 1669 1654 1722 per
1681 1668 1740 1708 se
1769 1655 1910 1723 ipsos
1939 1669 2076 1708 con-

2174 469 2314 524 unde
2343 469 2635 525 secundum
2665 484 2859 538 corpus
2889 468 3058 526 factus
3087 473 3158 524 sit
3189 472 3368 524 homo.
3401 469 3558 523 Certe
3587 468 3732 528 cnim.

2178 561 2315 615 sicut
2361 560 2637 629 Scriptura
2670 571 2913 630 testatur,
2937 577 3057 618 eum
3094 563 3162 617 de
3184 563 3312 616 limo
3336 563 3417 615 vel
3439 561 3505 616 de
3541 559 3737 628 pulvere

2175 661 2331 707 terra:
2366 652 2506 708 Deus
2531 652 2675 721 fecit,
2707 662 2762 709 et
2789 654 3136 724 proculdubio
3171 654 3450 709 voluntate
3479 652 3618 707 fecit.
3645 649 3737 704 Nec

2175 751 2351 798 tamen
2386 744 2634 799 voluntas
2664 744 2758 799 Dei
2789 746 2960 813 pulvis
2986 753 3078 797 aut
3109 745 3268 798 limus
3301 753 3404 798 est.
3437 744 3586 797 Sicut
3625 757 3736 808 eteo

2176 836 2226 889 in
2255 850 2319 889 eo
2340 835 2480 903 quod
2508 850 2575 891 ex
2613 836 2739 890 limo
2763 834 2958 889 factum
2991 845 3093 904 εει,
3119 836 3358 904 quamvis
3388 837 3651 890 voluntate
3678 835 3737 888 sit

2176 923 2397 990 factum,
2451 939 2556 978 non
2600 932 2683 978 est
2731 923 2978 978 voluntas
3025 924 3205 989 limus,
3238 925 3308 978 ita
3340 925 3392 977 in
3425 938 3487 977 eo
3521 922 3654 992 quod
3683 939 3735 976 et

2177 1015 2342 1069 nihilo
2371 1014 2563 1068 factum
2593 1026 2696 1082 est,
2723 1016 2964 1083 quamvis
2992 1015 3263 1070 voluntate
3292 1017 3361 1069 sit
3390 1014 3612 1080 factum,
3638 1029 3732 1068 non

2176 1116 2255 1162 est
2287 1106 2530 1160 voluntas
2559 1105 2712 1160 nihil.
2761 1106 2876 1161 Jam
2925 1121 3054 1161 vero
3097 1105 3237 1176 quod
3277 1107 3568 1161 dolendum
3598 1106 3733 1159 addi-

2177 1195 2322 1259 disti,
2340 1209 2403 1249 ex
2430 1194 2743 1249 Priscilliaui
2771 1195 2964 1249 haeresi
2988 1195 3052 1249 ad
3077 1211 3316 1250 errorem
3345 1197 3586 1264 Origenis
3609 1195 3731 1264 apud

2175 1298 2272 1339 vos
2317 1285 2558 1339 homines
2595 1284 2759 1340 fuisse
2798 1285 3069 1354 delapsos,
3101 1299 3199 1340 nec
3227 1286 3294 1338 ab
3340 1284 3428 1338 illa
3462 1294 3608 1354 peste
3647 1298 3728 1352 po-

2179 1379 2344 1430 tuisse
2389 1376 2566 1430 sanari
2614 1376 2715 1430 nisi
2764 1384 2819 1429 et
2857 1377 2968 1446 ipsa
3017 1376 3276 1431 medicina
3321 1375 3617 1429 morbidum
3654 1376 3736 1428 ali-

2179 1466 2303 1536 quid
2333 1467 2622 1532 intulisset,
2649 1482 2754 1521 nor.
2782 1476 2867 1523 est
2886 1467 3100 1537 quidem
3129 1467 3283 1522 dolor
3311 1467 3410 1522 i5te
3437 1465 3732 1534 culpandus.

2183 1558 2392 1614 Veritas
2420 1561 2561 1614 enim
2593 1560 2800 1629 debuit,
2832 1575 2936 1615 non
2973 1559 3176 1615 falsitas
3203 1559 3402 1629 pellere
3435 1558 3736 1613 falsitatem:

2181 1674 2304 1714 nam
2347 1658 2447 1714 hoc
2473 1669 2681 1715 mutare
2706 1669 2790 1716 est
2819 1659 3015 1714 malum
3037 1703 3053 1728 ,
3085 1674 3193 1714 non
3223 1658 3442 1713 evitare.
3474 1657 3736 1712 Verumta-

499 1744 764 1798 sideratos
805 1758 898 1798 sua
937 1744 1243 1822 deformitas
1283 1751 1476 1812 turpet.
1522 1742 1724 1798 Deinde
1754 1743 1935 1798 videre
1981 1743 2077 1798 de-
2109 1755 2159 1817 Β
2186 1765 2305 1804 men
2337 1752 2459 1819 quia
2488 1749 2555 1804 de
2583 1753 2697 1819 ipso
2730 1749 2861 1810 Deo,
2892 1756 3261 1803 creaturarum
3308 1747 3540 1800 omnium
3570 1746 3736 1800 condi.

501 1834 618 1888 bttit
647 1835 921 1902 Origenes,
953 1842 1008 1889 et
1037 1834 1337 1903 quicunque
1362 1832 1433 1886 ita
1465 1833 1699 1902 sapiunt,
1729 1833 1774 1886 si
1806 1833 1918 1888 hac
1950 1833 2070 1901 opi-

502 1925 592 1980 nio
622 1941 742 1980 vera
785 1933 948 1991 esset,
999 1924 1250 1980 mundum
1295 1924 1414 1978 ideo
1444 1923 1637 1977 factum
1675 1935 1728 1977 ut
1757 1923 1946 1976 animm
1978 1937 2075 1992 pro

504 2016 712 2071 meritis
742 2023 1079 2085 peccatorum
1125 2028 1343 2070 suorum
1377 2026 1624 2082 tauquam
1664 2014 1926 2082 ergastula
1958 2013 2077 2082 qui-

500 2109 601 2163 bus
656 2107 934 2176 pmnalitcr
981 2104 1377 2160 includerentur
1438 2117 1664 2171 corpora
1719 2103 2072 2171 acciperent.

499 2198 776 2267 superiora
820 2204 875 2252 et
923 2196 1117 2251 leviora
1164 2208 1283 2265 quae
1325 2195 1526 2260 minus,
1557 2192 1805 2248 inferiora
1848 2208 1976 2247 vero
2021 2199 2076 2246 et

501 2293 742 2362 graviora
770 2305 887 2360 qute
915 2288 1143 2356 amplius
1184 2283 1572 2355 peccaverunt,
1617 2284 1921 2348 daemones,
1953 2284 2074 2352 qui-

500 2383 600 2436 bus
618 2380 852 2436 deterius
881 2378 1015 2433 nihil
1046 2385 1150 2442 est,
1194 2386 1405 2430 terrena
1438 2388 1683 2442 corpora,
1715 2374 1909 2442 quibus
1943 2372 2076 2427 infe-

501 2473 613 2527 rius
636 2481 690 2526 et
709 2470 922 2540 gravius
946 2467 1077 2521 nihil
1104 2474 1207 2534 est,
1240 2466 1414 2534 potius
1443 2479 1602 2533 quam
1631 2463 1873 2516 homines
1914 2463 2072 2516 etiam

503 2563 672 2615 bonos
701 2559 901 2613 habere
930 2556 1198 2612 debuisse.
1230 2554 1378 2609 Nunc
1403 2567 1526 2608 vero
1566 2561 1624 2607 ut
1651 2552 2074 2621 intelligeremus

510 2655 806 2724 animarum
853 2651 1040 2705 merita
1089 2663 1193 2702 non
1245 2647 1589 2716 qualitatibus
1637 2659 1922 2714 corporum
1953 2659 2074 2699 esse

503 2742 791 2813 pensanda,
838 2741 1038 2796 aerium
1067 2739 1332 2810 pessimus
1356 2737 1587 2804 daemon,
1620 2735 1780 2790 homo
1809 2745 1985 2792 autem
2017 2744 2074 2791 et

503 2851 644 2891 nunc
674 2836 797 2889 licet
824 2833 1016 2898 malus,
1046 2832 1199 2900 longe
1227 2829 1447 2884 minoris
1477 2828 1806 2898 mitiorisque
1831 2827 2068 2893 malitiae,

501 2934 557 2982 et
577 2931 722 2981 certe
743 2931 866 2978 ante
888 2932 1184 2993 peccatum,
1206 2930 1380 2988 tamen
1403 2920 1602 2974 luteum
1628 2933 1821 2988 corpus
1841 2917 2068 2987 accepit.

501 3016 639 3085 Quid
679 3024 855 3070 autem
885 3014 1098 3068 stultius
1128 3011 1231 3068 dici
1274 3019 1448 3082 potest
1479 3025 1635 3080 quam
1669 3024 1765 3080 per
1793 3009 1950 3065 istum
1983 3022 2070 3063 so-

503 3107 609 3161 lem
634 3115 689 3160 ut
713 3104 766 3159 in
795 3119 900 3159 uno
920 3104 1118 3158 mundo
1140 3119 1276 3158 unus
1299 3113 1462 3171 esset,
1492 3117 1596 3158 non
1624 3103 1818 3157 deeOt-e
1838 3099 2072 3171 pulchri-

502 3196 731 3260 tudinis,
759 3195 840 3250 vel
872 3195 1031 3250 etiam
1075 3195 1232 3250 saluti
1272 3210 1450 3251 rerum
1493 3193 1849 3264 corporalium
1880 3206 2074 3248 consu-

502 3278 670 3340 luisse
692 3286 948 3341 artilicem
979 3285 1163 3351 Deum,
1196 3285 1288 3340 sed
1327 3283 1431 3339 hoc
1454 3285 1626 3354 potius
1648 3284 1917 3348 evenisse,
1948 3280 2070 3351 quia

502 3391 606 3429 una
637 3377 814 3429 anima
845 3376 923 3430 sic
959 3385 1294 3445 peccaverat,
1321 3384 1380 3430 ttt
1407 3375 1499 3429 tali
1527 3389 1752 3442 corpore
1780 3382 2075 3428 mereretur

507 3467 744 3522 includit
792 3468 869 3520 Ac
898 3481 991 3534 per
1032 3466 1132 3520 hoc
1168 3466 1212 3520 si
1260 3464 1570 3535 contigisset
1606 3473 1662 3518 ut
1692 3479 1798 3518 non
1837 3478 1940 3516 una
1979 3463 2073 3516 sed

503 3559 646 3621 dum,
677 3559 784 3611 imo
827 3572 934 3611 non
977 3558 1095 3610 dua:
1126 3556 1218 3612 sed
1249 3558 1431 3612 decem
1465 3556 1544 3610 vel
1575 3566 1786 3611 centum
1829 3554 2074 3608 similiter

503 3651 885 3720 :equaliterquc
923 3657 1256 3719 peccassent,
1289 3659 1501 3704 centum
1543 3648 1683 3703 soles
1727 3647 1948 3702 haberet
1986 3647 2075 3701 hic

503 3740 754 3801 mundus,
779 3739 916 3809 quod
956 3748 1011 3794 ut
1051 3754 1155 3794 non
1181 3740 1351 3808 lieret,
1392 3753 1496 3793 non
1527 3737 1732 3804 Opifiris
1769 3735 2076 3806 provisione

505 3831 729 3884 mirabili
762 3828 826 3883 ad
858 3843 1034 3883 rerum
1077 3830 1435 3897 corporalium
1464 3827 1687 3882 salutem
1718 3827 2076 3894 decliremque

502 3923 804 3979 consultum
870 3931 998 3984 est.
1068 3921 1160 3974 sed
1207 3921 1430 3990 contigit
1485 3917 1660 3988 potius
1717 3926 1860 3972 tanta
1917 3917 2079 3971 unius

504 4017 697 4069 anima:
742 4014 1114 4085 progressione
1154 4015 1423 4082 peccantis
1450 4051 1467 4078 ,
1498 4021 1555 4066 ut
1596 4011 1710 4066 sola
1741 4024 1936 4080 corpus
1967 4009 2074 4064 tale

507 4113 826 4160 mereretur.
861 4104 974 4158 Non
1007 4105 1163 4174 plane
1190 4103 1488 4158 animarum
1513 4104 1580 4158 de
1611 4102 1804 4172 quibus
1830 4102 2077 4157 nesciunt

504 4198 630 4266 quid
679 4197 982 4266 loquantur,
1025 4197 1118 4250 sed
1173 4210 1357 4253 eorum
1406 4197 1640 4265 ipsorum
1684 4195 1773 4265 qui
1827 4194 1946 4248 talia
1989 4208 2075 4246 sa-

506 4291 658 4356 piunt
689 4290 911 4342 multum
958 4288 1114 4358 longe
1158 4303 1184 4339 a
1228 4289 1450 4342 veritate
1487 4295 1541 4343 et
1574 4286 1765 4341 merito
1803 4295 1886 4342 est
1924 4301 2074 4341 coer-

504 4382 668 4436 cenda
701 4384 1020 4451 progre:sio.

1047 4495 1269 4552 CAPUT
1309 4494 1521 4550 XXXII.

511 4585 584 4640 De
611 4588 783 4640 eodem
815 4604 984 4641 errore
1027 4598 1072 4640 et
1114 4589 1175 4640 de
1217 4589 1330 4658 igne
1359 4598 1566 4651 caterva,
1596 4604 1658 4640 ea:
1687 4589 1814 4640 libro
1851 4588 2077 4654 Respon-

773 4659 927 4710 siont's
953 4659 1017 4712 ad
1043 4660 1276 4712 consulta
1307 4659 1478 4712 ()t'osii
1504 4659 1797 4728 presbyteri.

579 4768 758 4836 Usque
803 4766 934 4819 adeo
979 4768 1139 4836 igitur
1167 4769 1218 4820 in
1249 4783 1313 4821 eo
1342 4767 1480 4835 quod
1513 4783 1576 4820 ex
1612 4767 1781 4819 nihilo
1829 4765 1955 4819 fecit
1987 4779 2078 4818 vo-

504 4862 682 4914 luntas
733 4873 837 4910 non
871 4857 996 4909 nihil
1027 4857 1240 4922 dicitur,
1277 4867 1332 4910 ιιι
1362 4860 1473 4926 ipsa
1513 4860 1776 4926 praecipue
1804 4873 2079 4911 commcn-

505 4952 679 5005 detur.
725 4948 855 5002 Nam
887 4948 970 5001 cui
1009 4947 1231 5002 dicitur:
1259 4949 1451 5004 Subest
1488 4949 1625 5002 enim
1657 4948 1746 5001 tibi
1779 4963 1898 5003 eum
1930 4950 2076 5003 voles

503 5057 682 5111 posse,
712 5040 824 5094 sive
873 5037 1012 5092 adsit
1051 5039 1189 5092 unde
1239 5041 1345 5104 liat,
1383 5041 1496 5094 sive
1544 5053 1650 5092 non
1700 5038 1858 5103 adsit,
1891 5049 1971 5092 sat
1995 5048 2077 5093 est

505 5132 770 5192 voluntas,
802 5129 891 5182 tibi
923 5141 1130 5183 summa
1163 5138 1240 5180 est
1274 5136 1526 5195 poti-stas.
1561 5127 1840 5194 Quomodo
1871 5142 1997 5197 ergo
2024 5128 2075 5181 in

504 5239 570 5277 ει
612 5221 754 5290 quod
792 5220 858 5274 de
901 5218 1066 5272 nihilo
1114 5227 1343 5278 creatur,
1377 5219 1620 5273 voluntas
1667 5218 1898 5272 creantis
1945 5217 2078 5272 ttiltil

505 5327 624 5368 esse
665 5310 1005 5378 perhibetur.
1053 5322 1171 5360 cum
1223 5318 1436 5374 propter
1469 5323 1545 5362 .ea
1588 5309 1652 5361 de
1697 5309 1862 5364 nihilo
1907 5308 2076 5362 creari

506 5406 704 5474 aliquid
739 5403 928 5470 possit,
955 5403 1075 5471 quia
1099 5401 1340 5454 voluntas
1365 5400 1613 5463 creantis,
1639 5402 1796 5454 etiam
1820 5402 1936 5456 sine
1965 5415 2078 5454 ma-

507 5497 660 5557 teria,
689 5494 789 5548 sibi
818 5491 1049 5547 sufﬁcit?
1077 5489 1227 5558 Quod
1256 5491 1298 5544 si
1327 5487 1462 5543 forte
1488 5505 1593 5542 non
1623 5491 1791 5544 solum
1823 5492 2078 5557 animam,

508 5586 598 5639 sed
627 5586 821 5637 nullam
852 5583 1068 5638 omnino
1096 5593 1394 5637 creaturam
1426 5583 1611 5636 volunt
1637 5582 1788 5636 lateri
1820 5599 1882 5638 ex
1913 5585 2080 5637 nihilo

510 5673 722 5739 factam,
752 5674 869 5728 ideo
897 5674 1146 5745 quoniam
1176 5674 1430 5745 quidquid
1465 5673 1601 5729 Deus
1633 5671 1779 5739 fecit,
1805 5675 2080 5731 volunt-ite

2180 1847 2332 1901 tore,
2367 1838 2468 1892 hoc
2510 1847 2596 1892 est
2645 1837 2712 1892 de
2764 1839 2876 1904 ipsa
2924 1846 3190 1891 coactcrna
3237 1845 3289 1889 et
3339 1834 3734 1890 incommutabili

2177 1932 2376 1986 Trinita
2388 1940 2459 1995 te,
2479 1932 2545 1985 ab
2567 1931 2645 1985 eis
2667 1930 2756 1999 qui
2785 1930 2851 1983 ad
2876 1944 2968 1983 vos
2995 1930 3156 1984 libros
3180 1926 3425 1996 Origeois
3445 1928 3730 2004 attu'erant.

2179 2024 2229 2078 id
2261 2023 2516 2082 traditum
2546 2035 2666 2076 esse
2695 2033 3086 2076 commemoras
3127 2019 3270 2088 quod
3315 2021 3508 2074 veritas
3552 2017 3730 2078 habet,

2177 2123 2365 2169 contra
2429 2127 2586 2183 quam
2643 2115 2921 2167 veritatem
2977 2110 3340 2166 Priscillianus
3393 2108 3728 2163 Sabellianum

2177 2203 2450 2273 antiquum
2479 2203 2670 2271 dogma
2691 2201 2939 2266 restituit,
2975 2199 3063 2254 ubi
3096 2200 3209 2270 ipse
3251 2198 3408 2253 Pater
3435 2198 3519 2268 qui
3550 2197 3722 2259 Filius,

2177 2294 2267 2363 qui
2311 2302 2365 2348 et
2410 2291 2641 2361 Spiritus
2670 2302 2882 2347 sanctus
2928 2291 3252 2362 perhibetur,
3284 2291 3384 2345 hoc
3434 2291 3529 2346 iste
3573 2289 3726 2358 pejor,

2177 2385 2318 2454 quod
2349 2385 2507 2440 etiam
2529 2384 2598 2440 de
2619 2385 2800 2438 anima
2819 2383 2891 2438 ita
2915 2385 3099 2451 sentit,
3119 2393 3176 2437 ut
3199 2399 3302 2437 non
3333 2399 3449 2437 eam
3481 2381 3646 2451 propri
3665 2397 3726 2434 im

2179 2476 2311 2531 velit
2361 2475 2557 2530 habere
2605 2484 2870 2539 naturam,
2927 2473 3023 2529 sed
3071 2474 3139 2528 de
3183 2473 3298 2540 ipso
3346 2473 3455 2527 Deo
3504 2483 3729 2541 tanquam

2179 2567 2494 2636 part'culam
2545 2565 2813 2632 deﬂuere,
2859 2574 2918 2620 et
2967 2574 3075 2619 tam
3125 2563 3439 2618 deformiter
3490 2560 3730 2630 inquii-ari

2176 2671 2335 2730 atque
2383 2661 2434 2713 in
2480 2658 2717 2714 deterius
2767 2656 3124 2721 commutari,
3154 2671 3275 2710 cum
3324 2654 3612 2709 Manichais
3639 2669 3730 2706 au-

2175 2750 2300 2806 deat
2345 2748 2647 2804 aflirmare:
2685 2763 2791 2802 non
2825 2760 3008 2817 parum
3052 2745 3175 2800 boni
3205 2761 3270 2799 ex
3308 2745 3462 2800 libris
3491 2745 3586 2800 illis
3609 2757 3730 2812 pro-

2175 2842 2349 2897 vincia
2379 2849 2557 2896 vestra
2588 2841 2847 2911 percepit,
2874 2839 2927 2894 in
2958 2855 3018 2895 ea
3048 2854 3108 2895 re
3136 2840 3369 2894 maxime
3398 2840 3448 2892 in
3478 2854 3568 2906 qua
3587 2835 3725 2906 capi-

2176 2932 2354 2988 taliter
2380 2940 2610 3000 erratur,
2645 2933 2712 2987 de
2746 2932 3003 2987 Creatore
3047 2932 3244 3002 quippe
3273 2945 3377 2984 non
3411 2929 3480 2984 de
3506 2936 3726 2983 creatura

2177 3042 2284 3088 tant
2329 3033 2459 3089 falsa
2501 3042 2554 3088 et
2594 3041 2700 3087 tam
2749 3030 2950 3087 nefaria
2997 3032 3318 3087 sentiuntur.
3354 3030 3479 3086 Sive
3525 3041 3640 3098 ergo
3682 3030 3726 3080 in

2099 3114 2146 3178 ε
2180 3137 2315 3189 hanc
2354 3133 2512 3189 ﬁdem
2561 3134 2650 3204 qtti
2690 3132 3040 3188 deviaverant
3068 3131 3299 3187 restituti
3345 3140 3487 3196 sunt,
3516 3132 3620 3184 sive
3644 3128 3729 3197 qui

2177 3239 2298 3280 eam
2320 3223 2554 3278 nondum
2584 3231 2842 3277 noverant
2859 3222 3066 3277 illarum
3096 3219 3731 3291 disputationumlectione

2175 3316 2492 3382 didicerunt,
2526 3314 2631 3369 hoc
2674 3329 2734 3369 se
2779 3314 3043 3384 gaudeant
3073 3313 3327 3368 didicisse
3373 3311 3514 3382 quod
3554 3322 3724 3365 sanum

2174 3418 2276 3464 est.
2307 3408 2458 3476 Quod
2486 3416 2664 3464 autem
2708 3415 2762 3462 et
2791 3408 2844 3462 in
2872 3408 2952 3463 eis
2989 3407 3190 3464 erroris
3228 3416 3332 3471 est,
3361 3418 3648 3474 quanquam
3676 3410 3723 3454 te

2175 3499 2490 3571 cognovisse
2503 3498 2610 3567 jatn
2634 3497 2866 3565 videam,
2887 3506 3064 3551 tamen
3085 3493 3527 3563 quemadmodum
3555 3501 3720 3545 contra

2176 3593 2303 3647 talia
2333 3592 2652 3658 disseratur,
2681 3588 2754 3643 ibi
2784 3589 2974 3644 melius
2995 3587 3206 3642 discere
3228 3587 3452 3656 poteris,
3491 3584 3571 3638 ubi
3597 3596 3732 3637 error

2177 3685 2292 3754 ipse
2320 3693 2374 3739 et
2401 3684 2528 3738 olim
2555 3690 2772 3736 exortus
2792 3687 2895 3746 est,
2917 3687 2973 3736 et
2999 3694 3102 3733 non
3133 3678 3259 3732 olim
3286 3675 3540 3746 proditus.
3568 3673 3729 3741 Quan-

2177 3783 2286 3828 tum
2321 3785 2539 3842 possum
2569 3781 2745 3827 tamen
2773 3771 2932 3825 etiam
2963 3784 3063 3839 ego
3091 3782 3430 3830 commoneo,
3461 3775 3518 3819 ut
3545 3766 3608 3820 de
3633 3764 3730 3817 dia-

2176 3865 2283 3920 boli
2310 3865 2724 3934 angelorumque
2765 3850 2884 3931 ejus
2927 3861 3281 3925 correctione,
3307 3868 3363 3913 et
3395 3859 3446 3912 in
3476 3859 3728 3927 pristinum

2182 3968 2377 4012 statum
2412 3956 2770 4024 reparatione,
2798 3968 2987 4023 sapere
3016 3952 3146 4006 nihil
3194 3952 3392 4006 audeas
3427 3971 3442 4006 :
3475 3965 3573 4004 non
3619 3949 3725 4018 quia

2176 4049 2388 4104 diabolo
2416 4056 2472 4104 et
2497 4045 2830 4102 dminonibus
2861 4044 3182 4107 invidemus,
3212 4051 3267 4099 et
3293 4056 3360 4096 eo
3401 4041 3558 4095 modo
3599 4039 3727 4108 quasi

2177 4145 2348 4196 vicem
2399 4140 2786 4196 malevolentiae
2833 4138 3206 4208 rependimus,
3236 4149 3359 4190 cum
3414 4134 3488 4188 illi
3532 4146 3630 4186 non
3675 4131 3734 4184 oh

2177 4233 2318 4287 aliud
2351 4234 2449 4288 nisi
2497 4232 2802 4287 invidentie
2840 4229 3070 4286 stimulis
3113 4227 3299 4298 agitati
3348 4235 3527 4281 nostra
3566 4223 3730 4277 itinera

2177 4323 2365 4391 quibus
2397 4324 2448 4376 in
2481 4322 2646 4376 Deum
2679 4321 2945 4376 tendimus
2985 4319 3300 4390 perturbare
3329 4325 3622 4371 conentur.
3652 4309 3731 4364 sed

2178 4416 2296 4482 quia
2329 4413 2530 4467 ultima:
2575 4414 2855 4468 sententia:
2896 4411 3088 4466 summi
3124 4419 3180 4466 et
3209 4403 3730 4474 vcracissimijudicis

2103 4487 2156 4546 Ῑ)
2177 4520 2239 4560 ex
2265 4515 2444 4558 nostra
2476 4503 2890 4574 praesumptione
2930 4488 3060 4556 nihil
3091 4501 3287 4555 addere
3322 4499 3591 4554 debemus.
3625 4494 3726 4561 Ipse

2182 4597 2326 4649 enim
2357 4611 2416 4649 se
2445 4594 2706 4648 similibus
2727 4608 2909 4649 eorum
2936 4607 3056 4647 esse
3079 4592 3342 4645 dicturum
3375 4588 3614 4658 prmditlt
3634 4603 3646 4635 ;
3670 4582 3731 4633 Ite

2183 4688 2234 4738 in
2265 4687 2438 4754 ignem
2464 4696 2748 4747 :etemum,
2772 4684 2856 4750 qui
2884 4692 3098 4750 paratus
3123 4690 3204 4735 est
3233 4681 3451 4733 diabofo
3478 4691 3528 4732 et
3555 4672 3731 4743 angelis

2183 4775 2332 4843 ejus;
2363 4789 2459 4829 nec
2489 4790 2706 4829 movere
2752 4774 2908 4828 debet
2935 4782 2989 4825 ut
3023 4772 3172 4843 [hoc]
3214 4771 3335 4824 loco
3377 4782 3624 4823 mternum
3653 4776 3731 4831 pro

2183 4865 2432 4918 tlittlumo
2484 4863 2808 4932 accipiamus
2861 4863 3001 4931 quod
3067 4862 3191 4916 alibi
3251 4861 3508 4928 scriptum
3566 4866 3639 4910 est
3687 4853 3728 4904 in

2183 4967 2437 5011 asternum
2479 4965 2534 5011 et
2560 4957 2611 5010 in
2656 4957 2908 5010 sacculum
2951 4953 3155 5007 surculi.
3198 4950 3420 5004 Latinus
3449 4947 3630 5015 quipp:
3664 4942 3731 4996 in-

2181 5055 2389 5116 tcrpres
2442 5047 2608 5099 noluit
2649 5045 2829 5099 dicere
2876 5045 2927 5098 in
2979 5052 3238 5097 aeternum
3289 5050 3345 5095 et
3396 5040 3450 5092 in
3503 5045 3729 5091 uernum

2181 5138 2368 5191 κιαι-ιιὶ
2396 5155 2411 5191 :
2447 5137 2539 5192 sed
2571 5138 2819 5206 quoniam
2853 5136 2901 5190 id
2931 5137 3071 5206 quod
3101 5138 3222 5190 αἰὼν
3251 5135 3439 5188 Graece
3470 5130 3730 5198 dicitur,_et

2182 5229 2432 5282 saeculum
2465 5239 2519 5282 et
2547 5237 2803 5283 aeternum
2835 5227 3174 5296 interpretari
3205 5235 3403 5293 potest,
3432 5219 3730 5277 commodius

2182 5318 2271 5370 alii
2304 5318 2623 5387 interpretes
2654 5317 3038 5372 transtulerunt
3069 5319 3121 5369 in
3153 5315 3408 5369 sacculum
3437 5321 3491 5368 et
3516 5313 3564 5366 in
3588 5323 3730 5362 sacu-

2186 5410 2290 5462 lum
2307 5409 2508 5472 smculi,
2524 5408 2614 5462 sed
2635 5423 2738 5462 non
2763 5408 2864 5461 hoc
2886 5407 3089 5461 dictum
3115 5416 3198 5461 est
3221 5407 3308 5460 ubi
3333 5407 3529 5461 dictum
3543 5413 3643 5460 est:
3665 5397 3726 5455 lle

2188 5499 2239 5551 in
2270 5501 2440 5566 ignem
2476 5508 2754 5552 aeternum.
2789 5497 2902 5550 Non
2933 5496 3074 5549 enim
3120 5495 3320 5549 dictum
3354 5507 3436 5550 e~t
3464 5500 3626 5556 αἰῶνι.
3649 5492 3724 5544 sed

2185 5590 2378 5642 αἰώνιον
2405 5604 2416 5640 :
2442 5587 2580 5656 quod
2612 5587 2657 5640 si
2688 5602 2718 5640 a
2745 5587 2940 5639 smculo
2963 5585 3286 5640 declinatum
3315 5596 3476 5651 esset,
3506 5584 3725 5640 malm

2188 5678 2374 5735 Latine
2407 5679 2694 5745 diceretur,
2722 5692 2828 5733 non
2855 5685 3138 5746 aeternum,
3173 5682 3317 5749 quod
3351 5695 3502 5735 nemo
3528 5687 3724 5746 uanIII
