3886 6224
107 301 206 356 693

1258 290 1684 346 τιιεδλυειυδ.
1731 287 1884 344 CAP.
1927 288 2170 344 XXXIII.

3228 284 3331 338 C26

107 414 367 480 interpres
407 423 568 464 ausus
615 416 698 462 est
750 405 946 459 dicere.
982 404 1311 472 Qnapmpter
1339 402 1462 456 licet
1493 401 1676 455 Latine
1702 405 1749 464 Α
1779 402 2010 457 etnlestia
2057 404 2167 457 sint
2211 416 2428 468 corpora
2479 399 2740 464 videmus,
2769 398 2908 467 quod
2956 397 3183 448 animata
3228 395 3336 447 sint

106 499 355 554 sarculum
396 512 518 552 cum
550 495 723 564 aliquo
754 493 858 547 ﬁne
889 491 1232 560 intelligatur,
1263 501 1516 544 mternuin
1546 503 1672 542 vero

108 589 205 643 nisi
229 586 280 640 id
312 585 460 654 quod
497 585 614 638 sine
643 583 744 637 ﬁne
785 592 865 636 est
907 597 1012 635 non
1043 583 1209 634 soleat
1241 579 1525 648 appellari;
1555 581 1675 632 αἰών

108 684 280 730 autem
301 673 516 738 Graece,
532 663 815 741 aliquando
832 679 1111 737 aeternum,
1132 669 1414 738 aliquando
1427 667 1680 723 stncnlum

107 763 411 832 signiﬁcare
432 762 778 831 intelligatur,
803 770 978 814 tamen
1000 759 1140 828 quod
1163 773 1226 811 ex
1248 766 1346 812 hoc
1365 758 1578 811 nomine
1589 757 1685 810 de-

109 856 150 907 ri
161 862 315 906 vatur
338 865 393 907 et
419 852 713 922 appellatur
732 849 1064 916 aidvmﬁpsi
1091 847 1285 914 Graeci,
1301 856 1550 915 quantum
1574 846 1687 900 exi-

109 945 288 1010 stimo,
306 958 419 998 non
453 943 624 996 solent
647 940 944 1008 intelligere
965 939 1065 993 nisi
1087 938 1140 992 id
1162 938 1301 1006 quod
1331 953 1432 991 non
1456 937 1613 990 habet
1635 935 1688 988 ﬁ-

113 1048 228 1086 nem
255 1049 268 1086 :
296 1047 400 1086 nos
423 1041 594 1085 autem
618 1032 727 1085 sive
739 1033 895 1086 αἰῶνα
908 1030 1020 1083 sive
1036 1032 1232 1083 αἰώνιον
1251 1043 1353 1082 non
1368 1026 1598 1081 solemus
1609 1027 1690 1078 di-

111 1140 231 1180 cere
254 1124 360 1179 nisi
388 1138 671 1188 aeternum,
690 1123 781 1177 sed
794 1125 949 1176 αἰῶνα
963 1108 1187 1175 dicimus
1201 1129 1256 1173 et
1286 1118 1556 1180 szt-culum,
1571 1119 1690 1172 αἰὼ-

113 1237 213 1270 νιον
223 1227 407 1270 autem
423 1231 525 1269 non
540 1214 641 1268 nisi
653 1210 1192 1277 aeternumﬂuanivis
1205 1210 1414 1278 quidam
1430 1207 1690 1261 interdum

115 1309 272 1361 etiam
301 1309 417 1376 28
451 1304 698 1359 art-iriiale
720 1303 949 1357 audeant
970 1302 1167 1366 dicere,
1189 1314 1253 1353 ne
1271 1299 1470 1352 Latinrc
1493 1297 1686 1363 lingua:

117 1399 180 1453 de
199 1413 304 1452 sse
318 1400 562 1451 videatur
574 1396 640 1449 ah
655 1395 840 1449 eodem
863 1392 1077 1446 nomine
1099 1390 1385 1455 derivatio,
1402 1398 1454 1441 et
1472 1387 1694 1440 fortasse

123 1487 338 1554 quidem
387 1484 678 1540 secundum
731 1496 935 1536 morem
979 1481 1369 1549 Scripturarum
1424 1477 1694 1531 inveniant

123 1576 204 1631 isi
232 1577 437 1642 aliquid
483 1574 642 1628 etiam
673 1575 864 1628 αἰώνιον
891 1572 1115 1634 dictum,
1139 1569 1278 1637 quod
1308 1569 1424 1622 sine
1454 1569 1557 1621 ﬁne
1586 1581 1690 1619 non

120 1667 224 1717 sit:
261 1666 408 1718 sicut
453 1664 588 1717 Deus
617 1662 669 1716 in
700 1659 848 1714 libris
895 1658 1098 1714 Veteris
1131 1657 1455 1712 Testamenti
1483 1655 1694 1709 assidue

1786 510 1889 548 non
1922 493 2283 547 videmuszde
2327 491 2520 546 divinis
2563 492 2661 545 hoc
2709 490 2858 544 libris
2901 488 3105 557 legatur
3136 495 3188 540 et
3215 499 3336 538 cre-

1785 593 1996 647 dimus:
2029 605 2149 645 nam
2181 589 2537 643 testimonium
2566 603 2633 642 ex
2667 586 2906 656 Apostoli
2941 584 3168 652 Epistula
3198 582 3337 650 quod

1785 683 1853 735 ah
1877 682 1954 736 eis
1984 682 2087 735 dici
2115 681 2291 734 solere
2319 679 2566 748 posuisti,
2598 678 2755 732 etiam
2787 678 2852 732 de
2881 676 3010 730 solis
3039 673 3340 728 hominibus

1789 775 2006 844 intelligi
2040 783 2214 843 potest
2243 791 2258 840 ;
2291 772 2542 842 quoniam
2577 773 2628 826 in
2658 785 2973 838 unoquoque
3002 768 3216 823 homine
3257 776 3338 821 est
3366 782 3368 784 '

1787 866 1962 920 omnis
1982 877 2244 930 creatura,
2274 879 2379 919 non
2411 863 2781 918 universaliter
2810 860 2946 915 sicut
2966 871 3046 913 cst
3065 860 3256 914 coelum
3283 867 3341 911 et

1790 970 1951 1023 terra,
1981 967 2034 1012 et
2063 957 2239 1010 omnia
2266 971 2383 1024 qua:
2408 955 2461 1009 in
2489 955 2565 1008 eis
2587 962 2728 1019 sunt,
2759 953 2852 1007 sed
2890 953 3179 1022 generatim
3209 963 3340 1017 quo-

1791 1048 2103 1105 dammodo:
2119 1047 2238 1115 quia
2261 1054 2314 1103 et
2336 1045 2609 1101 rationalis
2634 1046 2684 1098 in
2711 1044 2800 1097 illo
2817 1029 2918 1106 est,
2935 1057 3091 1111 quam
3115 1040 3195 1094 vel
3223 1054 3344 1108 pro-

1793 1143 1981 1194 bantur
2008 1138 2201 1192 habere
2243 1137 2412 1206 angeli
2441 1136 2520 1191 vel
2552 1136 2872 1199 creduntur,
2899 1142 3042 1188 ctnt
3070 1134 3140 1185 ita
3169 1131 3341 1185 dicam

1793 1227 2072 1294 sensualis,
2096 1240 2198 1295 qua
2246 1237 2300 1280 et
2344 1226 2526 1279 bestize
2568 1239 2672 1278 non
2713 1231 2926 1288 carent;
2959 1229 3176 1275 tttuntur
3204 1221 3344 1273 enim

1794 1319 2038 1374 sensibus
2063 1327 2118 1374 et
2155 1316 2482 1372 sensualibus
2514 1316 2740 1368 motibus
2771 1313 2836 1366 ad
2877 1311 3167 1382 appetenda
3201 1312 3345 1367 utilia

1793 1420 1850 1464 et
1877 1408 2087 1462 titanda
2117 1407 2380 1464 contraria
2407 1423 2419 1458 :
2443 1414 2497 1460 ct
2536 1405 2708 1458 vitalis
2740 1403 2936 1474 privata
2970 1417 3148 1466 sensu,
3177 1403 3344 1470 qualis

1796 1501 1997 1555 adverti
2017 1501 2067 1553 in
2086 1500 2362 1554 arboribus
2381 1506 2572 1566 potest.
2599 1497 2724 1550 Nam
2744 1506 2796 1549 et
2815 1494 2864 1550 in
2891 1495 3038 1548 nobis
3058 1494 3169 1547 sine
3186 1505 3346 1546 sensu

1799 1602 1980 1646 nostro
2021 1592 2152 1644 ﬁunt
2177 1589 2411 1657 corporis
2441 1589 2786 1653 incrementa,
2820 1597 2870 1639 et
2900 1583 3070 1652 capilli
3104 1597 3200 1636 nec
3224 1597 3346 1636 eum

1800 1683 2155 1750 prmeiduntur
2195 1679 2450 1742 sentiunt,
2481 1687 2536 1731 et
2564 1688 2738 1729 tamen
2783 1681 3048 1730 crescunt.
3081 1672 3195 1726 .lam
3222 1685 3346 1724 vero

122 1755 244 1810 d'd‘
273 1770 287 1806 ³
315 1753 431 1807 "0c
459 1751 606 1806 '"bis
630 1751 732 1805 em
754 1749 1042 1842 “agminum
1066 1755 1356 1842 flemum’
1379 1745 1517 1815 q"°d
1545 1745 1693 1842 εἶπ’
1727 1761 1767 1820 Β
1797 1745 1908 1842 ipsa
1939 1770 2232 1841 corporalis
2252 1779 2490 1824 creatura
2520 1766 2816 1822 evidentius
2841 1771 3060 1832 apparet
3087 1764 3139 1816 in
3171 1761 3348 1823 nobis.

119 1861 218 1900 cus
267 1845 436 1900 habet
478 1847 695 1908 αἰώνιον,
725 1855 846 1895 cum
895 1840 963 1894 de
1008 1839 1201 1893 talibus
1245 1834 1588 1891 sacramentis
1625 1849 1690 1889 eo

127 1935 285 1992 modo
310 1950 458 2004 sepe
488 1934 793 2004 praeciperet
824 1946 939 2000 qua:
973 1929 1128 1984 ﬁnem
1171 1927 1380 1984 fuerant
1426 1928 1686 1981 habitura.

123 2031 246 2094 Qua:
269 2027 316 2081 si
341 2026 646 2095 diligentius
667 2024 808 2078 dicta
832 2022 1214 2092 intelligantur,
1239 2037 1301 2075 ea
1326 2021 1549 2075 fortasSe
1573 2035 1692 2089 qua:

126 2117 228 2171 illis
240 2117 591 2172 sacramentis
617 2115 1044 2184 signiﬁcabantur
1068 2117 1225 2169 ﬁnem
1249 2129 1353 2167 non
1377 2121 1529 2168 erant
1547 2113 1695 2167 habi-

128 2219 236 2260 tura
264 2225 279 2272 ;
309 2209 381 2260 ita
409 2207 584 2274 enim,
610 2222 677 2261 ne
709 2206 918 2274 longius
939 2206 1123 2258 abeam
1141 2245 1156 2272 ,
1188 2204 1412 2259 dicimus
1435 2191 1694 2258 aeternum

129 2297 292 2351 Deum
321 2338 335 2353 .
373 2314 480 2352 non
522 2299 700 2365 utique
746 2297 874 2350 istas
905 2296 1036 2349 duas
1064 2295 1403 2351 brevissimas
1442 2296 1695 2365 syllabas,

129 2390 218 2444 sed
249 2390 394 2460 quod
424 2391 502 2446 eis
531 2390 870 2459 signiﬁcatur.
901 2390 964 2444 Et
990 2390 1122 2444 dixit
1146 2390 1430 2459 Apostolus
1461 2399 1697 2458 tempora

131 2493 326 2537 aeterna
354 2524 370 2546 ,
405 2484 577 2552 priora
622 2491 676 2537 et
725 2479 940 2551 antiqua
965 2521 982 2546 ,
1020 2482 1163 2551 quod
1193 2485 1241 2536 in
1273 2483 1463 2537 Graeco
1511 2482 1700 2551 legitur

136 2588 228 2642 pro
259 2575 463 2647 χρόνων
502 2575 728 2627 αἰωνίων.
773 2572 854 2626 Ad
903 2574 1082 2627 Titum
1135 2573 1276 2628 enim
1317 2572 1555 2627 scribens
1583 2573 1697 2625 ait:

136 2665 294 2734 Spem
327 2667 452 2719 vita:
480 2673 692 2718 aeterna
719 2678 875 2732 quam
901 2663 1145 2732 promisit
1173 2677 1278 2717 non
1306 2662 1532 2717 mendax
1562 2662 1699 2716 Deus

139 2765 258 2810 ante
281 2763 525 2823 tempora
552 2761 770 2808 aeterna.
789 2753 919 2807 Cum
945 2764 1121 2807 autem
1145 2760 1436 2807 retrorsum
1466 2760 1701 2821 tempora

140 2859 173 2898 ο.
195 2844 578 2899 constitutione
600 2843 1001 2915 mundi-habere
1017 2843 1291 2898 videantur
1317 2843 1551 2907 initium,
1572 2829 1703 2912 quo-

143 2935 297 2990 ntodo
325 2944 452 2989 sunt
481 2942 708 2998 mterna,
751 2933 849 2986 nisi
887 2933 1006 3000 quia
1036 2944 1233 2988 aeterna
1261 2933 1416 2998 dixit,
1441 2947 1557 3001 qua:
1583 2941 1705 2987 ante

143 3038 198 3079 se
227 3039 346 3079 non-
368 3025 565 3078 habent
595 3023 760 3077 ullum
791 3025 1043 3091 tempus?
1076 3023 1181 3080 Sed
1209 3023 1445 3093 quisquis
1475 3023 1702 3092 prudcno

1791 1879 1907 1932 qua:
1922 1862 2044 1918 licet
2062 1870 2274 1930 exterra
2294 1861 2429 1914 facta.
2450 1869 2606 1928 atque
2625 1859 2844 1912 formata
2865 1858 2953 1923 sit,
2971 1857 3146 1910 insunt
3171 1865 3346 1908 tamen

1792 1955 1864 2009 illi
1887 1970 1950 2008 ex
1983 1953 2228 2008 omnibus
2258 1952 2415 2021 hujus
2440 1953 2680 2020 corporei
2705 1950 2882 2003 mundi
2906 1949 3348 2016 elementisqnaz—

1792 2047 1911 2099 dam
1926 2043 2194 2112 particula:
2206 2042 2270 2095 ad
2287 2040 2597 2111 temperiem
2612 2039 2926 2093 valetudinis
2939 2039 3084 2105 (nam
3098 2046 3150 2091 et
3169 2039 3348 2090 calore

1793 2134 2028 2188 membra
2059 2141 2364 2201 vegetantur
2388 2115 2476 2199 qui
2508 2137 2589 2184 est
2613 2129 2681 2183 ab
2712 2129 2864 2196 igne,
2893 2126 3042 2195 cujus
3071 2127 3228 2180 etiam
3261 2126 3349 2179 lux

1793 2237 1886 2291 per
1922 2223 2108 2283 oculos
2135 2221 2361 2287 emicat,
2391 2228 2443 2274 et
2471 2234 2594 2274 acre
2639 2233 2890 2272 venarum
2922 2217 3190 2271 discursus
3219 2232 3353 2284 quas

1794 2313 2016 2368 arterias
2055 2307 2246 2366 vocant
2283 2325 2441 2380 atque
2481 2309 2804 2380 spiramenta
2835 2307 3096 2376 pulmonis
3126 2307 3354 2374 implen-

1797 2414 1902 2471 tur,
1927 2412 1982 2458 et
2017 2401 2206 2455 humor
2231 2399 2334 2455 nisi
2374 2408 2536 2464 esset,
2564 2399 2706 2453 nulla
2743 2405 3075 2466 sputantenta
3121 2397 3354 2450 conﬁne-

1798 2503 1956 2561 rent,
2004 2494 2271 2561 vitamque
2323 2491 2628 2546 absumeret
2675 2491 2920 2554 siccitas,
2969 2505 3088 2542 nam
3140 2498 3194 2543 et
3241 2489 3356 2557 ipse

1799 2585 2015 2653 sanguis
2045 2584 2262 2639 humido
2292 2583 2444 2653 lapsu
2464 2582 2595 2636 alias
2614 2597 2775 2636 venas
2802 2582 3034 2650 replens,
3053 2580 3202 2648 quasi
3232 2580 3358 2633 rivis

1799 2686 1854 2730 et
1882 2674 2204 2739 ﬂuminibus,
2235 2688 2331 2743 per
2359 2680 2548 2730 cuncta
2577 2671 2929 2742 diffunditur);
2955 2673 3022 2725 ita
3056 2671 3252 2724 nullum
3276 2679 3360 2722 est

1801 2773 2058 2819 creatum
2084 2754 2250 2833 genus
2279 2762 2420 2832 quod
2453 2778 2555 2817 non
2590 2765 2643 2816 in
2675 2761 2891 2816 homine
2917 2762 3084 2831 possit
3115 2760 3360 2828 agnosci.

1805 2859 1884 2912 Ac
1912 2847 1990 2910 sic
2019 2856 2190 2912 omnis
2236 2864 2479 2909 creatura
2520 2854 2572 2907 in
2616 2868 2681 2907 eo
2719 2852 3065 2922 congemis-cit
3105 2863 3158 2906 et
3198 2851 3362 2914 dolet,

1807 2949 2183 3004 revelationem
2214 2949 2441 3002 ﬁliorum
2487 2946 2579 3000 Dei
2608 2954 2950 3016 exspectans,
2975 2959 3095 3013 qua:
3124 2958 3217 3012 per
3243 2957 3363 2997 cor-

1808 3041 1953 3111 poris
1996 3039 2154 3094 etiam
2192 3037 2673 3103 resurrectionem,
2725 3036 2823 3090 etsi
2868 3019 2993 3089 non
3021 3035 3074 3088 in
3123 3034 3366 3088 omnibus

145 3127 223 3170 ter
247 3116 476 3170 adverti:
497 3114 638 3184 quod
667 3114 869 3169 dictum
899 3123 999 3178 est,
1023 3115 1098 3170 lte
1140 3116 1191 3169 in
1220 3115 1394 3184 ignem
1423 3125 1700 3181 aeternum,

1810 3131 2112 3188 hominibus
2132 3171 2147 3197 ,
2176 3130 2348 3184 omnis
2374 3133 2550 3183 tamen
2581 3143 2610 3182 a
2640 3127 2992 3196 corruptionis
3021 3125 3272 3179 servitute
3301 3122 3366 3176 li-

146 3207 270 3262 illtnl
299 3222 424 3263 esse
454 3207 654 3261 dictum
683 3204 821 3274 quod
851 3219 955 3260 non
983 3206 1140 3261 habet
1171 3204 1350 3272 finem,
1380 3221 1410 3260 a
1439 3207 1707 3260 contrario

150 3297 335 3363 probat
363 3313 428 3353 eo
458 3297 571 3367 ipso
599 3297 715 3351 loco
742 3295 1052 3364 evangelico
1079 3296 1147 3351 de
1176 3294 1280 3350 vita
1309 3304 1526 3362 aeterna,
1550 3312 1706 3366 quam

149 3389 267 3458 iusti
296 3389 566 3455 accepturi
594 3395 720 3441 sunt
741 3427 757 3454 ,
781 3403 884 3440 non
923 3386 1064 3440 enim
1095 3395 1148 3440 et
1176 3388 1287 3455 ipsa
1332 3386 1491 3442 habet
1523 3388 1704 3442 ﬁnem.

153 3483 224 3534 Ita
251 3481 397 3535 enim
446 3479 863 3536 concl’usit:Sic
909 3480 1061 3535 ibunt
1103 3480 1180 3534 illi
1222 3480 1273 3534 in
1318 3481 1708 3542 ambustionem

153 3580 423 3636 aeternam,
449 3570 580 3639 justi
607 3579 781 3625 autem
810 3571 866 3624 in
894 3569 1054 3624 vitam
1102 3579 1374 3637 :eternam,
1403 3571 1458 3625 in
1489 3579 1712 3638 utroque

153 3663 368 3718 Graecus
391 3666 588 3718 αἰώνιον
615 3661 794 3716 habet.
843 3661 900 3717 Si
944 3661 1308 3718 misericordia
1341 3676 1438 3717 nos
1467 3672 1717 3731 provocat

155 3751 373 3806 credere
403 3765 506 3804 non
537 3749 766 3803 futurum
793 3748 1074 3818 impiorum
1102 3745 1220 3806 sine
1245 3751 1349 3807 ﬁne
1375 3752 1714 3821 supplicium,

155 3842 272 3910 quid
314 3841 388 3896 de
424 3841 640 3909 praemio
677 3836 936 3909 iustarum
970 3840 1218 3896 credituri
1248 3848 1462 3908 sumus,
1505 3857 1624 3896 eum
1665 3845 1720 3895 in

158 3941 378 4003 utraque
405 3939 554 4000 parte
576 3971 591 3996 ,
617 3931 806 3986 eodem
841 3931 980 3997 loco,
1006 3933 1193 3988 eadem
1219 3935 1508 4000 sententia,
1533 3933 1721 3989 eodem

159 4023 315 4077 verbo
337 4021 708 4093 pronuntietur
729 4021 1034 4075 aeternitas?
1054 4023 1133 4076 An
1156 4022 1348 4078 iterum
1373 4022 1530 4078 etiam
1550 4022 1724 4091 justus

159 4126 222 4165 ex
264 4111 356 4166 illa
399 4109 820 4165 sanctiﬁcatione
848 4117 903 4165 et
932 4111 1048 4164 vita
1068 4123 1268 4167 aeterna
1300 4114 1352 4166 ln
1386 4120 1722 4180 peccatorum

165 4201 550 4256 immunditiam
591 4211 748 4270 atque
791 4200 843 4255 in
893 4212 1120 4258 mortem
1167 4204 1473 4272 relapsuros
1498 4219 1617 4260 esse
1645 4205 1726 4260 di-

165 4294 377 4350 cemus?
405 4294 558 4348 Absit
586 4293 687 4347 hoc
708 4309 734 4346 a
757 4292 1068 4349 Christiana
1093 4293 1212 4348 ﬁdei
1240 4297 1480 4348 sanitate.
1506 4294 1722 4350 Utrum-

165 4399 263 4453 que
313 4385 474 4453 igitur
519 4385 633 4438 sine
680 4383 786 4438 ﬁne
831 4384 1028 4438 dictum
1074 4394 1156 4438 est
1196 4395 1476 4451 aeternum,
1509 4385 1609 4441 hoc
1644 4395 1725 4442 est

167 4478 377 4540 ιίὢνιον,
399 4489 466 4529 ne
489 4489 608 4528 cum
635 4473 827 4528 diaboli
853 4487 1034 4540 poenas
1061 4473 1354 4539 doleamus,
1380 4483 1432 4529 et
1460 4475 1526 4530 de
1555 4490 1721 4545 regno
1755 4456 1801 4515 ο

167 4565 366 4618 Christi
392 4563 712 4617 dubitemus.
737 4561 1012 4617 Postremo
1035 4563 1079 4617 si
1101 4574 1355 4618 aeternum
1378 4573 1431 4618 et
1451 4565 1722 4632 mternale,

170 4651 266 4709 hoc
310 4665 394 4708 est
439 4655 560 4709 αἰὼν
598 4661 652 4707 et
691 4655 903 4717 αἰώνιον,
949 4652 1048 4706 sub
1092 4661 1317 4722 utroque
1356 4654 1623 4708 intellectu
1673 4656 1726 4725 in

170 4743 458 4813 Scripturis
489 4743 610 4812 poni
641 4743 800 4809 solet,
832 4743 1114 4811 aliquando
1138 4744 1253 4797 sine
1284 4743 1410 4810 ﬁne,
1444 4743 1728 4813 aliquando

171 4851 283 4890 cum
313 4835 443 4897 ﬁne,
473 4833 598 4902 quid
650 4832 714 4887 de
765 4833 869 4886 illis
913 4833 1186 4902 propheta:
1217 4832 1395 4887 verbis
1425 4833 1729 4900 responsuri

174 4942 371 4992 sumus,
403 4926 489 4979 ubi
520 4925 772 4990 scriptum
805 4930 886 4975 est
910 4939 924 4975 :
949 4923 1157 4977 Vermis
1184 4936 1370 4976 eorum
1403 4936 1506 4976 non
1537 4923 1730 4977 morie-

176 5025 290 5079 tur,
323 5022 378 5069 ct
405 5014 543 5082 ignis
569 5026 751 5065 eorum
781 5025 883 5064 non
912 5012 1314 5078 exstinguetur?
1351 5011 1732 5080 qualiscunque

176 5120 325 5172 ptena
354 5101 649 5172 significata
675 5101 746 5153 sit
774 5101 988 5154 nomine
1008 5103 1204 5154 vermis
1225 5110 1383 5169 atque
1406 5100 1561 5169 ignis,
1587 5109 1732 5156 certe

175 5193 215 5245 si
245 5210 352 5248 non
382 5196 638 5247 morietur
668 5205 766 5246 nec
792 5190 1177 5260 exstinguetur,
1202 5191 1320 5246 sine
1349 5192 1450 5246 ﬁne
1480 5192 1730 5260 praedicta

181 5294 276 5339 est.

706 5371 928 5428 CAPUT
966 5371 1201 5426 XXXIII.

186 5463 441 5531 Quomodo
469 5463 818 5527 accipiendum
838 5463 933 5514 sit:
953 5463 1127 5514 Omnis
1141 5468 1370 5531 creatura
1389 5461 1672 5531 ingemiscit
1693 5469 1740 5512 et

249 5533 460 5601 parturit
502 5548 656 5598 usque
690 5533 873 5582 adhuc.
913 5531 990 5584 If:
1017 5533 1191 5585 eodem
1225 5529 1351 5584 libro
1383 5529 1740 5597 Responsianis

250 5605 316 5656 ad
337 5602 575 5655 Orosium
605 5601 967 5667 presbyterum.

257 5694 416 5749 Porro
453 5693 520 5748 de
561 5692 675 5748 sole
715 5699 766 5747 ct
807 5691 926 5746 luna
970 5693 1284 5761 cat-terisque
1311 5691 1571 5748 sideribus
1601 5689 1741 5758 quod

1809 3225 2101 3290 berabitur,
2125 3223 2245 3292 quia
2270 3231 2324 3277 et
2345 3225 2397 3276 in
2417 3221 2640 3290 singulis
2659 3219 2830 3273 omnis
2857 3227 2960 3280 est,
2989 3226 3042 3271 ct
3063 3217 3104 3270 si
3135 3230 3241 3284 quo
3263 3216 3368 3270 alio

1812 3315 1972 3370 modo
2002 3315 2208 3378 melius,
2243 3323 2416 3381 potest
2446 3312 2583 3367 idem
2615 3311 2764 3364 locus
2791 3307 3199 3377 apostolicarum
3229 3307 3369 3359 litte-

1813 3424 1989 3464 rarum
2019 3407 2262 3475 intelligi.
2298 3405 2410 3459 Non
2445 3413 2617 3458 tamen
2651 3417 2714 3456 ex
2745 3400 2929 3454 iisdem
2962 3398 3138 3452 verbis
3177 3411 3367 3449 conse-

1814 3515 1981 3570 quens
2010 3507 2092 3553 est
2119 3506 2176 3551 ut
2201 3497 2366 3550 solem
2396 3502 2450 3550 et
2481 3495 2657 3547 lunam
2687 3499 2742 3545 et
2768 3490 2940 3545 sidera
2970 3486 3369 3556 congemiscere

1815 3592 2117 3655 credamus,
2145 3589 2315 3645 donec
2345 3587 2398 3641 in
2426 3585 2604 3641 seculi
2630 3584 2731 3638 ﬁne
2760 3597 2790 3636 a
2817 3580 3172 3650 corruptionis
3198 3579 3372 3633 servi-

1819 3699 1930 3744 tttte
1973 3688 2287 3743 liberentur.
2326 3687 2464 3740 Sane
2488 3681 2737 3750 quoniam
2773 3680 2879 3735 dixi
2912 3680 2978 3734 de
3005 3679 3198 3733 divinis
3226 3677 3376 3732 libris

1820 3779 2024 3846 legatur
2061 3785 2117 3830 et
2152 3774 2418 3829 credimus
2444 3791 2456 3824 :
2481 3787 2549 3827 ne
2597 3783 2648 3825 te
2692 3770 2910 3824 forsitan
2959 3768 3099 3822 fallat
3141 3767 3280 3836 quod
3309 3766 3376 3821 de

1821 3867 1956 3921 libro
1984 3864 2152 3920 sancti
2179 3863 2279 3919 Job
2305 3862 2539 3932 proferre
2578 3860 2829 3926 assolent,
2855 3857 2940 3925 qui
2971 3857 3083 3910 haec
3109 3857 3376 3919 aSscrunt',

1823 3965 1913 4020 ubi
1943 3966 2192 4032 scriptum
2219 3973 2333 4018 est:
2355 3959 2630 4027 Quomodo
2654 3959 2755 4012 erit
2787 3959 2946 4011 lto.no
2988 3955 3164 4023 justus
3191 3968 3370 4008 coram

1825 4055 2082 4110 Domino?
2128 4055 2210 4109 vel
2257 4051 2523 4121 quomodo
2566 4063 2623 4103 se
2670 4047 2942 4101 mundabit
2985 4053 3137 4098 natus
3166 4044 3233 4098 de
3262 4059 3377 4097 mu-

1825 4145 1988 4201 liere?
2019 4145 2064 4199 si
2095 4145 2234 4198 lunae
2262 4141 2498 4212 praecipit
2528 4150 2580 4194 et
2609 4153 2711 4192 non
2745 4138 2906 4204 lucet,
2936 4149 3034 4190 nec
3063 4134 3230 4189 stella:
3254 4143 3380 4188 sunt.

1826 4239 2036 4293 munda)
2076 4245 2197 4290 ante
2241 4248 2386 4297 eum,
2425 4240 2622 4302 quanto
2667 4229 2833 4298 magis
2875 4227 3298 4296 putredO'liomo
3327 4237 3380 4280 et

1828 4328 1962 4381 ﬁlius
1993 4325 2220 4379 hominis
2249 4324 2480 4377 vermis!
2515 4321 2647 4374 llinc
2671 4319 2808 4374 enim
2840 4317 3021 4372 volunt
3050 4316 3293 4384 intelligi,
3325 4327 3382 4370 et

1827 4417 2137 4472 rationalem
2186 4414 2428 4483 spiritum
2473 4411 2668 4466 habere
2704 4408 2904 4473 stellas,
2935 4417 2988 4461 et
3017 4407 3240 4460 mundas
3270 4422 3374 4461 non

1830 4519 1951 4560 esse
1976 4520 2005 4557 a
2034 4511 2275 4572 peccato,
2301 4500 2396 4555 sed
2443 4501 2564 4554 ideo
2609 4499 2658 4553 in
2704 4497 2855 4552 caelis
2883 4510 3027 4558 esse,
3053 4497 3170 4565 quia
3217 4497 3381 4564 majo~

1832 4610 1942 4649 rem
1972 4594 2053 4648 vel
2084 4591 2356 4647 meliorem
2402 4589 2572 4643 locum
2613 4588 2786 4642 minor
2827 4586 2978 4653 culpa
3011 4587 3379 4652 promcruerit.

1831 4684 1944 4738 Non
1992 4698 2086 4753 pro
2134 4681 2443 4736 auctoritate
2470 4679 2643 4733 divina
2688 4677 2842 4732 istam
2886 4675 3201 4729 sententiam
3249 4677 3384 4729 reci-

1834 4774 2076 4843 piendam
2127 4787 2286 4827 esse:
2332 4769 2612 4825 existimo:
2645 4781 2746 4820 non
2791 4766 2931 4818 enim
2971 4779 3090 4818 eam
3135 4766 3246 4831 ipse
3284 4764 3386 4820 Job

1836 4864 2150 4928 enuntiavit,
2178 4877 2263 4918 cut
2311 4859 2580 4931 singulare
2608 4855 2997 4927 quodammodo
3027 4854 3384 4908 teSti.noninm

1831 4956 2083 5009 divinitus
2125 4953 2432 5022 perhibetur
2459 4949 2598 5019 quod
2628 4962 2732 5002 non
2766 4945 3064 5014 peccaverit
3091 4943 3244 4997 labiis
3271 4945 3384 4996 suis

1831 5055 1953 5099 ante
1979 5044 2277 5107 Dominum,
2305 5041 2399 5097 sed
2428 5053 2562 5094 unus
2582 5051 2645 5092 ex
2671 5035 2787 5104 ejus
2816 5035 3000 5088 amicis
3028 5033 3114 5100 qui
3141 5033 3390 5086 consola-

1834 5146 1977 5192 tores
2003 5136 2261 5190 malorum
2291 5133 2417 5188 dicti
2445 5138 2560 5185 sunt
2578 5171 2594 5196 ,
2622 5141 2811 5183 omnes
2837 5135 2889 5180 et
2917 5124 3092 5178 divina
3123 5125 3386 5177 sententia

1835 5229 2124 5298 reprobati.
2166 5227 2315 5282 Sicut
2342 5233 2516 5279 autem
2541 5223 2593 5277 in
2624 5220 2906 5289 Evangelio
2933 5219 3172 5286 quamvis
3203 5232 3384 5270 verum

1838 5320 1905 5374 sit
1945 5318 2161 5373 omnino
2189 5315 2327 5384 quod
2370 5314 2511 5368 dicta
2540 5313 2666 5376 sint,
2700 5325 2802 5365 non
2851 5315 3027 5362 tamen
3070 5309 3244 5361 omnia
3271 5325 3390 5375 qtne

1839 5411 1976 5464 dicta
2027 5418 2152 5463 sunt
2198 5421 2322 5461 vera
2369 5419 2487 5459 esse
2532 5402 2852 5464 creduntur,
2883 5398 3125 5467 quoniam
3167 5398 3328 5450 multa
3362 5414 3390 5450 a

1843 5505 2039 5561 ludatis
2095 5505 2221 5559 falsa
2272 5512 2326 5557 et
2373 5502 2531 5570 impia
2581 5499 2717 5553 dicta
2762 5511 2881 5550 esse
2927 5511 3084 5550 verax
3127 5501 3392 5567 Evangelii

1777 5639 1781 5641 -
1844 5600 2115 5666 Scriptura
2163 5605 2405 5660 testatur,
2434 5593 2592 5646 sicin
2637 5590 2735 5644 hoc
2779 5589 2920 5644 libro
2947 5592 3032 5646 ubi
3063 5595 3241 5645 multa!
3275 5609 3391 5657 per-

1846 5707 1992 5752 sona:
2013 5691 2200 5748 locuta:
2223 5703 2340 5744 esse
2366 5698 2668 5758 narrantur,
2699 5705 2802 5745 non
2825 5688 2994 5742 solum
3024 5684 3146 5755 quid
3169 5685 3394 5750 dicatur,
