3886 6224
535 264 636 321 (ΓΙ

1586 266 1650 321 D.
1693 264 2012 320 EUGYi’i‘ll
2056 263 2342 320 ABliATlS
2380 263 2695 320 AFRICANI
2895 270 2906 302 τ
3673 265 3760 320 εει

533 379 630 436 sed
658 396 686 434 a
715 395 820 449 quo
845 380 1003 434 etiam
1036 380 1238 433 dicatur
1261 375 1704 432 considerandum
1735 384 1818 429 est
1841 416 1856 440 ,
1893 391 1960 430 ne
1987 376 2181 444 ρας-»Α
2208 375 2446 440 deribus,
2470 385 2524 430 ct
2548 377 2662 430 sole
2685 387 2736 430 et
2758 377 2902 439 luna,
2923 384 3098 428 utrum
3124 375 3204 429 vel
3230 375 3522 429 rationales
3551 375 3759 430 habeant

536 470 635 526 sim
677 487 792 539 qua:
818 470 874 524 iu
909 481 1092 524 sancto
1131 469 1267 519 libro
1296 466 1530 534 quolibet
1570 466 1769 534 scripta
1795 475 1918 521 sunt
1961 466 2100 520 reci-

538 562 740 627 pientes
778 574 1028 629 cogamur
1079 556 1249 618 fateri,
1296 555 1436 623 quod
1485 553 1553 610 ab
1583 556 1642 620 it,
1687 569 1814 611 vera
1860 566 1913 610 et
1959 557 2100 625 justa

534 634 702 706 inisse
743 662 866 720 quae
887 647 1076 701 marito
1118 659 1304 700 sancto
1349 646 1540 702 mulier
1571 634 1828 717 insipiens
1851 662 2097 716 suggere-

539 744 668 806 bat,
716 750 776 794 ut
827 739 1026 807 aliquid
1078 738 1336 792 adversus
1394 737 1559 793 Deum
1616 739 1840 806 loquens
1887 736 1957 792 ab
2010 736 2098 793 illa

534 831 845 886 intolerabili
895 845 1049 899 pruna
1099 829 1375 884 moriendo
1426 829 1764 883 liberaretur.
1796 826 1950 893 Quod
1991 842 2099 882 non

532 924 655 977 ideo
676 923 921 985 dixerim,
952 922 1076 990 qu‘a
1120 920 1194 975 illi
1226 920 1379 975 amici
1410 933 1439 972 a
1467 917 1692 973 Domino
1722 917 2014 988 reprobati,
2041 927 2098 973 et

529 1011 598 1064 ab
625 1011 739 1078 ipso
767 1020 953 1065 sancto
1000 1010 1094 1065 Dei
1138 1025 1299 1066 servo
1330 1009 1518 1063 merito
1561 1009 1778 1077 culpati,
1813 1008 1944 1063 nihil
1984 1008 2096 1063 veri

530 1101 674 1170 loqui
719 1110 1036 1170 primertmt,
1083 1104 1172 1156 sel
1216 1100 1337 1167 quia
1379 1114 1486 1152 non
1536 1097 1719 1154 omnia
1767 1113 1888 1168 quae
1934 1098 2095 1154 locuti

531 1204 655 1248 sunt
701 1206 823 1246 vera
869 1191 1096 1262 putanda
1145 1200 1287 1244 sunt.
1332 1189 1588 1256 Quamvis
1627 1191 1771 1246 enim
1813 1190 2095 1246 adversum

528 1283 632 1339 .iub
681 1285 812 1340 nihil
854 1300 1036 1340 velum
1080 1284 1343 1348 dixerint,
1378 1291 1554 1353 potest
1601 1295 1777 1342 tamen
1818 1287 1978 1342 etiam
2027 1303 2094 1347 ex

526 1389 711 1427 eorum
740 1373 914 1429 verbis
939 1372 1166 1442 aliquam
1193 1387 1378 1427 sanam
1423 1375 1745 1429 sententiam
1775 1374 1828 1429 in
1858 1376 2096 1431 testimo-

527 1465 675 1519 nium
705 1465 941 1520 veritatis
969 1478 1264 1530 assumere,
1306 1465 1394 1535 qui
1444 1467 1591 1520 novit
1634 1467 1906 1536 sapienter
1949 1467 2094 1523 dicta

528 1556 850 1616 discernere.
896 1555 1003 1609 Sed
1045 1554 1257 1624 quando
1299 1555 1632 1626 inquirentes
1679 1556 1889 1626 probiri
1939 1559 2092 1615 nobis

527 1647 722 1717 aliquid
762 1647 1002 1701 volumus
1038 1647 1350 1702 testimonio
1386 1657 1692 1704 sanctorum
1731 1649 2092 1721 eloquiorum,

525 1756 632 1795 non
673 1740 828 1795 nobis
871 1740 1078 1795 dicatur
1123 1740 1445 1795 credendum
1486 1756 1608 1798 esse
1646 1743 1810 1797 etiam
1851 1743 1995 1815 quod
2037 1745 2088 1798 in

525 1833 812 1901 Evangelii)
837 1831 1089 1902 scriptum
1112 1843 1214 1900 est,
1243 1835 1288 1890 si
1320 1834 1456 1889 forte
1487 1836 1810 1905 evangelista
1840 1851 1962 1892 eum
1995 1837 2098 1892 hoc

529 1924 734 1979 dixisse
763 1935 1146 1982 commemorat
1173 1928 1256 1981 cui
1288 1927 1419 1982 ﬁdes
1445 1927 1685 1987 habenda
1712 1944 1818 1986 non
1841 1942 1943 1984 est.
1970 1930 2099 1984 Nam

523 2019 724 2074 dictum
774 2027 856 2073 est
905 2018 1016 2072 illic
1050 2034 1080 2073 a
1110 2018 1309 2076 Juda'eis
1357 2020 1583 2076 Domino
1622 2019 1840 2078 Christo
1872 2021 2100 2077 :Nonne

524 2123 710 2165 verum
740 2108 988 2176 dicimus,
1019 2111 1140 2180 quia
1181 2109 1548 2181 Samaritanus
1591 2125 1672 2178 es,
1695 2118 1752 2166 et
1777 2112 2097 2167 daemonium

523 2197 890 2269 babes?quam
912 2212 1096 2254 vocem
1117 2205 1262 2273 tanto
1279 2199 1505 2268 amplius
1525 2200 1872 2267 detestamur,
1892 2209 2094 2272 quanto

525 2289 680 2344 nobis
723 2289 966 2345 Christus
1009 2299 1093 2345 est
1131 2290 1372 2344 cbarior:
1398 2291 1649 2346 emissam
1694 2299 1870 2346 tamen
1916 2306 2038 2347 esse
2065 2295 2095 2346 a

524 2379 720 2436 ludatis
764 2379 1007 2436 dubitare
1059 2395 1164 2435 non
1216 2395 1540 2450 possumus,
1584 2381 1675 2451 qui
1729 2382 2091 2452 evangelicam

525 2471 879 2526 narrationem
924 2472 1254 2529 verissimam
1300 2473 1599 2540 credimus;
1640 2476 1709 2528 ita
1743 2489 1842 2530 nec
1867 2489 2099 2546 evange-

525 2565 660 2618 listze
706 2565 1025 2633 derogamus
1069 2563 1226 2619 ﬁdem
1274 2565 1567 2629 scribenti,
1608 2573 1664 2619 et
1703 2563 1870 2619 Judaei
1913 2579 2096 2620 vocem

527 2652 948 2723 hlaspbemantis
977 2654 1275 2710 horremus.
1299 2654 1408 2709 Nec
1435 2655 1609 2710 solum
1636 2655 1815 2725 impiis
1835 2665 1889 2711 et
1912 2656 2096 2711 nefan-

423 2764 427 2769 ’
532 2743 616 2799 dis
645 2744 948 2799 hominibus
973 2785 991 2810 ,
1027 2743 1123 2800 sed
1153 2759 1252 2801 nec
1285 2744 1416 2814 ipsis
1444 2746 1496 2801 in
1530 2746 1636 2801 ﬁde
1665 2747 1897 2816 parvulis
1922 2747 2097 2803 adhuc

495 2835 752 2912 :rudihus
781 2843 836 2890 et
863 2833 1093 2891 indoctis
1122 2837 1209 2906 qui
1243 2835 1381 2892 forte
1421 2836 1494 2892 ibi
1537 2836 1817 2906 loquentes
1857 2852 2098 2893 comme-

495 2926 801 2988 Imnrantur
830 2941 1078 2998 tanquam
1108 2932 1376 2987 canonica;
1405 2933 1513 3004 29
1539 2933 1845 2989 auctoritati
1877 2949 2090 2992 accom-

503 3023 800 3079 ‘rnodamus
846 3023 1025 3078 ﬁdem.
1054 3023 1234 3093 Neque
1279 3025 1421 3078 enim
1465 3025 1586 3094 quia
1627 3024 1719 3080 ille
1761 3025 1914 3094 cujus
1960 3025 2088 3081 caici

2205 465 2424 535 spiritus
2457 468 2508 518 in
2540 467 2622 520 his
2650 467 2950 535 conspicuis
2980 480 3161 535 corpo-
3176 465 3293 521 ibus
3317 465 3629 537 lucidisque,
3655 483 3758 540 qua:

2201 569 2426 621 corpora
2466 569 2587 610 esse
2629 558 2718 624 qui
2762 557 3007 622 dubitat,
3047 557 3175 627 quid
3213 558 3287 614 sit
3321 558 3537 615 omnino
3574 574 3758 629 corpu

2201 644 2429 713 ignorat.
2478 645 2658 714 Neque
2694 646 2791 701 ista
2823 648 3046 702 multum
3074 646 3139 701 ad
3167 661 3268 703 nos
3302 650 3592 719 pertinent,
3621 658 3676 704 at
3695 663 3750 704 ea

2197 749 2409 791 summo
2437 739 2616 794 studio
2646 739 2897 809 indagare
2926 755 3177 798 curemus
3215 757 3332 810 qua
3356 750 3559 798 remota
3580 751 3700 800 sunt
3727 758 3754 794 a

2197 826 2446 882 sensibus
2471 829 2670 883 nostris
2693 839 2748 884 et
2767 830 2835 883 ab
2858 831 3131 885 intellectu
3153 830 3478 888 inﬁrmitatis
3501 834 3752 898 hum,

2200 931 2298 973 nec
2327 918 2380 972 in
2405 917 2532 988 ipsis
2562 919 2846 988 Scripturis
2876 921 2948 977 ita
2983 920 3175 990 posita.
3212 934 3270 977 ut
3301 921 3454 976 nobis
3480 936 3664 979 eorum
3688 925 3751 978 sit

2197 1008 2446 1063 mandata
2468 1009 2739 1080 cognitio;
2769 1010 2876 1065 imo
2903 1025 3033 1067 vero
3059 1027 3126 1068 ne
3147 1011 3406 1082 praecipiti
3433 1013 3748 1081 suspicione.

2198 1097 2253 1152 in
2279 1097 2483 1158 tabulas
2509 1099 2799 1172 sacrilegas
2837 1101 3127 1168 irruamus,
3153 1103 3348 1158 clamat
3375 1100 3645 1172 Scriptura
3669 1101 3741 1156 di-

2195 1191 2318 1248 vina
2343 1207 2358 1246 :
2382 1190 2583 1246 Altiora
2613 1201 2664 1250 te
2691 1207 2758 1251 ne
2781 1192 3080 1263 quaesieris,
3107 1201 3164 1249 et
3190 1191 3409 1249 fortiora
3443 1204 3498 1250 te
3524 1209 3590 1250 ne
3611 1208 3745 1249 scru-

2202 1288 2345 1336 tatus
2373 1278 2558 1338 fueris.
2587 1282 2694 1341 Sed
2723 1299 2842 1356 qua:
2863 1285 2958 1341 tibi
2983 1286 3232 1355 praecepit
3257 1285 3533 1350 Dominus,
3555 1285 3637 1339 illa
3661 1300 3744 1340 co-

2194 1377 2301 1445 gita
2325 1390 2535 1448 semper
2559 1395 2574 1432 :
2599 1388 2660 1434 ut
2679 1382 2844 1450 magis
2867 1382 2919 1436 in
2945 1379 3066 1438 istis
3087 1383 3367 1438 temeraria
3391 1383 3740 1452 presumptio,

2195 1484 2353 1540 quam
2396 1481 2550 1529 cauta
2580 1473 2845 1541 ignoratio
2871 1474 3133 1544 culpanda
3177 1477 3437 1531 videatur.
3477 1477 3634 1532 Certe
3673 1477 3741 1530 ait

2194 1559 2515 1627 Apostolus:
2547 1561 2874 1638 Sivepedes,
2903 1565 3016 1621 sive
3038 1563 3446 1629 dominationes.
3476 1565 3588 1621 sive
3609 1567 3742 1635 [nin-

2194 1651 2424 1722 cipatus,
2451 1654 2562 1711 sive
2585 1665 2890 1723 potestates.
2917 1657 3046 1713 Esse
3067 1657 3247 1726 itaque
3261 1656 3438 1722 sedes,
3459 1657 3572 1712 sive
3589 1656 3742 1711 domi-

2125 1739 2166 1798 Β
2195 1746 2456 1811 nationes,
2487 1746 2838 1819 principatus,
2871 1757 3161 1817 potestates
3187 1749 3245 1804 in
3267 1749 3569 1805 celestibus
3591 1763 3738 1818 appa-

2198 1836 2402 1890 ratibus
2430 1837 2732 1894 lirmissime
2760 1838 2944 1906 credo,
2974 1848 3030 1895 et
3056 1839 3272 1896 diﬁerre
3317 1840 3454 1896 inter
3476 1854 3533 1895 se
3556 1839 3738 1910 aliquid

2200 1926 2495 1982 indubitata
2525 1929 2628 1986 ﬁde
2651 1939 2830 1986 teneo.
2858 1931 2961 1988 Sed
2991 1946 3097 2001 quo
3128 1947 3214 1988 me
3239 1941 3565 2000 contemnas,
3590 1949 3735 2002 q

2172 2035 2445 2088 magnum
2476 2031 2631 2090 putas
2656 2037 2777 2078 esse
2805 2024 3099 2090 doctorem,
3130 2039 3374 2093 quamam
3415 2026 3511 2081 ista
3550 2025 3668 2089 sint,
3693 2034 3742 2078 et

2196 2110 2321 2178 quid
2355 2111 2492 2166 inter
2514 2099 2574 2167 se
2601 2112 2846 2169 diﬂcrant
2875 2116 3075 2182 nescio,
3107 2131 3205 2171 nec
3227 2130 3288 2172 ea
3307 2129 3442 2170 salte
3466 2115 3738 2185 ignorantia

2199 2203 2484 2272 periclitari
2514 2221 2599 2260 me
2630 2216 2786 2274 puto,
2813 2205 2950 2263 sicut
2994 2208 3046 2262 in
3093 2209 3418 2273 obedientia,
3461 2208 3504 2263 si
3550 2207 3737 2262 Domini

2196 2303 2464 2363 praerepta
2509 2296 2833 2363 neglexero,
2870 2307 2924 2351 et
2967 2296 3089 2352 ideo
3134 2308 3260 2366 puto
3299 2296 3488 2367 spiritu
3531 2295 3615 2351 Dei
3652 2311 3738 2364 per

2196 2394 2447 2442 auctores
2491 2400 2705 2443 nosnos
2743 2390 3034 2458 scriptores
3076 2399 3381 2445 sanctorum
3409 2388 3737 2456 eIOQuionII-I.

2195 2488 2300 2528 non
2327 2474 2482 2543 plene
2504 2477 2785 2546 exposita,
2815 2478 2908 2533 sed
2937 2479 3128 2545 raptim
3170 2487 3308 2532 tacta
3347 2488 3502 2546 atque
3541 2475 3738 2542 [ventri-

2194 2573 2302 2631 cta,
2332 2573 2392 2620 ut
2417 2566 2465 2621 si
2495 2567 2578 2620 cui
2610 2567 2746 2622 forte
2774 2569 2866 2622 tali
2892 2570 3076 2638 quales
3114 2584 3212 2623 nos
3250 2582 3435 2623 sumus
3477 2583 3565 2636 per
3599 2566 3736 2619 altio-

2194 2669 2310 2710 rem
2336 2657 2720 2712 revelationem
2747 2658 2947 2728 aliquid
2979 2659 3279 2728 huiusmodi
3323 2659 3480 2714 luerit
3514 2657 3737 2712 domins-

2195 2753 2415 2811 tratnm,
2443 2763 2546 2801 non
2575 2762 2635 2802 se
2666 2748 2945 2803 inferiores
2977 2749 3136 2805 fuisse
3163 2749 3350 2804 credat
3384 2762 3475 2804 eos
3502 2763 3588 2818 per
3614 2761 3734 2815 quos

2196 2836 2351 2891 nobis
2398 2839 2775 2893 canonicarum
2823 2838 3212 2907 Scripturarum
3264 2848 3448 2894 sancta
3499 2836 3733 2907 praeusti:

2194 2927 2493 2983 ministrata
2521 2938 2667 2984 sunt.
2694 2929 2958 2997 Quantum
2988 2931 3128 2986 enim
3150 2933 3380 3000 quisque
3399 2929 3603 2985 sciendo
3626 2942 3732 2998 pro-

2192 3015 2399 3086 fecerit,
2423 3027 2567 3073 tanto
2585 3035 2645 3074 se
2666 3018 2803 3075 infra
2829 3020 2948 3076 illas
2968 3021 3175 3077 litteras
3195 3021 3448 3087 inveniet,
3473 3033 3596 3091 quas
3613 3019 3732 3073 Deus

503 3115 632 3171 =nati
663 3114 844 3170 oculos
868 3113 1122 3169 Dominus
1145 3091 1426 3183 aperuerat
1449 3091 1554 3181 ait,
1584 3115 1797 3172 Scimus
1817 3091 1936 3182 quia
1968 3131 2088 3187 pec-
2111 3091 2161 3154 (ἶ
2191 3116 2438 3180 tanquam
2468 3111 2856 3168 ﬁrmamentum
2901 3127 3062 3183 supra
3097 3113 3275 3171 omnia
3316 3114 3542 3168 humana
3585 3111 3724 3167 and:

525 3217 733 3261 eatores
761 3205 897 3260 Dens
927 3219 1033 3258 non
1059 3205 1294 3272 exaudit,
1323 3203 1444 3260 ideo
1466 3206 1620 3261 istam
1648 3207 1967 3262 sententiam
1993 3223 2091 3278 pro

519 3297 824 3366 cvangelica
857 3298 1169 3351 auctoritate
1197 3296 1274 3351 sic
1300 3296 1555 3353 debemus
1582 3297 1845 3367 accipere,
1875 3311 1930 3355 ut
1960 3299 2090 3371 ipsis

526 3388 584 3440 in
611 3384 896 3455 Evang-lio
925 3386 1102 3440 verbis
1129 3386 1334 3441 Domini
1365 3387 1693 3453 resistamus,
1727 3390 1817 3459 qui
1848 3405 1970 3446 eum
1999 3391 2089 3460 qui

529 3476 661 3530 dixit
681 3519 694 3539 ,
720 3476 960 3541 Domine,
996 3476 1255 3547 propitius
1280 3490 1397 3533 eSto
1427 3478 1558 3533 mihi
1606 3480 1895 3547 peccntori,
1921 3481 2090 3549 magis

525 3568 872 3638 justilicatum
928 3567 1272 3623 descendisse
1325 3568 1392 3622 de
1445 3567 1643 3637 templo
1696 3585 1855 3638 quam
1911 3569 2092 3638 phari-

2190 3199 2494 3255 constituit.

2717 3332 2944 3388 CAPUT
2988 3333 3230 3388 XXXIV.

2263 3443 2392 3498 Item
2419 3460 2483 3499 ea:
2509 3445 2639 3500 libro
2656 3448 2720 3502 de
2747 3446 3056 3512 Iliensibus,
3099 3449 3164 3501 de
3214 3465 3387 3503 errore
3425 3448 3666 3517 Origenis.

2262 3561 2411 3615 Alios
2439 3571 2617 3616 autem
2644 3562 2990 3632 Origenianos
3020 3563 3276 3618 continuo
3323 3531 3494 3632 sulijie
3515 3578 3606 3618 ens
3632 3561 3728 3628 Epi-

526 3673 692 3712 szeum
733 3657 964 3724 justitias
1002 3671 1125 3710 suas
1168 3668 1676 3713 commemorantem
1706 3669 1863 3727 atque
1884 3658 2093 3728 jactan-

2197 3650 2422 3719 pbanius
2446 3669 2459 3704 :
2489 3651 2825 3723 Origeniani,
2855 3653 3057 3723 inquit,
3087 3653 3212 3718 alii,
3233 3653 3326 3718 qui
3355 3655 3512 3708 etiam
3539 3664 3589 3706 et
3615 3651 3729 3706 Ada-

528 3760 635 3802 tem
664 3747 838 3801 divina
867 3760 996 3800 voce
1023 3746 1271 3799 ﬁrmavit.
1302 3741 1410 3800 Nec
1440 3757 1752 3802 succenseat
1777 3749 1875 3803 iste
1904 3763 2093 3804 recens
2193 3745 2377 3799 manlii
2411 3746 2709 3815 tractatoris
2737 3744 2830 3815 qui
2857 3755 2911 3801 et
2939 3753 3268 3799 mortuorum
3312 3747 3727 3800 resurrectionem

528 3841 859 3895 illuminatus
889 3840 940 3893 in
970 3853 1131 3894 carne
1163 3837 1303 3906 quod
1333 3852 1456 3893 eum
1488 3839 1718 3894 diximus
1747 3839 1799 3892 in
1830 3855 1941 3895 sum
1969 3840 2091 3896 ﬁdei
2190 3834 2472 3902 repellunt,
2492 3809 2770 3891 Christum
2784 3845 2960 3890 autem
2979 3844 3277 3891 creaturam
3300 3844 3354 3890 et
3372 3835 3606 3906 spiritum
3628 3848 3729 3886 saa-

529 3931 799 3992 tirocinio,
818 3929 1030 4000 quando
1051 3927 1224 3982 adhuc
1251 3929 1368 3996 quis
1389 3937 1534 3982 esset
1559 3929 1648 3998 qui
1672 3943 1793 3982 eum
1815 3939 2094 3985 sanaverat
2192 3932 2332 3980 ctum
2364 3924 2763 3980 introducentes
2800 3924 2963 3997 [illius
3007 3926 3094 3994 qui
3132 3932 3189 3979 et
3211 3937 3539 3980 mortuorum
3578 3939 3726 3978 rcssr-

528 4024 818 4087 nesciebat,
851 4022 1024 4075 minus
1064 4021 1499 4089 circumspectam
1552 4021 1836 4090 protulisse
1879 4030 2095 4077 senten-
2194 4016 2489 4071 rectionem
2530 4024 2729 4086 negant
2777 4031 2794 4072 :
2841 4016 3112 4072 Christum
3166 4024 3344 4072 autem
3403 4027 3460 4073 et
3505 4017 3727 4086 Spiritui

528 4119 653 4169 tiam
698 4114 817 4180 quia
868 4109 1174 4182 peccatores
1221 4112 1361 4168 Deus
1402 4128 1507 4167 non
1555 4113 1800 4180 exaudit,
1843 4128 1965 4168 cum
1991 4115 2094 4184 ipsi
2196 4117 2443 4160 sanetum
2497 4115 2798 4161 creaturam
2841 4107 3083 4177 dicuntl;
3125 4108 3428 4175 paradisum
3481 4117 3644 4161 autem
3687 4117 3726 4157 rt

525 4205 749 4276 apostoli
781 4219 890 4272 pra:
935 4205 1139 4257 caeteris
1168 4204 1322 4258 electi
1346 4245 1360 4265 ,
1391 4213 1444 4258 et
1477 4201 1684 4257 Domini
1727 4205 1981 4258 lateribus
2006 4220 2098 4261 co-
2198 4196 2387 4260 εωιοε,
2417 4205 2473 4251 ει
2499 4196 2605 4250 Μία
2625 4198 2802 4251 omnia
2835 4197 3264 4266 allegoriunles.
3308 4198 3432 4252 llzl‘c
3459 4196 3726 4266 Quid-ﬁdo

528 4298 808 4361 hercules,
827 4287 1060 4364 ejusque
1087 4309 1180 4349 ore
1211 4295 1521 4362 pendentes,
1556 4296 1716 4347 multa
1749 4295 2094 4362 reperiantur
2198 4291 2427 4359 Origene
2459 4289 2805 4358 Epiphanius,
2841 4289 2936 4345 sed
2982 4289 3071 4358 qui
3102 4304 3225 4343 eum
3265 4288 3568 4349 defendunt,
3597 4289 3725 4340 unius

527 4387 868 4460 improbanda
914 4386 1113 4441 dixisse
1139 4426 1152 4450 ,
1201 4401 1318 4454 quae
1365 4399 1791 4440 commemorare
1834 4387 2091 4456 prolixum
2126 4444 2171 4460 λ
2196 4379 2542 4449 ejusdemque
2570 4380 2878 4434 substantias
2905 4393 3024 4434 esse
3048 4379 3230 4434 dicunt
3274 4381 3514 4434 docuisse
3544 4378 3722 4431 Patre-nn

528 4493 609 4534 Cal
636 4500 648 4532 :
677 4481 744 4532 ita
774 4487 831 4531 ut
856 4480 1038 4531 beatus
1065 4477 1252 4532 Petrus
1299 4476 1367 4530 de
1404 4476 1724 4545 quibusdam
1754 4478 1932 4531 verbis
1956 4479 2088 4544 suis,

531 4585 637 4624 non
665 4570 832 4622 solum
864 4565 1204 4635 reprehendi,
1229 4568 1322 4620 sel
1370 4567 1529 4620 etiam
1579 4565 1804 4619 Satanas
1835 4565 2090 4632 appellari

529 4659 797 4715 meruerit.
827 4658 1134 4725 Quanquam
1183 4657 1234 4709 in
1284 4657 1685 4722 comparatione
1721 4656 1942 4723 iustitia:
1972 4655 2088 4722 Dei,

527 4749 610 4803 sic
659 4760 754 4799 nec
799 4746 963 4799 sancti
1006 4747 1057 4796 in
1100 4744 1248 4798 ctelis
1284 4744 1458 4812 angeli
1487 4743 1618 4811 justi
1664 4758 1784 4798 esse
1825 4744 2090 4808 dicantur,

439 4878 442 4882 ι
532 4854 637 4893 non
667 4835 792 4888 mihi
827 4834 1028 4886 videtur
1059 4834 1355 4901 importuna
1404 4835 1686 4897 sententia,
1723 4847 1827 4886 non
1879 4834 1999 4901 quia
2034 4840 2091 4885 ut

459 4915 470 4926 ’
530 4932 630 4984 hoc
652 4933 832 4983 essent
856 4939 882 4977 a
907 4924 1110 4992 justitia
1139 4927 1266 4994 lapsi
1298 4935 1443 4988 sunt,
1467 4924 1559 4978 sed
1583 4925 1705 4993 quia
1721 4924 1854 4978 facti
1886 4933 2010 4979 sunt
2036 4937 2091 4979 et

528 5022 666 5076 Deus
697 5034 800 5072 non
832 5023 975 5080 sunt,
1004 5024 1310 5084 tantumque
1337 5017 1590 5085 spiritalis
1637 5016 1850 5068 luminis
1895 5016 2092 5070 habere

527 5131 631 5169 non
665 5117 902 5180 possunt,
935 5117 1188 5176 quantum
1235 5107 1388 5161 habet
1438 5108 1551 5176 ipse
1575 5122 1604 5160 a
1634 5123 1737 5176 quo
1775 5106 1897 5160 [neti
1940 5116 2087 5160 sunt.

528 5205 626 5261 Ubi
673 5203 816 5257 enim
870 5213 1075 5254 summa
1102 5197 1330 5265 justitia,
1360 5199 1429 5251 ibi
1479 5213 1684 5252 summa
1727 5201 2006 5266 sapientia,
2037 5206 2092 5250 et

526 5299 628 5351 hoc
659 5297 796 5349 Dens
825 5301 924 5359 est,
957 5293 1023 5346 tle
1055 5305 1157 5358 quo
1185 5289 1381 5343 dictum
1411 5296 1494 5343 est
1519 5308 1531 5341 :
1556 5287 1666 5342 Soli
1696 5288 1920 5356 sapienti
1957 5288 2083 5339 Dco.

523 5385 629 5441 Sed
657 5385 756 5438 alia
782 5386 1002 5450 qumstlo
1026 5390 1127 5442 est,
1162 5389 1416 5448 quantum
1444 5378 1659 5446 justitize
1691 5379 1856 5445 ipsius
1878 5378 2090 5446 capiant

527 5475 717 5545 angeli,
747 5481 1107 5541 quantumque
1139 5487 1242 5524 non
1279 5468 1508 5537 capiant.
1549 5467 1712 5536 Cujus
1741 5470 1880 5522 enim
1926 5469 2086 5535 parti-

524 5563 789 5630 cipatiOue
835 5562 961 5631 justi
1004 5571 1170 5626 sunt,
1222 5559 1338 5629 ejus
1383 5561 1776 5626 comparatione
1825 5574 1920 5611 nec
1964 5559 2086 5625 justi

533 5665 673 5706 sunt.
704 5652 808 5706 Sed
839 5653 939 5705 alia
968 5663 1069 5721 est,
1103 5661 1154 5704 ut
1201 5652 1328 5715 dixi,
1364 5653 1464 5704 ista
1509 5649 1751 5718 qua-stic,
1785 5650 1886 5703 alia
1920 5649 1984 5704 dc
2015 5651 2088 5704 si-

2197 4483 2251 4527 et
2283 4471 2474 4526 Filium
2505 4481 2561 4524 et
2589 4471 2847 4538 Spiritum
2885 4483 3125 4526 sanctum
3156 4487 3172 4536 ;
3206 4471 3382 4540 ncqtie
3421 4468 3724 4525 resurrectur-

2198 4560 2321 4616 nem
2353 4565 2612 4630 repulisse
2663 4570 3014 4625 mortuorum,
3066 4562 3309 4630 quamvis
3333 4577 3455 4614 eum
3482 4571 3533 4615 et
3560 4560 3606 4611 in
3633 4561 3724 4610 istis

2196 4657 2515 4711 convincere
2558 4654 2807 4711 studeant
2857 4655 2944 4722 qui
2995 4655 3109 4722 ejus
3156 4657 3304 4722 plura
3348 4657 3600 4723 legerunt.
3637 4653 3720 4706 Sel

2198 4756 2321 4801 sunt
2366 4746 2522 4814 hujus
2569 4744 2813 4814 Origenis
2857 4745 2958 4798 alia
3016 4744 3288 4815 dogmata,
3343 4761 3461 4815 quae
3499 4744 3721 4799 catholica

2196 4836 2430 4890 Ecclesia
2457 4836 2677 4890 omnino
2716 4849 2817 4888 non
2865 4836 3079 4903 recipit,
3122 4834 3176 4888 in
3221 4836 3416 4904 quibus
3461 4851 3552 4890 nec
3579 4835 3719 4902 ipsum

2196 4926 2330 4981 falso
2373 4926 2562 4995 arguit,
2617 4939 2714 4979 nec
2757 4932 2933 4992 potest
2957 4926 3024 4978 ab
3050 4924 3166 4991 ejus
3209 4923 3576 4979 defensoribus
3611 4923 3715 4975 ialli.

2197 5019 2427 5072 Maxime
2463 5017 2529 5073 de
2586 5016 2904 5086 Purgntione
2946 5026 3000 5070 et
3049 5017 3417 5082 Liberatione,
3460 5032 3520 5072 ac
3566 5029 3719 5070 rursus

2196 5119 2317 5177 post
2341 5109 2556 5177 longum
2600 5118 2806 5175 tempus
2831 5107 2897 5160 ad
2926 5107 3114 5161 eadem
3154 5108 3293 5161 mala
3320 5109 3632 5164 revolutioue
3652 5121 3717 5157 ra-

2201 5197 2412 5250 tionalis
2462 5196 2722 5251 universas
2768 5206 3050 5252 creziturze.
3100 5197 3230 5263 Quis
3286 5200 3426 5253 enim
3463 5199 3717 5252 catholicus

2193 5287 2524 5342 Chrisﬁanus
2551 5291 2628 5341 νισι
2658 5287 2901 5342 indoctus
2930 5303 3033 5342 non
3078 5291 3422 5344 vehementer
3466 5289 3713 5344 exborrat

2194 5391 2309 5430 eam
2333 5394 2486 5445 quam
2519 5380 2646 5433 dicit
2696 5381 3054 5447 purgationem
3097 5383 3379 5444 malorum,
3414 5382 3460 5435 id
3483 5393 3556 5436 εει
3575 5382 3706 5435 etiam

2192 5484 2284 5522 eos
2307 5469 2392 5536 qui
2427 5471 2560 5523 hanc
2601 5470 2760 5522 vitam
2794 5472 2843 5524 in
2895 5470 3110 5540 ﬂagitiis
3136 5483 3190 5524 et
3218 5471 3533 5527 facinoribus
3571 5482 3617 5525 ct
3639 5484 3707 5523 sa-

2192 5559 2426 5628 crilegiis
2451 5571 2608 5627 atque
2637 5561 2991 5627 impietatihus
3012 5563 3304 5630 quamlibet
3328 5564 3564 5617 maximis
3583 5561 3705 5614 ﬁnie-

2191 5662 2342 5716 runt,
2375 5651 2546 5720 ipsum
2599 5652 2757 5707 etiam
2807 5661 3075 5722 postremo
3121 5653 3388 5709 diabolum
3433 5665 3484 5709 et
3519 5650 3699 5722 angelos
