3886 6224
171 325 283 385 62')

1368 317 1795 377 TllESAURUS.
1835 314 1988 372 αΑΡ.
2031 313 2246 380 XXXV.

3326 310 3432 363 δέ)

171 443 318 506 eius,
361 443 609 511 quamvis
655 449 770 510 pt)~l.
822 438 1128 507 longissima
1174 443 1417 504 tempora
1438 476 1455 502 ,
1503 441 1759 506 purgatos
1787 435 1831 494 Α
1863 429 2121 498 lapsibus,
2146 436 2238 482 aut
2255 436 2403 483 certe
2425 427 2492 482 de
2517 428 2757 483 omnium
2787 442 2964 483 rerum
3005 426 3292 511 generibus
3310 443 3433 494 qure.

171 545 340 604 atque
371 535 627 589 liberatos
655 547 818 602 regno
847 531 937 585 Dei
967 530 1178 599 lucique
1219 527 1463 595 restitui;
1493 536 1549 584 et
1569 543 1755 582 rursus

170 636 298 696 post
322 626 634 695 longissima
659 632 896 694 tempora
926 637 1112 679 omnes
1149 623 1240 692 qui
1272 622 1485 677 liberali
1514 631 1643 678 sunt
1686 621 1750 674 ad

170 714 294 772 hac
320 717 462 771 mala
490 717 669 771 denuo
698 715 863 772 relabi
889 725 942 770 et
972 715 1191 781 reverti,
1218 725 1274 770 et
1304 713 1400 770 has
1430 715 1576 769 vices
1596 713 1754 768 alter-

171 818 370 863 nantes
398 807 788 862 beatitudinum
837 816 890 862 et
918 807 1255 863 miseriarum
1284 803 1563 860 rationalis
1601 819 1752 859 erea-

172 909 313 952 tum
334 912 547 967 semper
571 898 757 962 fuisse,
787 912 1004 965 semper
1048 896 1198 950 fore?
1241 896 1314 952 De
1341 911 1442 964 qua
1466 893 1753 950 vanissima

170 986 457 1054 impietate
504 990 790 1041 adversum
824 985 1168 1055 philosophos
1204 1000 1235 1040 a
1265 986 1459 1056 quibus
1489 986 1586 1040 ista
1616 985 1755 1040 didi-

169 1076 253 1130 cit
281 1076 544 1146 Origenes
574 1078 627 1131 in
656 1077 808 1132 libris
836 1076 904 1130 de
949 1077 1174 1132 Civitnte
1217 1077 1311 1132 Dei
1349 1076 1757 1148 diligentissime

170 1165 475 1234 disputavi,
497 1182 559 1222 ac
581 1167 725 1222 idem
755 1168 810 1221 in
838 1167 1175 1223 duodecimo.

706 1299 935 1357 CAPUT
997 1299 1214 1357 XXXV.

171 1409 371 1469 Contra
416 1426 505 1469 eos
557 1414 641 1482 qui
690 1413 1017 1468 resolutionis
1063 1414 1303 1466 circuitus
1329 1412 1662 1480 induxerunt,
1691 1427 1756 1466 ea:

605 1484 734 1537 libro
768 1499 836 1538 xtl
887 1487 948 1536 de
977 1483 1188 1538 Ciuitate
1218 1483 1334 1537 Dei.

247 1596 588 1667 Quapropter
607 1599 746 1666 quod
772 1613 869 1651 nos
898 1597 1056 1651 modo
1080 1597 1364 1667 quaerimus
1388 1605 1507 1666 post
1526 1597 1759 1666 quinque

173 1690 346 1746 millia
366 1730 384 1756 ,
413 1701 470 1747 et
495 1691 634 1762 quod
666 1690 848 1764 [quod
877 1687 1142 1760 amplius]
1173 1687 1432 1754 excurrit,
1463 1701 1754 1754 annorum,

1859 521 2106 576 oriuntur
2130 529 2290 588 atque
2313 519 2585 574 occidunt.
2611 522 2847 576 Fuerunt
2872 521 3018 576 enim
3049 508 3294 575 homines
3312 528 3436 576 ante

1860 625 1982 678 nos,
2012 619 2135 663 sunt
2163 618 2220 665 et
2256 608 2560 672 nobiscum,
2607 618 2766 672 erunt
2807 620 2862 665 et
2913 619 3032 681 post
3085 622 3204 663 nos.
3255 608 3436 678 Itaque

1857 697 2169 764 animantia,
2222 698 2308 753 vel
2355 698 2596 763 arbusta,
2639 711 2874 753 monstra
2903 715 3116 769 quoque
3163 701 3276 770 ipsa
3315 714 3435 769 qua:

1860 790 2106 846 inusitata
2135 797 2444 856 nascuntur,
2471 791 2716 860 quamvis
2746 790 2964 851 in'erse
2991 792 3200 847 diversa
3223 790 3356 858 sint,
3381 802 3434 846 et

1859 881 2105 949 quredam
2128 895 2316 936 eorum
2350 880 2520 936 semel
2548 882 2684 935 facta
2710 888 3018 948 narrentur,
3051 890 3224 937 tamen
3246 897 3436 937 secun-

1856 971 1979 1024 dum
2012 971 2065 1025 id
2096 970 2234 1040 quod
2263 969 2587 1040 generaliter
2632 968 2888 1024 miracula
2919 978 2974 1025 et
3002 979 3237 1025 monstra
3267 978 3391 1024 sunt
3415 1008 3432 1034 ,

1857 1064 2042 1133 utique
2068 1071 2122 1118 et
2150 1063 2364 1123 luerunt
2389 1068 2446 1116 et
2467 1069 2654 1123 erunt,
2686 1075 2784 1116 uec
2823 1074 3010 1116 recens
3037 1068 3092 1116 et
3119 1073 3317 1114 novum
3348 1068 3433 1113 est

1860 1163 1917 1207 ut
1945 1164 2244 1208 monstrum
2276 1153 2377 1208 sub
2399 1151 2516 1206 sole
2541 1162 2810 1209 nascatur.
2841 1151 3096 1218 Quamvis
3126 1151 3239 1208 hinc
3273 1149 3434 1204 verba

1855 1243 2070 1312 quidem
2103 1243 2184 1299 sic
2233 1243 2618 1310 intellexerint,
2670 1254 2921 1312 tanquam
2978 1243 3030 1297 iu
3087 1241 3434 1312 prmdestina-

1859 1336 2009 1390 tione
2032 1335 2123 1391 Dei
2143 1335 2256 1405 jam
2285 1336 2425 1391 facta
2453 1333 2618 1390 fuisse
2647 1334 2847 1401 omnia,
2872 1320 3095 1405 sapiens
3121 1335 3210 1390 ille
3232 1335 3431 1388 voluis-

1856 1436 1941 1480 set
1964 1425 2192 1497 intelligi
2220 1443 2232 1478 :
2265 1437 2320 1481 et
2336 1425 2466 1481 ideo
2489 1425 2623 1480 nihil
2647 1441 2840 1481 recens
2867 1441 2984 1479 esse
3005 1425 3102 1480 sub
3123 1426 3256 1480 sole.
3281 1424 3434 1480 Absit

1857 1523 2033 1571 autem
2076 1532 2105 1569 a
2153 1526 2296 1572 recta
2340 1516 2442 1572 tide
2491 1526 2549 1571 ut
2597 1516 2680 1570 his
2727 1517 3034 1572 Salomonis
3082 1515 3258 1570 verbis
3306 1515 3430 1567 illos

1857 1605 2115 1663 circuitus
2153 1606 2481 1676 signiﬁcatos
2525 1621 2646 1663 esse
2679 1607 2985 1675 credamus,
3013 1607 3204 1676 quibus
3227 1606 3302 1661 illi
3335 1619 3430 1673 pu-

1858 1707 1971 1753 tant
2010 1699 2090 1754 sic
2137 1699 2322 1753 eadem
2376 1707 2676 1768 temporum
2727 1698 3205 1767 tempuraliumquc
3251 1710 3429 1752 rerum

173 1792 405 1851 possent
432 1790 488 1837 et
526 1782 726 1850 posteri
764 1781 927 1837 etiam
975 1789 1096 1850 post
1142 1793 1405 1835 annorum
1455 1777 1755 1832 sexcenties
1791 1795 1833 1853 Β
1860 1789 2129 1844 volumina
2170 1790 2362 1858 repeti,
2394 1799 2450 1843 ut
2494 1789 2642 1843 verbi
2676 1789 2865 1860 gratia,
2910 1788 3044 1844 sicut
3088 1790 3188 1844 isto
3233 1778 3432 1843 sarcqu

171 1873 377 1927 millies
421 1872 608 1928 eadem
650 1873 958 1928 curiositate
1012 1871 1307 1940 requirere,
1358 1871 1402 1924 si
1459 1870 1512 1924 iu
1555 1879 1755 1922 tantum

173 1963 297 2018 haec
351 1962 654 2017 mortalitas
696 1961 970 2018 hominum
1019 1960 1314 2016 exoriendo
1360 1969 1415 2014 et
1438 1958 1755 2014 obcuhando

172 2050 611 2125 [occur-bendo],
645 2061 702 2107 et
746 2052 991 2122 imperita
1042 2057 1411 2120 perseveraret
1452 2048 1754 2104 inﬁrmitas.

172 2142 480 2198 Potuerunt
527 2153 584 2198 et
630 2143 743 2213 qui'
773 2142 1130 2197 fueruntante
1164 2157 1261 2196 nos
1291 2142 1422 2208 ipsis
1453 2141 1754 2196 recentibus

173 2234 412 2290 hominis
463 2237 629 2291 creati
680 2235 1012 2305 temporibus
1066 2235 1220 2289 istam
1253 2248 1472 2288 movere
1499 2234 1754 2303 quastio-

175 2343 327 2380 nem.
347 2327 466 2395 Ipse
478 2326 704 2395 denique
717 2328 920 2395 primus
937 2326 1095 2379 homo
1111 2323 1194 2378 sel
1213 2329 1325 2393 post
1347 2322 1516 2393 pridie
1531 2321 1721 2394 [postri
1733 2350 1754 2364 -

175 2415 318 2488 die],
351 2417 430 2470 vel
462 2416 650 2471 eodem
693 2416 802 2483 die,
843 2425 1188 2484 posteaquam
1233 2413 1406 2468 lactus
1450 2421 1551 2475 est,
1587 2411 1758 2481 potuit

175 2509 454 2578 inquirere
501 2525 597 2567 cur
625 2525 733 2565 non
763 2521 889 2565 ante
914 2509 988 2564 sit
1015 2508 1219 2570 iactus,
1255 2515 1305 2562 et
1334 2507 1758 2577 quandocunque

173 2610 338 2655 antea
356 2597 532 2655 factus
553 2611 694 2655 esset
714 2643 729 2668 ,
760 2615 865 2655 non
885 2600 1028 2654 vires
1047 2610 1173 2654 tunc
1191 2598 1341 2664 alias,
1364 2607 1417 2654 et
1439 2597 1570 2652 alias
1591 2613 1753 2662 nunc,

175 2692 267 2746 vel
291 2690 453 2746 etiam
487 2703 690 2759 postea,
734 2692 834 2747 ista
866 2689 1105 2746 delinitio
1155 2705 1333 2746 rerum
1381 2690 1753 2759 temporalium

174 2782 558 2838 controversia
589 2781 868 2851 reperiret.
920 2780 1066 2851 Hane
1113 2791 1292 2837 autem
1343 2795 1402 2836 se
1453 2781 1756 2851 philosophi

172 2872 363 2928 mundi
394 2870 550 2942 hujus
578 2888 683 2931 non
716 2874 871 2928 aliter
897 2879 1218 2942 putaverunt
1248 2885 1408 2942 posse
1439 2871 1523 2926 vel
1554 2872 1754 2953 debere

175 2965 476 3020 dissolvere
501 3007 518 3030 ,
560 2965 664 3021 nisi
697 2975 755 3021 ut
791 2965 1048 3021 circuitus
1078 2972 1372 3035 temporum
1404 2964 1750 3032 inducerent,

178 3055 377 3126 quibus
400 3055 589 3111 eadem
620 3070 835 3126 semper
888 3055 1051 3111 fuisse
1101 3065 1291 3111 novata
1341 3065 1498 3126 atque
1529 3061 1756 3125 repetita

1862 1879 2011 1934 Plato
2038 1879 2386 1949 philosophus
2410 1879 2463 1933 in
2489 1882 2620 1940 urbe
2646 1879 2982 1945 Atheniensi,
3015 1888 3069 1934 et
3091 1879 3142 1934 in
3165 1892 3227 1934 ea
3248 1877 3429 1934 schola

1858 1987 1980 2042 qua:
2011 1971 2299 2027 Academia
2333 1971 2474 2027 dicta
2504 1981 2607 2038 est,
2649 1972 2945 2041 discipulos
2975 1973 3202 2038 docuit,
3238 1973 3307 2025 ita
3340 1987 3436 2040 per

1859 2061 2274 2117 innumerabilia
2302 2071 2447 2116 retro
2470 2063 2685 2128 saecula,
2715 2063 2938 2118 multum
2973 2063 3189 2133 quidem
3213 2064 3435 2133 prolixis

1859 2153 2176 2220 intervallis,
2207 2153 2301 2209 sed
2332 2162 2509 2208 tamen
2540 2154 2739 2220 certis,
2773 2164 2827 2210 et
2875 2156 3017 2210 idem
3055 2154 3230 2220 Plato,
3264 2165 3318 2211 et
3345 2169 3436 2209 ca-

1857 2242 1980 2297 dem
2016 2244 2229 2311 civitas,
2257 2254 2310 2300 et
2330 2244 2518 2300 eadem
2551 2245 2758 2311 schola,
2789 2247 3058 2318 iidemque
3079 2245 3321 2316 discipuli
3350 2262 3436 2301 re-

1859 2334 2032 2404 petiti,
2061 2341 2116 2390 et
2138 2349 2234 2404 per
2263 2335 2672 2390 innumerabilia
2701 2336 2896 2393 deinde
2934 2337 3131 2393 saecula
3159 2336 3434 2407 repetendi

1855 2423 1983 2478 sint.
2017 2425 2191 2489 Absit,
2249 2425 2489 2495 inquam,
2522 2435 2580 2482 ut
2608 2442 2707 2482 nos
2757 2427 2858 2482 ista
2903 2427 3207 2490 credamus.
3256 2426 3435 2483 Semel

1855 2515 2002 2570 enim
2031 2514 2553 2572 Christusmortuus
2580 2524 2664 2570 est
2684 2530 2781 2586 pro
2808 2505 3039 2586 peccatis
3059 2516 3287 2582 nostris;
3316 2529 3438 2570 sur-

1855 2621 1987 2677 gens
2013 2607 2121 2676 jam
2145 2621 2253 2662 mn
2285 2595 2537 2674 moritur,
2578 2620 2727 2662 mors
2754 2606 2804 2662 ei
2837 2606 2975 2661 ultra
3004 2621 3112 2661 non
3132 2604 3437 2661 dominabi-

1860 2705 1964 2763 tur,
1991 2705 2046 2753 et
2065 2711 2163 2754 nos
2187 2685 2313 2763 'post
2343 2696 2795 2752 resurrectionem
2826 2710 3042 2765 semper
3067 2709 3187 2750 cu
3211 2694 3438 2750 Domino

1859 2791 2098 2855 erimus;
2121 2789 2206 2845 cui
2235 2789 2397 2845 modo
2424 2789 2653 2844 dicimus
2673 2787 2814 2859 quod
2846 2801 3000 2843 sacer
3025 2786 3280 2846 admonet
3299 2784 3440 2855 νωι-

1859 2895 1979 2938 mus
2003 2898 2018 2937 :
2047 2881 2149 2948 Tu,
2178 2879 2427 2948 Domine,
2456 2877 2696 2935 servabis
2720 2893 2842 2943 nos,
2892 2886 2950 2933 et
2990 2876 3259 2941 custodies
3285 2881 3380 2931 nos
3407 2889 3439 2928 a
3531 2949 3536 2952 ἠ

1860 2972 2213 3043 generatione
2239 2971 2410 3026 hacin
2434 2979 2722 3026 aternum.
2749 2967 2893 3025 Satis
2913 2976 3091 3022 autem
3114 2967 3232 3022 istis
3255 2964 3441 3022 existi.

1863 3074 1950 3115 mo
1980 3061 2270 3116 convenire
2295 3059 2439 3129 quod
2482 3060 2725 3131 sequitur
2754 3074 2773 3115 :
2808 3059 2864 3112 ltt
2893 3056 3121 3113 circuitu
3150 3057 3296 3127 impii
3324 3072 3439 3113 am-

181 3147 230 3201 iu
263 3163 442 3204 rerum
474 3158 685 3216 natura,
715 3158 875 3218 atque
903 3147 973 3201 ita
1003 3145 1254 3216 deinceps
1282 3144 1398 3202 fore
1428 3147 1547 3202 sine
1573 3161 1750 3202 cessa-
1782 3144 1826 3206 C
1863 3151 2142 3217 bulabunt,
2188 3165 2296 3206 non
2337 3151 2459 3228 quia
2488 3165 2588 3220 per
2617 3149 2852 3227 circulos
2879 3163 3017 3219 quos
3042 3148 3326 3218 opinantur
3347 3162 3444 3202 eo-

183 3238 328 3293 tione
371 3246 747 3294 asseverarent
774 3237 1044 3294 volumina
1089 3237 1414 3293 venientium
1453 3246 1510 3292 et
1539 3247 1756 3306 praeter-

184 3329 423 3383 euntium
458 3329 810 3393 seculorum,
839 3328 954 3383 sive
981 3327 1033 3381 in
1070 3325 1272 3381 mundo
1302 3334 1646 3394 permanente
1675 3323 1760 3380 isti

185 3419 440 3474 circuitus
483 3419 694 3483 tierent,
747 3418 862 3474 sive
907 3417 1071 3474 certis
1128 3416 1424 3472 intervallis
1471 3416 1655 3471 oriens
1706 3423 1762 3470 et

187 3509 441 3566 occidens
480 3509 707 3565 mundus
751 3509 938 3565 eadem
985 3522 1217 3576 semper,
1257 3508 1411 3578 quasi
1453 3521 1588 3562 nova
1634 3521 1757 3576 quze

188 3607 458 3653 transacta
488 3607 543 3653 et
585 3605 809 3654 ventuta
857 3606 982 3654 sunt
1002 3598 1298 3652 exhiberet.
1323 3602 1365 3651 Α
1397 3612 1504 3667 quo
1527 3595 1760 3650 ludibrio

189 3703 410 3760 prorsus
437 3689 1051 3762 immorulmanimam
1070 3731 1084 3756 ,
1113 3689 1273 3745 etiam
1302 3703 1422 3744 cum
1445 3687 1762 3758 sapientiam

188 3782 519 3853 perceperit,
566 3782 798 3839 liberare
847 3798 958 3838 non
993 3790 1238 3853 possunt,
1267 3793 1481 3838 euntem
1512 3783 1629 3838 sine
1653 3796 1765 3839 ces-

187 3872 395 3930 satione
417 3874 484 3928 ad
520 3872 706 3929 falsam
738 3873 1142 3940 beatitudinem,
1185 3880 1240 3928 et
1285 3876 1351 3928 ad
1391 3888 1572 3927 veram
1604 3879 1760 3927 mise-

192 3963 331 4019 riam
351 3964 470 4020 sine
494 3965 792 4020 cessatione
815 3965 1150 4021 redeuntem.
1167 3962 1446 4030 Quomodo
1467 3964 1608 4018 enim
1635 3977 1762 4017 vera

188 4055 465 4111 beatitudo
484 4063 589 4120 est,
617 4054 685 4111 de
707 4056 860 4124 cujus
895 4070 1162 4125 nunquam
1213 4055 1514 4111 ateruitate
1541 4054 1766 4109 conl’un-

1861 3256 1981 3296 rum
2017 3242 2123 3296 vita
2152 3251 2239 3298 est
2259 3226 2568 3305 recursura,
2598 3226 2709 3295 sed
2748 3238 2871 3308 quia
2903 3238 3073 3293 modo
3098 3237 3218 3292 talis
3243 3246 3328 3293 est
3353 3251 3443 3292 er-

1862 3333 2005 3388 roris
2029 3345 2218 3388 eorum
2247 3331 2357 3397 via,
2406 3330 2460 3386 id
2499 3338 2585 3386 est
2623 3329 2752 3388 falsa
2803 3328 3069 3385 doctrina.
3096 3327 3233 3396 Quid
3264 3323 3445 3382 autem

1861 3426 2055 3477 mirum
2077 3431 2161 3478 est
2181 3423 2227 3478 si
2256 3423 2311 3478 in
2335 3422 2420 3479 his
2449 3422 2768 3477 circuitibus
2817 3421 3078 3488 errantes,
3112 3433 3213 3475 nec
3239 3418 3440 3473 aditum

1859 3527 1959 3568 nec
1984 3512 2184 3570 exitum
2228 3512 2539 3578 inveniunt,
2591 3510 2714 3581 quia
2753 3525 2919 3582 genus
2949 3511 3240 3563 humanum
3273 3517 3439 3578 atque

1864 3603 1964 3658 ista
2023 3611 2203 3658 nostra
2251 3601 2592 3668 mortalitas,
2649 3614 2749 3656 nec
2788 3616 2892 3671 quo
2943 3599 3098 3655 iuitio
3140 3609 3316 3670 coepta
3371 3599 3443 3653 sit

1863 3692 2062 3759 sciunt,
2093 3709 2195 3750 nec
2239 3709 2347 3765 quo
2387 3695 2492 3749 line
2531 3691 2831 3760 claudatur,
2860 3690 3288 3762 quandoquidem
3318 3690 3440 3744 aiti'
3533 3690 3538 3697 ’

1864 3783 2108 3839 tudinem
2159 3782 2257 3839 Dei
2305 3792 2587 3852 penetrare
2617 3796 2724 3838 non
2757 3791 3001 3851 possunt,
3030 3783 3152 3850 quia
3184 3795 3304 3836 cum
3332 3780 3447 3849 ipse

1862 3866 1934 3933 sit
1972 3884 2208 3940 atternus
2245 3885 2303 3931 et
2335 3875 2452 3930 sine
2504 3874 2680 3946 initio,
2727 3875 2794 3930 ab
2841 3874 3022 3944 aliquo
3067 3882 3244 3929 tamen
3295 3873 3447 3928 initio

1867 3980 2095 4021 exorsus
2123 3973 2208 4021 est
2258 3974 2525 4035 tempora,
2578 3971 2633 4019 et
2675 3958 2946 4018 hominem
2988 3976 3145 4032 quem
3176 3975 3442 4031 nunquam

1866 4066 2024 4112 antea
2051 4056 2272 4122 fecerat,
2300 4053 2427 4110 fecit
2454 4055 2505 4109 in
2539 4063 2780 4122 tempore
2807 4093 2824 4119 ,
2855 4068 2962 4108 non
3012 4062 3187 4106 tamen
3221 4060 3360 4106 novo
3389 4063 3443 4107 et

188 4147 335 4202 ditur
355 4146 844 4220 [conliditur],dum
871 4149 1045 4202 anima
1069 4154 1343 4203 venturam
1363 4146 1659 4212 miseriam,
1676 4154 1768 4200 aut
1865 4149 2168 4219 repentino,
2200 4147 2292 4202 sed
2322 4145 2635 4202 immutabili
2667 4155 2976 4213 aeternoque
3012 4143 3237 4201 consilio
3263 4143 3287 4196 τ
3311 4145 3442 4210 Quis

189 4239 590 4308 imperitissimo
630 4241 682 4293 in
711 4240 939 4295 veritate
979 4237 1177 4304 nescit,
1204 4245 1295 4292 aut
1320 4233 1683 4292 infelicissime
1711 4236 1765 4290 in
1868 4241 2007 4294 hanc
2041 4240 2214 4293 valeat
2260 4237 2600 4290 altitudinem
2629 4234 3062 4304 investigabilem
3093 4235 3445 4303 investigare,

188 4330 523 4387 bentitudine
553 4329 918 4401 pertimescit?
940 4330 1045 4384 Aut
1062 4330 1105 4383 si
1133 4327 1200 4382 ad
1232 4326 1474 4382 miserias
1497 4340 1765 4394 nunquam
1869 4338 1923 4383 et
1957 4327 2358 4384 inscrutahilem
2402 4323 2729 4396 perscrutari
2749 4365 2766 4391 ,
2813 4323 3104 4379 secundum
3127 4338 3285 4394 quam
3308 4325 3449 4378 Deus

189 4421 415 4477 ulterius
447 4421 684 4477 reditura
705 4461 722 4488 ,
755 4435 821 4476 ex
848 4420 932 4475 his
957 4417 1023 4474 ad
1054 4417 1439 4474 beatitudinem
1481 4417 1676 4488 pergit,
1708 4415 1767 4469 lit
1870 4419 2143 4474 hominem
2196 4416 2544 4487 temporalem
2571 4454 2587 4482 ,
2629 4424 2754 4470 ante
2794 4428 2952 4484 quem
3001 4428 3161 4469 nemo
3209 4429 3440 4484 unquam

189 4528 320 4584 ergo
348 4512 549 4582 aliquid
580 4513 703 4568 novi
731 4513 782 4567 in
815 4521 1052 4580 tempore
1078 4508 1219 4580 quod
1250 4510 1409 4563 linem
1455 4522 1564 4561 non
1606 4507 1768 4562 habet
1799 4511 1849 4572 ι)
1875 4513 2148 4566 hominum
2177 4512 2296 4577 fuit,
2329 4523 2440 4566 non
2495 4506 2739 4561 mutabili
2788 4505 3062 4560 voluntate
3110 4505 3164 4559 in
3209 4514 3447 4574 tempore

194 4605 474 4673 temporis.
497 4605 606 4659 Cur
626 4617 755 4675 ergo
781 4618 886 4658 non
908 4610 965 4656 et
991 4603 1239 4667 mundus,
1269 4615 1365 4658 cur
1390 4614 1496 4655 non
1516 4609 1570 4653 et
1598 4598 1758 4653 homo

1863 4603 2123 4669 condidit,
2157 4609 2212 4658 et
2238 4613 2408 4675 genus
2453 4599 2740 4653 humanum
2781 4613 2847 4653 ex
2890 4613 2995 4652 uno
3043 4596 3442 4665 multiplicavit,

189 4694 367 4748 factus
395 4693 448 4747 in
471 4692 700 4759 mundo,
721 4692 788 4747 ill.
818 4690 892 4746 illi
922 4690 1106 4746 nescio
1149 4689 1240 4760 qui
1279 4688 1394 4744 lalsi
1418 4688 1691 4751 circuitus,
1729 4703 1760 4741 a
1864 4695 2295 4767 quandoquidem
2323 4692 2558 4763 psalmus
2581 4693 2716 4761 ipse,
2748 4706 2868 4746 cum
2901 4690 3245 4760 prmmisisset
3276 4697 3438 4759 atque

192 4784 348 4841 falsis
373 4783 705 4854 sapientibus
736 4784 1115 4850 fallacibusque
1140 4780 1420 4850 comperti,
1441 4781 1493 4835 itt
1520 4781 1760 4836 doctrina
1863 4787 2087 4841 dixisset
2109 4801 2124 4840 ε
2143 4783 2244 4850 Τυ,
2260 4783 2502 4846 Domine,
2519 4780 2756 4837 servabis
2781 4795 2898 4846 nos,
2922 4789 2976 4835 el.
3004 4780 3274 4835 custodies
3295 4794 3394 4834 uos
3414 4795 3444 4832 ει

187 4892 344 4944 sana,
377 4877 590 4933 tramite
617 4877 748 4932 recti
776 4876 981 4932 itineris
1009 4874 1274 4932 vitentur?
1298 4874 1429 4930 Nam
1459 4876 1673 4945 quidam
1713 4885 1768 4931 et

193 4966 330 5022 illud
355 4965 498 5034 quod
526 4963 722 5035 legitur
741 4965 794 5020 iu
826 4964 963 5020 libro
992 4964 1296 5038 Salomonis
1316 4965 1404 5035 qui
1430 4975 1649 5019 vocatur
1668 4964 1766 5020 Ec-

189 5058 472 5114 clesiastes
488 5073 506 5110 :
533 5075 552 5109 ι
575 5056 712 5124 Quid
729 5067 807 5111 est
832 5055 974 5125 quod
996 5055 1126 5110 iuit?
1150 5056 1320 5125 ipsum
1347 5055 1485 5123 quod
1504 5057 1635 5122 erit;
1661 5055 1769 5126 30

191 5159 249 5205 et
276 5147 405 5219 quid
436 5157 517 5203 est
546 5148 688 5218 quod
716 5149 912 5203 factum
937 5147 1058 5203 est?
1079 5148 1250 5218 ipsum
1278 5148 1416 5217 quod
1443 5148 1563 5213 lict;
1585 5157 1637 5202 et
1664 5163 1770 5200 non

191 5248 274 5294 est
289 5253 453 5294 omne
471 5251 661 5295 recens
681 5238 780 5293 sub
803 5237 945 5294 sole:
969 5240 1086 5306 quis
1103 5238 1348 5306 loquatur
1364 5247 1416 5292 et
1439 5235 1608 5290 dicat:
1634 5236 1772 5291 Ecce

194 5331 299 5386 hoc
322 5346 517 5384 novum
541 5338 645 5396 est,
672 5329 782 5398 jam
803 5327 905 5392 fuit
927 5331 982 5384 in
1019 5320 1231 5386 saeculis
1255 5344 1372 5399 qua
1401 5328 1616 5384 fuerunt
1643 5339 1769 5384 ante

193 5436 316 5487 nos;
340 5440 359 5472 ι
387 5431 610 5491 prepter
630 5419 730 5476 hos
745 5420 999 5476 circuitus
1025 5421 1076 5476 in
1101 5421 1285 5474 eadem
1311 5421 1598 5476 redeuntes
1622 5429 1677 5475 et
1705 5422 1761 5475 in

196 5515 381 5570 eadem
429 5522 623 5569 cuncta
669 5521 984 5570 revocantes
1028 5513 1228 5568 dictum
1274 5513 1494 5582 intelligi
1543 5514 1759 5578 volunt,

197 5603 336 5672 quod
371 5604 460 5658 ille
509 5612 602 5657 aut
629 5601 700 5659 de
743 5599 826 5657 his
865 5603 1025 5658 rebus
1054 5600 1188 5658 dixit
1213 5603 1277 5657 de
1299 5603 1489 5672 quibus
1519 5604 1766 5673 superius

199 5693 538 5764 loquebatur,
557 5695 662 5750 hoc
688 5703 774 5749 est
797 5693 867 5751 de
882 5694 1469 5766 generationibus-aliis
1485 5696 1767 5761 euntibus,

200 5788 318 5846 aliis
338 5789 703 5856 venientibus,
728 5784 796 5844 de
817 5787 944 5845 solis
983 5787 1327 5856 aulractibus,
1351 5785 1420 5844 de
1447 5787 1763 5845 torrentium

1869 4878 2209 4948 generatione
2257 4876 2357 4931 hac
2395 4876 2450 4929 in
2466 4884 2746 4940 aeternum,
2789 4888 2852 4929 ac
2878 4873 3072 4928 deinde
3098 4875 3448 4940 percussisset

1870 4984 1965 5025 eos
1996 4969 2050 5023 in
2081 4982 2303 5039 quorum
2354 4965 2515 5020 stulta
2556 4964 2820 5034 impiaque
2849 4963 3090 5018 doctrina
3117 4963 3261 5018 nulla
3306 4964 3443 5018 libe-

1871 5061 2095 5117 rationis
2147 5068 2200 5116 et
2249 5057 2596 5113 beatitudinis
2651 5057 2845 5110 animai
2882 5064 3125 5110 servatur
3153 5057 3444 5122 aeternites,

1873 5155 2131 5207 continuo
2179 5148 2510 5218 subiiciens:
2538 5147 2596 5201 ln
2635 5146 2861 5200 circuitu
2894 5145 3041 5215 impii
3073 5145 3446 5214 ambulabunt,

1876 5251 2124 5311 tauquam
2155 5241 2206 5297 ei
2237 5242 2542 5296 diceretur:
2573 5235 2713 5304 Quid
2741 5251 2872 5306 ergo
2905 5247 2960 5291 tu
2989 5236 3192 5302 credis,
3241 5238 3444 5300 sentis,

1877 5331 2167 5400 intelligis?
2189 5328 2562 5399 Nunquidnam
2591 5326 3001 5382 existimandum
3026 5335 3106 5379 est
3131 5326 3308 5380 subito
3331 5326 3444 5380 Deo

1870 5423 2129 5492 placuisse
2158 5422 2424 5476 hominem
2454 5418 2630 5473 facere
2653 5431 2810 5487 quem
2841 5429 3111 5486 nunquam
3143 5424 3296 5469 antea
3324 5415 3446 5469 inli-

1870 5517 1978 5567 nita
2008 5521 2153 5569 retro
2179 5500 2479 5568 asternita'te
2499 5507 2744 5571 fecisset,
2769 5507 2855 5561 cui
2888 5505 3019 5560 nihil
3048 5506 3170 5560 novi
3199 5506 3446 5563 accidere

1871 5610 2084 5678 potest,
2139 5609 2190 5661 in
2236 5621 2342 5676 quo
2373 5604 2625 5658 mutabile
2675 5599 2875 5670 aliquid
2935 5615 3040 5654 non
3094 5600 3214 5655 est?
3270 5602 3446 5656 conti-

1874 5711 1981 5748 nuo
2005 5694 2304 5763 respondit.
2334 5692 2398 5745 ad
2429 5693 2603 5761 ipsum
2647 5689 2812 5744 Dcuut
2847 5688 3066 5756 loquens
3095 5704 3106 5740 :
3141 5688 3465 5752 Secundum.

1875 5781 2211 5843 altitudinem
2241 5795 2384 5840 tuaut
2425 5780 2789 5851 multiplicasti
2813 5781 2952 5835 illius
2978 5779 3274 5836 hominum.
3309 5781 3443 5837 Sen-
