  <div class='ocr_page' id='page_1' title='image "/cluster/home/n/w/nwhite01/storage/ocr_20150623/61-62/uva.x000827102/904.png"; bbox 0 0 3842 6226; ppageno 0'>
   <div class='ocr_carea' id='block_1_1' title="bbox 121 186 2116 252">
    <p class='ocr_par' dir='ltr' id='par_1_1' title="bbox 121 186 2116 252">
     <span class='ocr_line' id='line_1_1' title="bbox 121 186 2116 252; baseline 0.006 -21"><span class='ocrx_word' id='word_1_1' title='bbox 121 198 210 252; x_wconf 65' lang='grc' dir='ltr'><strong>εδδ</strong></span> <span class='ocrx_word' id='word_1_2' title='bbox 1220 186 1626 242; x_wconf 58' lang='grc' dir='ltr'>τηεςδιυιιιδ</span> <span class='ocrx_word' id='word_1_3' title='bbox 1686 187 1838 241; x_wconf 64' lang='lat' dir='ltr'><strong>car.</strong></span> <span class='ocrx_word' id='word_1_4' title='bbox 1884 189 2116 244; x_wconf 70' lang='lat' dir='ltr'><strong>xxm.</strong></span> 
     </span>
    </p>
   </div>
   <div class='ocr_carea' id='block_1_2' title="bbox 3254 189 3357 246">
    <p class='ocr_par' dir='ltr' id='par_1_2' title="bbox 3254 189 3357 246">
     <span class='ocr_line' id='line_1_2' title="bbox 3254 189 3357 246; baseline 0.01 -1"><span class='ocrx_word' id='word_1_5' title='bbox 3254 189 3357 246; x_wconf 71' lang='lat'><strong>654</strong></span> 
     </span>
    </p>
   </div>
   <div class='ocr_carea' id='block_1_3' title="bbox 120 302 3358 378">
    <p class='ocr_par' dir='ltr' id='par_1_3' title="bbox 120 302 3358 378">
     <span class='ocr_line' id='line_1_3' title="bbox 120 302 3358 378; baseline -0.002 -9"><span class='ocrx_word' id='word_1_6' title='bbox 120 315 250 369; x_wconf 87' lang='lat' dir='ltr'><strong>illam</strong></span> <span class='ocrx_word' id='word_1_7' title='bbox 299 311 554 367; x_wconf 86' lang='lat' dir='ltr'><strong>visionem</strong></span> <span class='ocrx_word' id='word_1_8' title='bbox 583 327 642 364; x_wconf 85' lang='lat' dir='ltr'><strong>ac</strong></span> <span class='ocrx_word' id='word_1_9' title='bbox 668 310 1038 367; x_wconf 87' lang='lat' dir='ltr'><strong>tentatiunem,</strong></span> <span class='ocrx_word' id='word_1_10' title='bbox 1069 305 1274 359; x_wconf 85' lang='lat' dir='ltr'><strong>similes</strong></span> <span class='ocrx_word' id='word_1_11' title='bbox 1303 304 1460 357; x_wconf 85' lang='lat' dir='ltr'><strong>ambo</strong></span> <span class='ocrx_word' id='word_1_12' title='bbox 1491 302 1668 354; x_wconf 91' lang='lat' dir='ltr'><strong>animo</strong></span> <span class='ocrx_word' id='word_1_13' title='bbox 1696 308 1748 364; x_wconf 78' lang='grc' dir='ltr'><strong>Α</strong></span> <span class='ocrx_word' id='word_1_14' title='bbox 1777 314 2021 360; x_wconf 84' lang='lat' dir='ltr'><strong>testatem</strong></span> <span class='ocrx_word' id='word_1_15' title='bbox 2047 348 2060 370; x_wconf 96' lang='lat'><strong>,</strong></span> <span class='ocrx_word' id='word_1_16' title='bbox 2110 310 2189 362; x_wconf 85' lang='lat' dir='ltr'><strong>vel</strong></span> <span class='ocrx_word' id='word_1_17' title='bbox 2245 309 2405 373; x_wconf 67' lang='lat' dir='ltr'><strong>ipsius</strong></span> <span class='ocrx_word' id='word_1_18' title='bbox 2457 310 2615 363; x_wconf 79' lang='lat' dir='ltr'><strong>etiam</strong></span> <span class='ocrx_word' id='word_1_19' title='bbox 2663 318 2784 378; x_wconf 88' lang='lat' dir='ltr'><strong>pote</strong></span> <span class='ocrx_word' id='word_1_20' title='bbox 2819 308 2970 370; x_wconf 74' lang='lat' dir='ltr'><strong>tatis;</strong></span> <span class='ocrx_word' id='word_1_21' title='bbox 3028 309 3122 362; x_wconf 81' lang='lat' dir='ltr'><strong>sed</strong></span> <span class='ocrx_word' id='word_1_22' title='bbox 3168 309 3358 361; x_wconf 72' lang='lat' dir='ltr'><strong>animat</strong></span> 
     </span>
    </p>
   </div>
   <div class='ocr_carea' id='block_1_4' title="bbox 119 393 3360 472">
    <p class='ocr_par' dir='ltr' id='par_1_4' title="bbox 119 393 3360 472">
     <span class='ocr_line' id='line_1_4' title="bbox 119 393 3360 472; baseline -0.004 -17"><span class='ocrx_word' id='word_1_23' title='bbox 119 415 165 457; x_wconf 91' lang='lat' dir='ltr'><strong>et</strong></span> <span class='ocrx_word' id='word_1_24' title='bbox 209 418 422 468; x_wconf 89' lang='lat' dir='ltr'><strong>corpore</strong></span> <span class='ocrx_word' id='word_1_25' title='bbox 477 400 694 466; x_wconf 86' lang='lat' dir='ltr'><strong>fuerint)</strong></span> <span class='ocrx_word' id='word_1_26' title='bbox 737 398 909 466; x_wconf 91' lang='lat' dir='ltr'><strong>ipsum</strong></span> <span class='ocrx_word' id='word_1_27' title='bbox 948 396 1048 450; x_wconf 85' lang='lat' dir='ltr'><strong>sibi</strong></span> <span class='ocrx_word' id='word_1_28' title='bbox 1105 395 1292 448; x_wconf 90' lang='lat' dir='ltr'><strong>fecisse</strong></span> <span class='ocrx_word' id='word_1_29' title='bbox 1344 393 1674 446; x_wconf 81' lang='lat' dir='ltr'><strong>voluntatem</strong></span> <span class='ocrx_word' id='word_1_30' title='bbox 1759 411 2029 472; x_wconf 57' lang='grc' dir='ltr'><strong>⁷ρρτνυιρεεξ</strong></span> <span class='ocrx_word' id='word_1_31' title='bbox 2066 401 2299 453; x_wconf 69' lang='lat' dir='ltr'><strong>amantis</strong></span> <span class='ocrx_word' id='word_1_32' title='bbox 2343 411 2660 468; x_wconf 49' lang='lat' dir='ltr'><strong>potestatem</strong></span> <span class='ocrx_word' id='word_1_33' title='bbox 2691 419 2875 462; x_wconf 52' lang='lat' dir='ltr'><strong>suam.</strong></span> <span class='ocrx_word' id='word_1_34' title='bbox 2905 401 3360 470; x_wconf 61' lang='grc' dir='ltr'><strong>ροιεηιίοι-Ῑείιιε-</strong></span> 
     </span>
    </p>
   </div>
   <div class='ocr_carea' id='block_1_5' title="bbox 119 483 1676 560">
    <p class='ocr_par' dir='ltr' id='par_1_5' title="bbox 119 483 1676 560">
     <span class='ocr_line' id='line_1_5' title="bbox 119 483 1676 560; baseline -0.008 -11"><span class='ocrx_word' id='word_1_35' title='bbox 119 496 294 549; x_wconf 68' lang='lat' dir='ltr'><strong>tnalam</strong></span> <span class='ocrx_word' id='word_1_36' title='bbox 318 535 332 558; x_wconf 94' lang='lat'><strong>,</strong></span> <span class='ocrx_word' id='word_1_37' title='bbox 363 494 485 559; x_wconf 83' lang='lat' dir='ltr'><strong>quia</strong></span> <span class='ocrx_word' id='word_1_38' title='bbox 525 493 704 560; x_wconf 91' lang='lat' dir='ltr'><strong>utique</strong></span> <span class='ocrx_word' id='word_1_39' title='bbox 752 491 918 544; x_wconf 87' lang='lat' dir='ltr'><strong>bonus</strong></span> <span class='ocrx_word' id='word_1_40' title='bbox 945 495 1070 542; x_wconf 90' lang='lat' dir='ltr'><strong>ante</strong></span> <span class='ocrx_word' id='word_1_41' title='bbox 1103 487 1426 538; x_wconf 74' lang='lat' dir='ltr'><strong>voluntatem</strong></span> <span class='ocrx_word' id='word_1_42' title='bbox 1481 483 1676 537; x_wconf 88' lang='lat' dir='ltr'><strong>malam</strong></span> 
     </span>
    </p>
   </div>
   <div class='ocr_carea' id='block_1_6' title="bbox 119 578 1677 652">
    <p class='ocr_par' dir='ltr' id='par_1_6' title="bbox 119 578 1677 652">
     <span class='ocr_line' id='line_1_6' title="bbox 119 578 1677 652; baseline -0.007 -14"><span class='ocrx_word' id='word_1_43' title='bbox 119 586 281 650; x_wconf 89' lang='lat' dir='ltr'><strong>fuerit,</strong></span> <span class='ocrx_word' id='word_1_44' title='bbox 310 593 512 652; x_wconf 73' lang='lat' dir='ltr'><strong>quaerat</strong></span> <span class='ocrx_word' id='word_1_45' title='bbox 556 598 652 636; x_wconf 91' lang='lat' dir='ltr'><strong>cur</strong></span> <span class='ocrx_word' id='word_1_46' title='bbox 696 597 814 636; x_wconf 88' lang='lat' dir='ltr'><strong>eam</strong></span> <span class='ocrx_word' id='word_1_47' title='bbox 847 580 1074 645; x_wconf 75' lang='lat' dir='ltr'><strong>fecerit,</strong></span> <span class='ocrx_word' id='word_1_48' title='bbox 1121 589 1298 632; x_wconf 90' lang='lat' dir='ltr'><strong>utrum</strong></span> <span class='ocrx_word' id='word_1_49' title='bbox 1342 578 1460 646; x_wconf 89' lang='lat' dir='ltr'><strong>quia</strong></span> <span class='ocrx_word' id='word_1_50' title='bbox 1495 583 1677 629; x_wconf 90' lang='lat' dir='ltr'><strong>natura</strong></span> 
     </span>
    </p>
   </div>
   <div class='ocr_carea' id='block_1_7' title="bbox 119 666 1677 740">
    <p class='ocr_par' dir='ltr' id='par_1_7' title="bbox 119 666 1677 740">
     <span class='ocr_line' id='line_1_7' title="bbox 119 666 1677 740; baseline -0.008 -11"><span class='ocrx_word' id='word_1_51' title='bbox 119 684 208 738; x_wconf 88' lang='lat' dir='ltr'><strong>cst,</strong></span> <span class='ocrx_word' id='word_1_52' title='bbox 234 689 296 727; x_wconf 89' lang='lat' dir='ltr'><strong>an</strong></span> <span class='ocrx_word' id='word_1_53' title='bbox 324 673 443 740; x_wconf 93' lang='lat' dir='ltr'><strong>quia</strong></span> <span class='ocrx_word' id='word_1_54' title='bbox 474 688 542 726; x_wconf 81' lang='lat' dir='ltr'><strong>ex</strong></span> <span class='ocrx_word' id='word_1_55' title='bbox 573 672 736 726; x_wconf 84' lang='lat' dir='ltr'><strong>nihilo</strong></span> <span class='ocrx_word' id='word_1_56' title='bbox 764 671 903 726; x_wconf 84' lang='lat' dir='ltr'><strong>facta</strong></span> <span class='ocrx_word' id='word_1_57' title='bbox 933 679 1016 724; x_wconf 89' lang='lat' dir='ltr'><strong>est</strong></span> <span class='ocrx_word' id='word_1_58' title='bbox 1041 710 1055 731; x_wconf 93' lang='lat'><strong>,</strong></span> <span class='ocrx_word' id='word_1_59' title='bbox 1088 677 1142 723; x_wconf 90' lang='lat' dir='ltr'><strong>et</strong></span> <span class='ocrx_word' id='word_1_60' title='bbox 1173 669 1407 723; x_wconf 90' lang='lat' dir='ltr'><strong>inveniet</strong></span> <span class='ocrx_word' id='word_1_61' title='bbox 1435 666 1677 719; x_wconf 86' lang='lat' dir='ltr'><strong>volunta-</strong></span> 
     </span>
    </p>
   </div>
   <div class='ocr_carea' id='block_1_8' title="bbox 122 757 1683 829">
    <p class='ocr_par' dir='ltr' id='par_1_8' title="bbox 122 757 1683 829">
     <span class='ocr_line' id='line_1_8' title="bbox 122 757 1683 829; baseline -0.006 -12"><span class='ocrx_word' id='word_1_62' title='bbox 122 776 214 817; x_wconf 86' lang='lat' dir='ltr'><strong>tem</strong></span> <span class='ocrx_word' id='word_1_63' title='bbox 246 763 436 816; x_wconf 88' lang='lat' dir='ltr'><strong>malam</strong></span> <span class='ocrx_word' id='word_1_64' title='bbox 461 776 564 814; x_wconf 90' lang='lat' dir='ltr'><strong>non</strong></span> <span class='ocrx_word' id='word_1_65' title='bbox 588 777 652 815; x_wconf 82' lang='lat' dir='ltr'><strong>ex</strong></span> <span class='ocrx_word' id='word_1_66' title='bbox 676 776 740 814; x_wconf 88' lang='lat' dir='ltr'><strong>en</strong></span> <span class='ocrx_word' id='word_1_67' title='bbox 770 775 891 815; x_wconf 85' lang='lat' dir='ltr'><strong>esse</strong></span> <span class='ocrx_word' id='word_1_68' title='bbox 916 759 1153 828; x_wconf 85' lang='lat' dir='ltr'><strong>incipere</strong></span> <span class='ocrx_word' id='word_1_69' title='bbox 1181 757 1324 829; x_wconf 90' lang='lat' dir='ltr'><strong>quod</strong></span> <span class='ocrx_word' id='word_1_70' title='bbox 1353 764 1539 810; x_wconf 87' lang='lat' dir='ltr'><strong>natura</strong></span> <span class='ocrx_word' id='word_1_71' title='bbox 1579 761 1683 818; x_wconf 84' lang='lat' dir='ltr'><strong>est,</strong></span> 
     </span>
    </p>
   </div>
   <div class='ocr_carea' id='block_1_9' title="bbox 122 847 1685 922">
    <p class='ocr_par' dir='ltr' id='par_1_9' title="bbox 122 847 1685 922">
     <span class='ocr_line' id='line_1_9' title="bbox 122 847 1685 922; baseline -0.008 -12"><span class='ocrx_word' id='word_1_72' title='bbox 122 856 204 910; x_wconf 73' lang='lat' dir='ltr'><strong>sed</strong></span> <span class='ocrx_word' id='word_1_73' title='bbox 229 869 290 908; x_wconf 80' lang='lat' dir='ltr'><strong>ex</strong></span> <span class='ocrx_word' id='word_1_74' title='bbox 312 868 378 907; x_wconf 92' lang='lat' dir='ltr'><strong>eo</strong></span> <span class='ocrx_word' id='word_1_75' title='bbox 407 852 546 922; x_wconf 91' lang='lat' dir='ltr'><strong>quod</strong></span> <span class='ocrx_word' id='word_1_76' title='bbox 575 852 642 906; x_wconf 91' lang='lat' dir='ltr'><strong>de</strong></span> <span class='ocrx_word' id='word_1_77' title='bbox 665 850 829 904; x_wconf 85' lang='lat' dir='ltr'><strong>nihilo</strong></span> <span class='ocrx_word' id='word_1_78' title='bbox 860 851 998 905; x_wconf 88' lang='lat' dir='ltr'><strong>facta</strong></span> <span class='ocrx_word' id='word_1_79' title='bbox 1027 859 1216 904; x_wconf 89' lang='lat' dir='ltr'><strong>natura</strong></span> <span class='ocrx_word' id='word_1_80' title='bbox 1243 857 1347 903; x_wconf 89' lang='lat' dir='ltr'><strong>est.</strong></span> <span class='ocrx_word' id='word_1_81' title='bbox 1378 847 1507 902; x_wconf 86' lang='lat' dir='ltr'><strong>Nam</strong></span> <span class='ocrx_word' id='word_1_82' title='bbox 1534 847 1579 900; x_wconf 94' lang='lat' dir='ltr'><strong>si</strong></span> <span class='ocrx_word' id='word_1_83' title='bbox 1601 860 1685 900; x_wconf 87' lang='lat' dir='ltr'><strong>na-</strong></span> 
     </span>
    </p>
   </div>
   <div class='ocr_carea' id='block_1_10' title="bbox 123 939 1688 1012">
    <p class='ocr_par' dir='ltr' id='par_1_10' title="bbox 123 939 1688 1012">
     <span class='ocr_line' id='line_1_10' title="bbox 123 939 1688 1012; baseline -0.008 -8"><span class='ocrx_word' id='word_1_84' title='bbox 123 961 229 1005; x_wconf 92' lang='lat' dir='ltr'><strong>tura</strong></span> <span class='ocrx_word' id='word_1_85' title='bbox 272 962 431 1002; x_wconf 86' lang='lat' dir='ltr'><strong>causa</strong></span> <span class='ocrx_word' id='word_1_86' title='bbox 461 955 543 1001; x_wconf 91' lang='lat' dir='ltr'><strong>est</strong></span> <span class='ocrx_word' id='word_1_87' title='bbox 580 946 868 1000; x_wconf 72' lang='lat' dir='ltr'><strong>voluntatis</strong></span> <span class='ocrx_word' id='word_1_88' title='bbox 899 944 1085 1012; x_wconf 79' lang='lat' dir='ltr'><strong>make,</strong></span> <span class='ocrx_word' id='word_1_89' title='bbox 1117 942 1244 1011; x_wconf 90' lang='lat' dir='ltr'><strong>quid</strong></span> <span class='ocrx_word' id='word_1_90' title='bbox 1272 941 1416 995; x_wconf 83' lang='lat' dir='ltr'><strong>aliud</strong></span> <span class='ocrx_word' id='word_1_91' title='bbox 1451 939 1688 1009; x_wconf 78' lang='lat' dir='ltr'><strong>cogimur</strong></span> 
     </span>
    </p>
   </div>
   <div class='ocr_carea' id='block_1_11' title="bbox 123 1035 1690 1101">
    <p class='ocr_par' dir='ltr' id='par_1_11' title="bbox 123 1035 1690 1101">
     <span class='ocr_line' id='line_1_11' title="bbox 123 1035 1690 1101; baseline -0.008 -6"><span class='ocrx_word' id='word_1_92' title='bbox 123 1041 308 1101; x_wconf 79' lang='lat' dir='ltr'><strong>dicere,</strong></span> <span class='ocrx_word' id='word_1_93' title='bbox 339 1039 441 1093; x_wconf 92' lang='lat' dir='ltr'><strong>nisi</strong></span> <span class='ocrx_word' id='word_1_94' title='bbox 469 1054 498 1092; x_wconf 89' lang='lat' dir='ltr'><strong>a</strong></span> <span class='ocrx_word' id='word_1_95' title='bbox 525 1039 666 1092; x_wconf 92' lang='lat' dir='ltr'><strong>bono</strong></span> <span class='ocrx_word' id='word_1_96' title='bbox 694 1037 808 1093; x_wconf 85' lang='lat' dir='ltr'><strong>fieri</strong></span> <span class='ocrx_word' id='word_1_97' title='bbox 851 1038 1047 1090; x_wconf 90' lang='lat' dir='ltr'><strong>malum</strong></span> <span class='ocrx_word' id='word_1_98' title='bbox 1065 1076 1080 1100; x_wconf 92' lang='lat'><strong>,</strong></span> <span class='ocrx_word' id='word_1_99' title='bbox 1113 1046 1166 1089; x_wconf 88' lang='lat' dir='ltr'><strong>et</strong></span> <span class='ocrx_word' id='word_1_100' title='bbox 1196 1035 1393 1088; x_wconf 90' lang='lat' dir='ltr'><strong>bonum</strong></span> <span class='ocrx_word' id='word_1_101' title='bbox 1422 1048 1542 1088; x_wconf 90' lang='lat' dir='ltr'><strong>esse</strong></span> <span class='ocrx_word' id='word_1_102' title='bbox 1567 1047 1690 1087; x_wconf 88' lang='lat' dir='ltr'><strong>cau-</strong></span> 
     </span>
    </p>
   </div>
   <div class='ocr_carea' id='block_1_12' title="bbox 123 1123 1688 1199">
    <p class='ocr_par' dir='ltr' id='par_1_12' title="bbox 123 1123 1688 1199">
     <span class='ocr_line' id='line_1_12' title="bbox 123 1123 1688 1199; baseline -0.007 -13"><span class='ocrx_word' id='word_1_103' title='bbox 123 1147 224 1186; x_wconf 89' lang='lat' dir='ltr'><strong>sam</strong></span> <span class='ocrx_word' id='word_1_104' title='bbox 255 1133 376 1185; x_wconf 88' lang='lat' dir='ltr'><strong>mali</strong></span> <span class='ocrx_word' id='word_1_105' title='bbox 403 1132 425 1185; x_wconf 75' lang='grc' dir='ltr'><strong><em>τ</em></strong></span> <span class='ocrx_word' id='word_1_106' title='bbox 455 1129 724 1199; x_wconf 85' lang='lat' dir='ltr'><strong>Siquidem</strong></span> <span class='ocrx_word' id='word_1_107' title='bbox 749 1146 778 1182; x_wconf 88' lang='lat' dir='ltr'><strong>a</strong></span> <span class='ocrx_word' id='word_1_108' title='bbox 803 1137 988 1182; x_wconf 88' lang='lat' dir='ltr'><strong>natura</strong></span> <span class='ocrx_word' id='word_1_109' title='bbox 1017 1128 1156 1183; x_wconf 91' lang='lat' dir='ltr'><strong>bona</strong></span> <span class='ocrx_word' id='word_1_110' title='bbox 1185 1126 1240 1181; x_wconf 91' lang='lat' dir='ltr'><strong>fit</strong></span> <span class='ocrx_word' id='word_1_111' title='bbox 1264 1127 1508 1181; x_wconf 78' lang='lat' dir='ltr'><strong>voluntas</strong></span> <span class='ocrx_word' id='word_1_112' title='bbox 1530 1123 1688 1186; x_wconf 82' lang='lat' dir='ltr'><strong>malt&#39;,</strong></span> 
     </span>
    </p>
   </div>
   <div class='ocr_carea' id='block_1_13' title="bbox 126 1218 1688 1291">
    <p class='ocr_par' dir='ltr' id='par_1_13' title="bbox 126 1218 1688 1291">
     <span class='ocr_line' id='line_1_13' title="bbox 126 1218 1688 1291; baseline -0.007 -14"><span class='ocrx_word' id='word_1_113' title='bbox 126 1226 253 1289; x_wconf 85' lang='lat' dir='ltr'><strong>quod</strong></span> <span class='ocrx_word' id='word_1_114' title='bbox 283 1223 427 1278; x_wconf 89' lang='lat' dir='ltr'><strong>unde</strong></span> <span class='ocrx_word' id='word_1_115' title='bbox 458 1224 572 1278; x_wconf 91' lang='lat' dir='ltr'><strong>fieri</strong></span> <span class='ocrx_word' id='word_1_116' title='bbox 603 1230 777 1291; x_wconf 84' lang='lat' dir='ltr'><strong>potest</strong></span> <span class='ocrx_word' id='word_1_117' title='bbox 803 1228 858 1275; x_wconf 90' lang='lat' dir='ltr'><strong>ut</strong></span> <span class='ocrx_word' id='word_1_118' title='bbox 884 1228 1064 1274; x_wconf 87' lang='lat' dir='ltr'><strong>natura</strong></span> <span class='ocrx_word' id='word_1_119' title='bbox 1096 1221 1231 1274; x_wconf 88' lang='lat' dir='ltr'><strong>bona</strong></span> <span class='ocrx_word' id='word_1_120' title='bbox 1250 1260 1266 1286; x_wconf 91' lang='lat'><strong>,</strong></span> <span class='ocrx_word' id='word_1_121' title='bbox 1297 1218 1542 1288; x_wconf 89' lang='lat' dir='ltr'><strong>quamvis</strong></span> <span class='ocrx_word' id='word_1_122' title='bbox 1569 1231 1688 1269; x_wconf 84' lang='lat' dir='ltr'><strong>mu-</strong></span> 
     </span>
    </p>
   </div>
   <div class='ocr_carea' id='block_1_14' title="bbox 127 1304 1696 1382">
    <p class='ocr_par' dir='ltr' id='par_1_14' title="bbox 127 1304 1696 1382">
     <span class='ocr_line' id='line_1_14' title="bbox 127 1304 1696 1382; baseline -0.008 -14"><span class='ocrx_word' id='word_1_123' title='bbox 127 1315 324 1380; x_wconf 85' lang='lat' dir='ltr'><strong>tabilis,</strong></span> <span class='ocrx_word' id='word_1_124' title='bbox 352 1323 638 1382; x_wconf 88' lang='lat' dir='ltr'><strong>antequam</strong></span> <span class='ocrx_word' id='word_1_125' title='bbox 683 1311 880 1366; x_wconf 88' lang='lat' dir='ltr'><strong>habeat</strong></span> <span class='ocrx_word' id='word_1_126' title='bbox 918 1309 1247 1364; x_wconf 76' lang='lat' dir='ltr'><strong>voluntatem</strong></span> <span class='ocrx_word' id='word_1_127' title='bbox 1288 1307 1506 1368; x_wconf 88' lang='lat' dir='ltr'><strong>malam,</strong></span> <span class='ocrx_word' id='word_1_128' title='bbox 1540 1304 1696 1357; x_wconf 85' lang='lat' dir='ltr'><strong>faciat</strong></span> 
     </span>
    </p>
   </div>
   <div class='ocr_carea' id='block_1_15' title="bbox 125 1395 1695 1473">
    <p class='ocr_par' dir='ltr' id='par_1_15' title="bbox 125 1395 1695 1473">
     <span class='ocr_line' id='line_1_15' title="bbox 125 1395 1695 1473; baseline -0.008 -14"><span class='ocrx_word' id='word_1_129' title='bbox 125 1406 308 1473; x_wconf 89' lang='lat' dir='ltr'><strong>aliquid</strong></span> <span class='ocrx_word' id='word_1_130' title='bbox 332 1405 480 1470; x_wconf 73' lang='lat' dir='ltr'><strong>mali,</strong></span> <span class='ocrx_word' id='word_1_131' title='bbox 509 1403 608 1457; x_wconf 88' lang='lat' dir='ltr'><strong>hoc</strong></span> <span class='ocrx_word' id='word_1_132' title='bbox 633 1411 715 1457; x_wconf 90' lang='lat' dir='ltr'><strong>est</strong></span> <span class='ocrx_word' id='word_1_133' title='bbox 737 1404 905 1471; x_wconf 82' lang='lat' dir='ltr'><strong>ipsam</strong></span> <span class='ocrx_word' id='word_1_134' title='bbox 934 1400 1256 1471; x_wconf 86' lang='lat' dir='ltr'><strong>voluntatem</strong></span> <span class='ocrx_word' id='word_1_135' title='bbox 1284 1398 1502 1452; x_wconf 78' lang='lat' dir='ltr'><strong>malam?</strong></span> <span class='ocrx_word' id='word_1_136' title='bbox 1528 1395 1695 1449; x_wconf 90' lang='lat' dir='ltr'><strong>Nemo</strong></span> 
     </span>
    </p>
   </div>
   <div class='ocr_carea' id='block_1_16' title="bbox 127 1486 1699 1564">
    <p class='ocr_par' dir='ltr' id='par_1_16' title="bbox 127 1486 1699 1564">
     <span class='ocr_line' id='line_1_16' title="bbox 127 1486 1699 1564; baseline -0.007 -14"><span class='ocrx_word' id='word_1_137' title='bbox 127 1499 270 1564; x_wconf 77' lang='lat' dir='ltr'><strong>igitur</strong></span> <span class='ocrx_word' id='word_1_138' title='bbox 312 1502 517 1563; x_wconf 72' lang='lat' dir='ltr'><strong>quaerat</strong></span> <span class='ocrx_word' id='word_1_139' title='bbox 542 1493 861 1548; x_wconf 85' lang='lat' dir='ltr'><strong>efficientem</strong></span> <span class='ocrx_word' id='word_1_140' title='bbox 911 1506 1125 1546; x_wconf 82' lang='lat' dir='ltr'><strong>causam</strong></span> <span class='ocrx_word' id='word_1_141' title='bbox 1177 1491 1330 1544; x_wconf 71' lang='lat' dir='ltr'><strong>mala:</strong></span> <span class='ocrx_word' id='word_1_142' title='bbox 1370 1486 1699 1543; x_wconf 86' lang='lat' dir='ltr'><strong>voluntatis:</strong></span> 
     </span>
    </p>
   </div>
   <div class='ocr_carea' id='block_1_17' title="bbox 127 1579 1696 1652">
    <p class='ocr_par' dir='ltr' id='par_1_17' title="bbox 127 1579 1696 1652">
     <span class='ocr_line' id='line_1_17' title="bbox 127 1579 1696 1652; baseline -0.006 -11"><span class='ocrx_word' id='word_1_143' title='bbox 127 1603 224 1641; x_wconf 90' lang='lat' dir='ltr'><strong>non</strong></span> <span class='ocrx_word' id='word_1_144' title='bbox 252 1587 391 1639; x_wconf 83' lang='lat' dir='ltr'><strong>enim</strong></span> <span class='ocrx_word' id='word_1_145' title='bbox 439 1595 520 1641; x_wconf 89' lang='lat' dir='ltr'><strong>est</strong></span> <span class='ocrx_word' id='word_1_146' title='bbox 550 1584 819 1648; x_wconf 82' lang='lat' dir='ltr'><strong>efﬁciens,</strong></span> <span class='ocrx_word' id='word_1_147' title='bbox 856 1583 947 1638; x_wconf 91' lang='lat' dir='ltr'><strong>sed</strong></span> <span class='ocrx_word' id='word_1_148' title='bbox 977 1583 1259 1646; x_wconf 84' lang='lat' dir='ltr'><strong>deficiens,</strong></span> <span class='ocrx_word' id='word_1_149' title='bbox 1307 1583 1432 1652; x_wconf 84' lang='lat' dir='ltr'><strong>quia</strong></span> <span class='ocrx_word' id='word_1_150' title='bbox 1484 1596 1580 1635; x_wconf 91' lang='lat' dir='ltr'><strong>nec</strong></span> <span class='ocrx_word' id='word_1_151' title='bbox 1609 1579 1696 1633; x_wconf 90' lang='lat' dir='ltr'><strong>illa</strong></span> 
     </span>
    </p>
   </div>
   <div class='ocr_carea' id='block_1_18' title="bbox 1782 483 3362 564">
    <p class='ocr_par' dir='ltr' id='par_1_18' title="bbox 1782 483 3362 564">
     <span class='ocr_line' id='line_1_18' title="bbox 1782 483 3362 564; baseline 0 -18"><span class='ocrx_word' id='word_1_152' title='bbox 1782 494 1915 546; x_wconf 90' lang='lat' dir='ltr'><strong>tiore</strong></span> <span class='ocrx_word' id='word_1_153' title='bbox 1943 491 2188 563; x_wconf 77' lang='lat' dir='ltr'><strong>[justitia]</strong></span> <span class='ocrx_word' id='word_1_154' title='bbox 2218 483 2660 561; x_wconf 49' lang='lat' dir='ltr'><strong>contempta.“</strong></span> <span class='ocrx_word' id='word_1_155' title='bbox 2691 511 2783 564; x_wconf 91' lang='lat' dir='ltr'><strong>per</strong></span> <span class='ocrx_word' id='word_1_156' title='bbox 2836 495 2936 549; x_wconf 90' lang='lat' dir='ltr'><strong>hoc</strong></span> <span class='ocrx_word' id='word_1_157' title='bbox 2967 495 3055 563; x_wconf 89' lang='lat' dir='ltr'><strong>qui</strong></span> <span class='ocrx_word' id='word_1_158' title='bbox 3106 506 3362 562; x_wconf 83' lang='lat' dir='ltr'><strong>perverse</strong></span> 
     </span>
    </p>
   </div>
   <div class='ocr_carea' id='block_1_19' title="bbox 1781 578 3362 655">
    <p class='ocr_par' dir='ltr' id='par_1_19' title="bbox 1781 578 3362 655">
     <span class='ocr_line' id='line_1_19' title="bbox 1781 578 3362 655; baseline -0.001 -17"><span class='ocrx_word' id='word_1_159' title='bbox 1781 595 1923 638; x_wconf 87' lang='lat' dir='ltr'><strong>amat</strong></span> <span class='ocrx_word' id='word_1_160' title='bbox 1960 585 2246 655; x_wconf 85' lang='lat' dir='ltr'><strong>cujuslibet</strong></span> <span class='ocrx_word' id='word_1_161' title='bbox 2290 596 2492 640; x_wconf 63' lang='lat' dir='ltr'><strong>natura)</strong></span> <span class='ocrx_word' id='word_1_162' title='bbox 2524 578 2715 640; x_wconf 86' lang='lat' dir='ltr'><strong>bonum</strong></span> <span class='ocrx_word' id='word_1_163' title='bbox 2737 628 2751 650; x_wconf 94' lang='lat'><strong>,</strong></span> <span class='ocrx_word' id='word_1_164' title='bbox 2780 588 2984 642; x_wconf 86' lang='lat' dir='ltr'><strong>etiamsi</strong></span> <span class='ocrx_word' id='word_1_165' title='bbox 3013 587 3362 655; x_wconf 84' lang='lat' dir='ltr'><strong>adipiscatur,</strong></span> 
     </span>
    </p>
   </div>
   <div class='ocr_carea' id='block_1_20' title="bbox 1785 676 3356 746">
    <p class='ocr_par' dir='ltr' id='par_1_20' title="bbox 1785 676 3356 746">
     <span class='ocr_line' id='line_1_20' title="bbox 1785 676 3356 746; baseline -0.001 -17"><span class='ocrx_word' id='word_1_166' title='bbox 1785 676 1896 746; x_wconf 88' lang='lat' dir='ltr'><strong>Ipse</strong></span> <span class='ocrx_word' id='word_1_167' title='bbox 1929 677 1986 728; x_wconf 91' lang='lat' dir='ltr'><strong>fit</strong></span> <span class='ocrx_word' id='word_1_168' title='bbox 2015 678 2067 729; x_wconf 91' lang='lat' dir='ltr'><strong>in</strong></span> <span class='ocrx_word' id='word_1_169' title='bbox 2096 676 2237 731; x_wconf 86' lang='lat' dir='ltr'><strong>bono</strong></span> <span class='ocrx_word' id='word_1_170' title='bbox 2266 677 2436 730; x_wconf 90' lang='lat' dir='ltr'><strong>malus</strong></span> <span class='ocrx_word' id='word_1_171' title='bbox 2457 717 2472 742; x_wconf 95' lang='lat'><strong>,</strong></span> <span class='ocrx_word' id='word_1_172' title='bbox 2518 686 2572 730; x_wconf 89' lang='lat' dir='ltr'><strong>et</strong></span> <span class='ocrx_word' id='word_1_173' title='bbox 2621 676 2784 731; x_wconf 82' lang='lat' dir='ltr'><strong>miser</strong></span> <span class='ocrx_word' id='word_1_174' title='bbox 2833 677 3051 731; x_wconf 87' lang='lat' dir='ltr'><strong>meliore</strong></span> <span class='ocrx_word' id='word_1_175' title='bbox 3101 678 3356 745; x_wconf 79' lang='lat' dir='ltr'><strong>privatus.</strong></span> 
     </span>
    </p>
   </div>
   <div class='ocr_carea' id='block_1_21' title="bbox 1785 765 3360 843">
    <p class='ocr_par' dir='ltr' id='par_1_21' title="bbox 1785 765 3360 843">
     <span class='ocr_line' id='line_1_21' title="bbox 1785 765 3360 843; baseline -0.004 -21"><span class='ocrx_word' id='word_1_176' title='bbox 1785 768 1916 843; x_wconf 80' lang='lat' dir='ltr'><strong>Cum</strong></span> <span class='ocrx_word' id='word_1_177' title='bbox 1942 783 2069 837; x_wconf 78' lang='lat' dir='ltr'><strong>ergo</strong></span> <span class='ocrx_word' id='word_1_178' title='bbox 2099 770 2251 822; x_wconf 56' lang='lat' dir='ltr'><strong>malae</strong></span> <span class='ocrx_word' id='word_1_179' title='bbox 2283 768 2567 823; x_wconf 83' lang='lat' dir='ltr'><strong>voluntatis</strong></span> <span class='ocrx_word' id='word_1_180' title='bbox 2592 767 2830 822; x_wconf 87' lang='lat' dir='ltr'><strong>efficiens</strong></span> <span class='ocrx_word' id='word_1_181' title='bbox 2859 767 3137 828; x_wconf 87' lang='lat' dir='ltr'><strong>naturalis,</strong></span> <span class='ocrx_word' id='word_1_182' title='bbox 3169 769 3283 831; x_wconf 86' lang='lat' dir='ltr'><strong>vel,</strong></span> <span class='ocrx_word' id='word_1_183' title='bbox 3314 765 3360 816; x_wconf 93' lang='lat' dir='ltr'><strong>si</strong></span> 
     </span>
    </p>
   </div>
   <div class='ocr_carea' id='block_1_22' title="bbox 1787 860 3364 932">
    <p class='ocr_par' dir='ltr' id='par_1_22' title="bbox 1787 860 3364 932">
     <span class='ocr_line' id='line_1_22' title="bbox 1787 860 3364 932; baseline -0.004 -18"><span class='ocrx_word' id='word_1_184' title='bbox 1787 861 1894 932; x_wconf 74' lang='lat' dir='ltr'><strong>dici</strong></span> <span class='ocrx_word' id='word_1_185' title='bbox 1926 869 2122 930; x_wconf 90' lang='lat' dir='ltr'><strong>potest,</strong></span> <span class='ocrx_word' id='word_1_186' title='bbox 2147 861 2446 915; x_wconf 87' lang='lat' dir='ltr'><strong>essentialis</strong></span> <span class='ocrx_word' id='word_1_187' title='bbox 2470 860 2616 915; x_wconf 88' lang='lat' dir='ltr'><strong>nulla</strong></span> <span class='ocrx_word' id='word_1_188' title='bbox 2642 860 2712 914; x_wconf 93' lang='lat' dir='ltr'><strong>sit</strong></span> <span class='ocrx_word' id='word_1_189' title='bbox 2736 873 2918 922; x_wconf 88' lang='lat' dir='ltr'><strong>causa,</strong></span> <span class='ocrx_word' id='word_1_190' title='bbox 2942 861 3008 912; x_wconf 88' lang='lat' dir='ltr'><strong>ab</strong></span> <span class='ocrx_word' id='word_1_191' title='bbox 3034 862 3143 926; x_wconf 89' lang='lat' dir='ltr'><strong>lpsa</strong></span> <span class='ocrx_word' id='word_1_192' title='bbox 3170 864 3364 924; x_wconf 77' lang='lat' dir='ltr'><strong>quippe</strong></span> 
     </span>
    </p>
   </div>
   <div class='ocr_carea' id='block_1_23' title="bbox 1792 943 3364 1018">
    <p class='ocr_par' dir='ltr' id='par_1_23' title="bbox 1792 943 3364 1018">
     <span class='ocr_line' id='line_1_23' title="bbox 1792 943 3364 1018; baseline -0.006 -14"><span class='ocrx_word' id='word_1_193' title='bbox 1792 949 1979 1018; x_wconf 89' lang='lat' dir='ltr'><strong>incipit</strong></span> <span class='ocrx_word' id='word_1_194' title='bbox 2025 950 2307 1016; x_wconf 81' lang='lat' dir='ltr'><strong>spirituum</strong></span> <span class='ocrx_word' id='word_1_195' title='bbox 2338 947 2668 1001; x_wconf 89' lang='lat' dir='ltr'><strong>mutabilium</strong></span> <span class='ocrx_word' id='word_1_196' title='bbox 2701 947 2904 1000; x_wconf 82' lang='lat' dir='ltr'><strong>malum</strong></span> <span class='ocrx_word' id='word_1_197' title='bbox 2930 986 2943 1010; x_wconf 95' lang='lat'><strong>,</strong></span> <span class='ocrx_word' id='word_1_198' title='bbox 2976 960 3082 1012; x_wconf 88' lang='lat' dir='ltr'><strong>quo</strong></span> <span class='ocrx_word' id='word_1_199' title='bbox 3111 943 3364 996; x_wconf 89' lang='lat' dir='ltr'><strong>minuitur</strong></span> 
     </span>
    </p>
   </div>
   <div class='ocr_carea' id='block_1_24' title="bbox 1789 1035 3365 1109">
    <p class='ocr_par' dir='ltr' id='par_1_24' title="bbox 1789 1035 3365 1109">
     <span class='ocr_line' id='line_1_24' title="bbox 1789 1035 3365 1109; baseline -0.006 -16"><span class='ocrx_word' id='word_1_200' title='bbox 1789 1049 1948 1109; x_wconf 86' lang='lat' dir='ltr'><strong>atque</strong></span> <span class='ocrx_word' id='word_1_201' title='bbox 1974 1039 2294 1107; x_wconf 87' lang='lat' dir='ltr'><strong>depravatur</strong></span> <span class='ocrx_word' id='word_1_202' title='bbox 2325 1047 2523 1091; x_wconf 72' lang='lat' dir='ltr'><strong>natura:</strong></span> <span class='ocrx_word' id='word_1_203' title='bbox 2553 1038 2743 1091; x_wconf 90' lang='lat' dir='ltr'><strong>bonum</strong></span> <span class='ocrx_word' id='word_1_204' title='bbox 2766 1076 2782 1101; x_wconf 90' lang='lat'><strong>,</strong></span> <span class='ocrx_word' id='word_1_205' title='bbox 2806 1051 2903 1090; x_wconf 92' lang='lat' dir='ltr'><strong>nec</strong></span> <span class='ocrx_word' id='word_1_206' title='bbox 2932 1036 3088 1090; x_wconf 87' lang='lat' dir='ltr'><strong>talem</strong></span> <span class='ocrx_word' id='word_1_207' title='bbox 3118 1035 3365 1088; x_wconf 82' lang='lat' dir='ltr'><strong>volunta-</strong></span> 
     </span>
    </p>
   </div>
   <div class='ocr_carea' id='block_1_25' title="bbox 1802 1122 3368 1197">
    <p class='ocr_par' dir='ltr' id='par_1_25' title="bbox 1802 1122 3368 1197">
     <span class='ocr_line' id='line_1_25' title="bbox 1802 1122 3368 1197; baseline -0.004 -13"><span class='ocrx_word' id='word_1_208' title='bbox 1802 1140 1907 1185; x_wconf 84' lang='lat' dir='ltr'><strong>tem</strong></span> <span class='ocrx_word' id='word_1_209' title='bbox 1941 1130 2090 1194; x_wconf 89' lang='lat' dir='ltr'><strong>facit,</strong></span> <span class='ocrx_word' id='word_1_210' title='bbox 2117 1131 2217 1183; x_wconf 84' lang='lat' dir='ltr'><strong>nisi</strong></span> <span class='ocrx_word' id='word_1_211' title='bbox 2242 1129 2472 1184; x_wconf 80' lang='lat' dir='ltr'><strong>defectio</strong></span> <span class='ocrx_word' id='word_1_212' title='bbox 2497 1143 2599 1197; x_wconf 86' lang='lat' dir='ltr'><strong>qua</strong></span> <span class='ocrx_word' id='word_1_213' title='bbox 2621 1127 2883 1180; x_wconf 73' lang='lat' dir='ltr'><strong>deseritur</strong></span> <span class='ocrx_word' id='word_1_214' title='bbox 2914 1127 3071 1190; x_wconf 89' lang='lat' dir='ltr'><strong>Deus,</strong></span> <span class='ocrx_word' id='word_1_215' title='bbox 3095 1124 3247 1193; x_wconf 89' lang='lat' dir='ltr'><strong>cujus</strong></span> <span class='ocrx_word' id='word_1_216' title='bbox 3274 1122 3368 1177; x_wconf 77' lang='lat' dir='ltr'><strong>dc~</strong></span> 
     </span>
    </p>
   </div>
   <div class='ocr_carea' id='block_1_26' title="bbox 1794 1214 3367 1287">
    <p class='ocr_par' dir='ltr' id='par_1_26' title="bbox 1794 1214 3367 1287">
     <span class='ocr_line' id='line_1_26' title="bbox 1794 1214 3367 1287; baseline -0.005 -12"><span class='ocrx_word' id='word_1_217' title='bbox 1794 1222 2039 1275; x_wconf 89' lang='lat' dir='ltr'><strong>fectionis</strong></span> <span class='ocrx_word' id='word_1_218' title='bbox 2078 1222 2238 1275; x_wconf 91' lang='lat' dir='ltr'><strong>etiam</strong></span> <span class='ocrx_word' id='word_1_219' title='bbox 2284 1234 2443 1273; x_wconf 87' lang='lat' dir='ltr'><strong>causa</strong></span> <span class='ocrx_word' id='word_1_220' title='bbox 2487 1220 2668 1287; x_wconf 83' lang='lat' dir='ltr'><strong>utique</strong></span> <span class='ocrx_word' id='word_1_221' title='bbox 2720 1215 2946 1271; x_wconf 89' lang='lat' dir='ltr'><strong>deficit:</strong></span> <span class='ocrx_word' id='word_1_222' title='bbox 2987 1218 3030 1269; x_wconf 88' lang='lat' dir='ltr'><strong>si</strong></span> <span class='ocrx_word' id='word_1_223' title='bbox 3070 1214 3367 1269; x_wconf 76' lang='lat' dir='ltr'><strong>dixerimus</strong></span> 
     </span>
    </p>
   </div>
   <div class='ocr_carea' id='block_1_27' title="bbox 1797 1305 3369 1374">
    <p class='ocr_par' dir='ltr' id='par_1_27' title="bbox 1797 1305 3369 1374">
     <span class='ocr_line' id='line_1_27' title="bbox 1797 1305 3369 1374; baseline -0.007 -6"><span class='ocrx_word' id='word_1_224' title='bbox 1797 1315 1998 1368; x_wconf 89' lang='lat' dir='ltr'><strong>nullam</strong></span> <span class='ocrx_word' id='word_1_225' title='bbox 2031 1327 2147 1368; x_wconf 60' lang='lat' dir='ltr'><strong>e&lt;se2</strong></span> <span class='ocrx_word' id='word_1_226' title='bbox 2174 1311 2498 1366; x_wconf 71' lang='lat' dir='ltr'><strong>efficientem</strong></span> <span class='ocrx_word' id='word_1_227' title='bbox 2520 1323 2731 1364; x_wconf 85' lang='lat' dir='ltr'><strong>causam</strong></span> <span class='ocrx_word' id='word_1_228' title='bbox 2751 1348 2767 1374; x_wconf 91' lang='lat'><strong>,</strong></span> <span class='ocrx_word' id='word_1_229' title='bbox 2791 1310 2952 1361; x_wconf 89' lang='lat' dir='ltr'><strong>etiam</strong></span> <span class='ocrx_word' id='word_1_230' title='bbox 2977 1305 3260 1359; x_wconf 88' lang='lat' dir='ltr'><strong>voluntatis</strong></span> <span class='ocrx_word' id='word_1_231' title='bbox 3285 1305 3369 1357; x_wconf 87' lang='lat' dir='ltr'><strong>bo-</strong></span> 
     </span>
    </p>
   </div>
   <div class='ocr_carea' id='block_1_28' title="bbox 1799 1396 3369 1471">
    <p class='ocr_par' dir='ltr' id='par_1_28' title="bbox 1799 1396 3369 1471">
     <span class='ocr_line' id='line_1_28' title="bbox 1799 1396 3369 1471; baseline -0.009 -12"><span class='ocrx_word' id='word_1_232' title='bbox 1799 1420 1904 1471; x_wconf 81' lang='lat' dir='ltr'><strong>me,</strong></span> <span class='ocrx_word' id='word_1_233' title='bbox 1931 1402 2223 1458; x_wconf 88' lang='lat' dir='ltr'><strong>cavendum</strong></span> <span class='ocrx_word' id='word_1_234' title='bbox 2252 1410 2336 1456; x_wconf 89' lang='lat' dir='ltr'><strong>est</strong></span> <span class='ocrx_word' id='word_1_235' title='bbox 2365 1417 2430 1455; x_wconf 90' lang='lat' dir='ltr'><strong>ne</strong></span> <span class='ocrx_word' id='word_1_236' title='bbox 2484 1401 2726 1454; x_wconf 86' lang='lat' dir='ltr'><strong>voluntas</strong></span> <span class='ocrx_word' id='word_1_237' title='bbox 2754 1397 2892 1452; x_wconf 90' lang='lat' dir='ltr'><strong>bona</strong></span> <span class='ocrx_word' id='word_1_238' title='bbox 2921 1396 3176 1449; x_wconf 89' lang='lat' dir='ltr'><strong>bonormn</strong></span> <span class='ocrx_word' id='word_1_239' title='bbox 3205 1406 3369 1461; x_wconf 74' lang='lat' dir='ltr'><strong>ange-</strong></span> 
     </span>
    </p>
   </div>
   <div class='ocr_carea' id='block_1_29' title="bbox 1801 1484 3366 1555">
    <p class='ocr_par' dir='ltr' id='par_1_29' title="bbox 1801 1484 3366 1555">
     <span class='ocr_line' id='line_1_29' title="bbox 1801 1484 3366 1555; baseline -0.013 -3"><span class='ocrx_word' id='word_1_240' title='bbox 1801 1500 1852 1554; x_wconf 93' lang='lat' dir='ltr'><strong>lo</strong></span> <span class='ocrx_word' id='word_1_241' title='bbox 1886 1513 1974 1552; x_wconf 91' lang='lat' dir='ltr'><strong>um</strong></span> <span class='ocrx_word' id='word_1_242' title='bbox 2016 1512 2118 1551; x_wconf 91' lang='lat' dir='ltr'><strong>non</strong></span> <span class='ocrx_word' id='word_1_243' title='bbox 2156 1495 2291 1548; x_wconf 87' lang='lat' dir='ltr'><strong>facta</strong></span> <span class='ocrx_word' id='word_1_244' title='bbox 2316 1535 2330 1555; x_wconf 88' lang='lat'><strong>,</strong></span> <span class='ocrx_word' id='word_1_245' title='bbox 2374 1493 2465 1547; x_wconf 85' lang='lat' dir='ltr'><strong>sed</strong></span> <span class='ocrx_word' id='word_1_246' title='bbox 2493 1492 2604 1546; x_wconf 85' lang='lat' dir='ltr'><strong>Deo</strong></span> <span class='ocrx_word' id='word_1_247' title='bbox 2645 1498 2906 1545; x_wconf 66' lang='lat' dir='ltr'><strong>comterna</strong></span> <span class='ocrx_word' id='word_1_248' title='bbox 2945 1501 3063 1540; x_wconf 81' lang='lat' dir='ltr'><strong>esse</strong></span> <span class='ocrx_word' id='word_1_249' title='bbox 3099 1484 3366 1539; x_wconf 86' lang='lat' dir='ltr'><strong>credatur.</strong></span> 
     </span>
    </p>
   </div>
   <div class='ocr_carea' id='block_1_30' title="bbox 1802 1574 3373 1659">
    <p class='ocr_par' dir='ltr' id='par_1_30' title="bbox 1802 1574 3373 1659">
     <span class='ocr_line' id='line_1_30' title="bbox 1802 1574 3373 1659; baseline -0.013 -15"><span class='ocrx_word' id='word_1_250' title='bbox 1802 1589 1935 1644; x_wconf 87' lang='lat' dir='ltr'><strong>Cum</strong></span> <span class='ocrx_word' id='word_1_251' title='bbox 1964 1603 2089 1657; x_wconf 73' lang='lat' dir='ltr'><strong>ergo</strong></span> <span class='ocrx_word' id='word_1_252' title='bbox 2120 1583 2308 1659; x_wconf 79' lang='lat' dir='ltr'><strong>[enim]</strong></span> <span class='ocrx_word' id='word_1_253' title='bbox 2338 1585 2436 1653; x_wconf 88' lang='lat' dir='ltr'><strong>ipsi</strong></span> <span class='ocrx_word' id='word_1_254' title='bbox 2477 1582 2599 1636; x_wconf 91' lang='lat' dir='ltr'><strong>facti</strong></span> <span class='ocrx_word' id='word_1_255' title='bbox 2643 1581 2770 1646; x_wconf 88' lang='lat' dir='ltr'><strong>sint,</strong></span> <span class='ocrx_word' id='word_1_256' title='bbox 2818 1578 3086 1649; x_wconf 88' lang='lat' dir='ltr'><strong>quomodo</strong></span> <span class='ocrx_word' id='word_1_257' title='bbox 3131 1591 3235 1630; x_wconf 89' lang='lat' dir='ltr'><strong>non</strong></span> <span class='ocrx_word' id='word_1_258' title='bbox 3287 1574 3373 1628; x_wconf 87' lang='lat' dir='ltr'><strong>i!la</strong></span> 
     </span>
    </p>
   </div>
   <div class='ocr_carea' id='block_1_31' title="bbox 125 1666 1703 1744">
    <p class='ocr_par' dir='ltr' id='par_1_31' title="bbox 125 1670 1702 1744">
     <span class='ocr_line' id='line_1_31' title="bbox 125 1670 1702 1744; baseline -0.004 -13"><span class='ocrx_word' id='word_1_259' title='bbox 125 1676 349 1744; x_wconf 70' lang='lat' dir='ltr'><strong>effectio,</strong></span> <span class='ocrx_word' id='word_1_260' title='bbox 383 1676 479 1730; x_wconf 90' lang='lat' dir='ltr'><strong>sed</strong></span> <span class='ocrx_word' id='word_1_261' title='bbox 511 1675 742 1730; x_wconf 85' lang='lat' dir='ltr'><strong>defectio</strong></span> <span class='ocrx_word' id='word_1_262' title='bbox 776 1692 788 1727; x_wconf 89' lang='lat'><strong>:</strong></span> <span class='ocrx_word' id='word_1_263' title='bbox 822 1673 1055 1729; x_wconf 86' lang='lat' dir='ltr'><strong>deficere</strong></span> <span class='ocrx_word' id='word_1_264' title='bbox 1102 1688 1327 1742; x_wconf 86' lang='lat' dir='ltr'><strong>namque</strong></span> <span class='ocrx_word' id='word_1_265' title='bbox 1353 1674 1420 1726; x_wconf 89' lang='lat' dir='ltr'><strong>ab</strong></span> <span class='ocrx_word' id='word_1_266' title='bbox 1465 1685 1531 1727; x_wconf 91' lang='lat' dir='ltr'><strong>eo</strong></span> <span class='ocrx_word' id='word_1_267' title='bbox 1559 1670 1702 1739; x_wconf 88' lang='lat' dir='ltr'><strong>quod</strong></span> 
     </span>
    </p>
   </div>
   <div class='ocr_carea' id='block_1_32' title="bbox 1808 1666 3375 1744">
    <p class='ocr_par' dir='ltr' id='par_1_32' title="bbox 1808 1671 3375 1744">
     <span class='ocr_line' id='line_1_32' title="bbox 1808 1671 3375 1744; baseline -0.012 -8"><span class='ocrx_word' id='word_1_268' title='bbox 1808 1681 1944 1735; x_wconf 89' lang='lat' dir='ltr'><strong>facta</strong></span> <span class='ocrx_word' id='word_1_269' title='bbox 1973 1693 2090 1733; x_wconf 89' lang='lat' dir='ltr'><strong>esse</strong></span> <span class='ocrx_word' id='word_1_270' title='bbox 2117 1679 2344 1732; x_wconf 84' lang='lat' dir='ltr'><strong>dicitur:</strong></span> <span class='ocrx_word' id='word_1_271' title='bbox 2380 1688 2538 1744; x_wconf 89' lang='lat' dir='ltr'><strong>porro</strong></span> <span class='ocrx_word' id='word_1_272' title='bbox 2563 1674 2683 1742; x_wconf 86' lang='lat' dir='ltr'><strong>quia</strong></span> <span class='ocrx_word' id='word_1_273' title='bbox 2724 1671 2857 1726; x_wconf 90' lang='lat' dir='ltr'><strong>facta</strong></span> <span class='ocrx_word' id='word_1_274' title='bbox 2887 1679 2966 1726; x_wconf 91' lang='lat' dir='ltr'><strong>est</strong></span> <span class='ocrx_word' id='word_1_275' title='bbox 2986 1711 3002 1736; x_wconf 95' lang='lat'><strong>,</strong></span> <span class='ocrx_word' id='word_1_276' title='bbox 3049 1678 3223 1722; x_wconf 91' lang='lat' dir='ltr'><strong>utrum</strong></span> <span class='ocrx_word' id='word_1_277' title='bbox 3255 1681 3375 1720; x_wconf 91' lang='lat' dir='ltr'><strong>cum</strong></span> 
     </span>
    </p>
   </div>
   <div class='ocr_carea' id='block_1_33' title="bbox 129 1761 1701 1832">
    <p class='ocr_par' dir='ltr' id='par_1_33' title="bbox 129 1761 1701 1832">
     <span class='ocr_line' id='line_1_33' title="bbox 129 1761 1701 1832; baseline -0.003 -12"><span class='ocrx_word' id='word_1_278' title='bbox 129 1781 324 1820; x_wconf 84' lang='lat' dir='ltr'><strong>summe</strong></span> <span class='ocrx_word' id='word_1_279' title='bbox 367 1776 452 1822; x_wconf 90' lang='lat' dir='ltr'><strong>est</strong></span> <span class='ocrx_word' id='word_1_280' title='bbox 492 1766 558 1820; x_wconf 91' lang='lat' dir='ltr'><strong>ad</strong></span> <span class='ocrx_word' id='word_1_281' title='bbox 607 1765 657 1819; x_wconf 91' lang='lat' dir='ltr'><strong>id</strong></span> <span class='ocrx_word' id='word_1_282' title='bbox 685 1765 822 1832; x_wconf 92' lang='lat' dir='ltr'><strong>quod</strong></span> <span class='ocrx_word' id='word_1_283' title='bbox 854 1762 1026 1819; x_wconf 88' lang='lat' dir='ltr'><strong>minus</strong></span> <span class='ocrx_word' id='word_1_284' title='bbox 1071 1775 1172 1828; x_wconf 89' lang='lat' dir='ltr'><strong>est,</strong></span> <span class='ocrx_word' id='word_1_285' title='bbox 1210 1768 1311 1818; x_wconf 93' lang='lat' dir='ltr'><strong>hoc</strong></span> <span class='ocrx_word' id='word_1_286' title='bbox 1355 1768 1440 1817; x_wconf 87' lang='lat' dir='ltr'><strong>est</strong></span> <span class='ocrx_word' id='word_1_287' title='bbox 1465 1761 1701 1830; x_wconf 87' lang='lat' dir='ltr'><strong>incipere</strong></span> 
     </span>
    </p>
   </div>
   <div class='ocr_carea' id='block_1_34' title="bbox 133 1853 1702 1924">
    <p class='ocr_par' dir='ltr' id='par_1_34' title="bbox 133 1853 1702 1924">
     <span class='ocr_line' id='line_1_34' title="bbox 133 1853 1702 1924; baseline -0.002 -13"><span class='ocrx_word' id='word_1_288' title='bbox 133 1857 314 1912; x_wconf 85' lang='lat' dir='ltr'><strong>habere</strong></span> <span class='ocrx_word' id='word_1_289' title='bbox 340 1857 669 1912; x_wconf 78' lang='lat' dir='ltr'><strong>voluntatem</strong></span> <span class='ocrx_word' id='word_1_290' title='bbox 697 1857 912 1911; x_wconf 87' lang='lat' dir='ltr'><strong>malam.</strong></span> <span class='ocrx_word' id='word_1_291' title='bbox 941 1854 1138 1910; x_wconf 86' lang='lat' dir='ltr'><strong>Causas</strong></span> <span class='ocrx_word' id='word_1_292' title='bbox 1165 1869 1323 1924; x_wconf 91' lang='lat' dir='ltr'><strong>porro</strong></span> <span class='ocrx_word' id='word_1_293' title='bbox 1347 1853 1702 1908; x_wconf 76' lang='lat' dir='ltr'><strong>defectionem</strong></span> 
     </span>
    </p>
   </div>
   <div class='ocr_carea' id='block_1_35' title="bbox 133 1944 1703 2012">
    <p class='ocr_par' dir='ltr' id='par_1_35' title="bbox 133 1944 1703 2012">
     <span class='ocr_line' id='line_1_35' title="bbox 133 1944 1703 2012; baseline -0.003 -12"><span class='ocrx_word' id='word_1_294' title='bbox 133 1949 359 2012; x_wconf 79' lang='lat' dir='ltr'><strong>istarum,</strong></span> <span class='ocrx_word' id='word_1_295' title='bbox 389 1962 511 2002; x_wconf 86' lang='lat' dir='ltr'><strong>cum</strong></span> <span class='ocrx_word' id='word_1_296' title='bbox 551 1946 842 2002; x_wconf 83' lang='lat' dir='ltr'><strong>efficientes</strong></span> <span class='ocrx_word' id='word_1_297' title='bbox 882 1961 988 2000; x_wconf 91' lang='lat' dir='ltr'><strong>non</strong></span> <span class='ocrx_word' id='word_1_298' title='bbox 1019 1945 1151 2006; x_wconf 85' lang='lat' dir='ltr'><strong>sint.</strong></span> <span class='ocrx_word' id='word_1_299' title='bbox 1177 1955 1235 1999; x_wconf 92' lang='lat' dir='ltr'><strong>ut</strong></span> <span class='ocrx_word' id='word_1_300' title='bbox 1260 1945 1367 1999; x_wconf 78' lang='lat' dir='ltr'><strong>dixi</strong></span> <span class='ocrx_word' id='word_1_301' title='bbox 1394 1988 1409 2012; x_wconf 92' lang='lat'><strong>,</strong></span> <span class='ocrx_word' id='word_1_302' title='bbox 1447 1944 1540 2000; x_wconf 91' lang='lat' dir='ltr'><strong>sed</strong></span> <span class='ocrx_word' id='word_1_303' title='bbox 1570 1945 1703 1999; x_wconf 85' lang='lat' dir='ltr'><strong>defi-</strong></span> 
     </span>
    </p>
   </div>
   <div class='ocr_carea' id='block_1_36' title="bbox 131 2035 1706 2106">
    <p class='ocr_par' dir='ltr' id='par_1_36' title="bbox 131 2035 1706 2106">
     <span class='ocr_line' id='line_1_36' title="bbox 131 2035 1706 2106; baseline -0.003 -14"><span class='ocrx_word' id='word_1_304' title='bbox 131 2042 346 2104; x_wconf 86' lang='lat' dir='ltr'><strong>cientes,</strong></span> <span class='ocrx_word' id='word_1_305' title='bbox 371 2040 510 2093; x_wconf 91' lang='lat' dir='ltr'><strong>velle</strong></span> <span class='ocrx_word' id='word_1_306' title='bbox 532 2038 586 2092; x_wconf 88' lang='lat' dir='ltr'><strong>itt</strong></span> <span class='ocrx_word' id='word_1_307' title='bbox 614 2039 819 2105; x_wconf 91' lang='lat' dir='ltr'><strong>venire,</strong></span> <span class='ocrx_word' id='word_1_308' title='bbox 848 2038 951 2092; x_wconf 84' lang='lat' dir='ltr'><strong>tale</strong></span> <span class='ocrx_word' id='word_1_309' title='bbox 981 2048 1062 2092; x_wconf 89' lang='lat' dir='ltr'><strong>est</strong></span> <span class='ocrx_word' id='word_1_310' title='bbox 1088 2051 1149 2091; x_wconf 91' lang='lat' dir='ltr'><strong>ac</strong></span> <span class='ocrx_word' id='word_1_311' title='bbox 1173 2037 1218 2090; x_wconf 64' lang='lat' dir='ltr'><strong>si</strong></span> <span class='ocrx_word' id='word_1_312' title='bbox 1244 2037 1521 2106; x_wconf 74' lang='lat' dir='ltr'><strong>quisquam</strong></span> <span class='ocrx_word' id='word_1_313' title='bbox 1545 2035 1706 2090; x_wconf 89' lang='lat' dir='ltr'><strong>vellet</strong></span> 
     </span>
    </p>
   </div>
   <div class='ocr_carea' id='block_1_37' title="bbox 132 2128 1698 2197">
    <p class='ocr_par' dir='ltr' id='par_1_37' title="bbox 132 2128 1698 2197">
     <span class='ocr_line' id='line_1_37' title="bbox 132 2128 1698 2197; baseline -0.002 -12"><span class='ocrx_word' id='word_1_314' title='bbox 132 2135 301 2187; x_wconf 75' lang='lat' dir='ltr'><strong>vi-lere</strong></span> <span class='ocrx_word' id='word_1_315' title='bbox 345 2132 596 2187; x_wconf 86' lang='lat' dir='ltr'><strong>tenebras</strong></span> <span class='ocrx_word' id='word_1_316' title='bbox 645 2130 728 2184; x_wconf 91' lang='lat' dir='ltr'><strong>vel</strong></span> <span class='ocrx_word' id='word_1_317' title='bbox 779 2129 962 2184; x_wconf 89' lang='lat' dir='ltr'><strong>audire</strong></span> <span class='ocrx_word' id='word_1_318' title='bbox 1009 2129 1302 2194; x_wconf 90' lang='lat' dir='ltr'><strong>silentium,</strong></span> <span class='ocrx_word' id='word_1_319' title='bbox 1348 2128 1490 2197; x_wconf 85' lang='lat' dir='ltr'><strong>quod</strong></span> <span class='ocrx_word' id='word_1_320' title='bbox 1522 2137 1698 2182; x_wconf 91' lang='lat' dir='ltr'><strong>tamen</strong></span> 
     </span>
    </p>
   </div>
   <div class='ocr_carea' id='block_1_38' title="bbox 134 2217 1706 2290">
    <p class='ocr_par' dir='ltr' id='par_1_38' title="bbox 134 2217 1706 2290">
     <span class='ocr_line' id='line_1_38' title="bbox 134 2217 1706 2290; baseline -0.003 -16"><span class='ocrx_word' id='word_1_321' title='bbox 134 2230 401 2290; x_wconf 64' lang='lat' dir='ltr'><strong>utrumque</strong></span> <span class='ocrx_word' id='word_1_322' title='bbox 433 2221 585 2274; x_wconf 90' lang='lat' dir='ltr'><strong>nobis</strong></span> <span class='ocrx_word' id='word_1_323' title='bbox 611 2228 790 2273; x_wconf 89' lang='lat' dir='ltr'><strong>notum</strong></span> <span class='ocrx_word' id='word_1_324' title='bbox 817 2230 919 2273; x_wconf 89' lang='lat' dir='ltr'><strong>est.</strong></span> <span class='ocrx_word' id='word_1_325' title='bbox 947 2217 1134 2287; x_wconf 84' lang='lat' dir='ltr'><strong>Neque</strong></span> <span class='ocrx_word' id='word_1_326' title='bbox 1176 2217 1303 2272; x_wconf 89' lang='lat' dir='ltr'><strong>illud</strong></span> <span class='ocrx_word' id='word_1_327' title='bbox 1330 2217 1432 2271; x_wconf 91' lang='lat' dir='ltr'><strong>nisi</strong></span> <span class='ocrx_word' id='word_1_328' title='bbox 1459 2232 1553 2287; x_wconf 91' lang='lat' dir='ltr'><strong>per</strong></span> <span class='ocrx_word' id='word_1_329' title='bbox 1578 2232 1706 2272; x_wconf 89' lang='lat' dir='ltr'><strong>ocu-</strong></span> 
     </span>
    </p>
   </div>
   <div class='ocr_carea' id='block_1_39' title="bbox 137 2306 1705 2379">
    <p class='ocr_par' dir='ltr' id='par_1_39' title="bbox 137 2306 1705 2379">
     <span class='ocr_line' id='line_1_39' title="bbox 137 2306 1705 2379; baseline -0.004 -12"><span class='ocrx_word' id='word_1_330' title='bbox 137 2315 228 2375; x_wconf 90' lang='lat' dir='ltr'><strong>los,</strong></span> <span class='ocrx_word' id='word_1_331' title='bbox 251 2327 422 2379; x_wconf 89' lang='lat' dir='ltr'><strong>neque</strong></span> <span class='ocrx_word' id='word_1_332' title='bbox 453 2311 554 2363; x_wconf 91' lang='lat' dir='ltr'><strong>hoc</strong></span> <span class='ocrx_word' id='word_1_333' title='bbox 578 2310 679 2362; x_wconf 82' lang='lat' dir='ltr'><strong>nisi</strong></span> <span class='ocrx_word' id='word_1_334' title='bbox 708 2324 801 2377; x_wconf 89' lang='lat' dir='ltr'><strong>per</strong></span> <span class='ocrx_word' id='word_1_335' title='bbox 821 2323 997 2373; x_wconf 87' lang='lat' dir='ltr'><strong>aures,</strong></span> <span class='ocrx_word' id='word_1_336' title='bbox 1025 2324 1126 2362; x_wconf 93' lang='lat' dir='ltr'><strong>non</strong></span> <span class='ocrx_word' id='word_1_337' title='bbox 1156 2321 1288 2363; x_wconf 86' lang='lat' dir='ltr'><strong>sane</strong></span> <span class='ocrx_word' id='word_1_338' title='bbox 1313 2309 1362 2362; x_wconf 89' lang='lat' dir='ltr'><strong>in</strong></span> <span class='ocrx_word' id='word_1_339' title='bbox 1385 2306 1584 2377; x_wconf 87' lang='lat' dir='ltr'><strong>specie,</strong></span> <span class='ocrx_word' id='word_1_340' title='bbox 1609 2307 1705 2362; x_wconf 89' lang='lat' dir='ltr'><strong>sed</strong></span> 
     </span>
    </p>
   </div>
   <div class='ocr_carea' id='block_1_40' title="bbox 135 2398 1708 2470">
    <p class='ocr_par' dir='ltr' id='par_1_40' title="bbox 135 2398 1708 2470">
     <span class='ocr_line' id='line_1_40' title="bbox 135 2398 1708 2470; baseline -0.003 -14"><span class='ocrx_word' id='word_1_341' title='bbox 135 2403 182 2456; x_wconf 85' lang='lat' dir='ltr'><strong>in</strong></span> <span class='ocrx_word' id='word_1_342' title='bbox 211 2401 400 2470; x_wconf 86' lang='lat' dir='ltr'><strong>speciei</strong></span> <span class='ocrx_word' id='word_1_343' title='bbox 437 2400 762 2470; x_wconf 86' lang='lat' dir='ltr'><strong>privatione.</strong></span> <span class='ocrx_word' id='word_1_344' title='bbox 783 2399 949 2454; x_wconf 89' lang='lat' dir='ltr'><strong>Nemo</strong></span> <span class='ocrx_word' id='word_1_345' title='bbox 978 2413 1106 2468; x_wconf 73' lang='lat' dir='ltr'><strong>ergo</strong></span> <span class='ocrx_word' id='word_1_346' title='bbox 1128 2413 1189 2453; x_wconf 77' lang='lat' dir='ltr'><strong>ex</strong></span> <span class='ocrx_word' id='word_1_347' title='bbox 1217 2413 1302 2454; x_wconf 90' lang='lat' dir='ltr'><strong>me</strong></span> <span class='ocrx_word' id='word_1_348' title='bbox 1330 2398 1470 2453; x_wconf 86' lang='lat' dir='ltr'><strong>scire</strong></span> <span class='ocrx_word' id='word_1_349' title='bbox 1501 2406 1708 2467; x_wconf 84' lang='lat' dir='ltr'><strong>quaerat</strong></span> 
     </span>
    </p>
   </div>
   <div class='ocr_carea' id='block_1_41' title="bbox 135 2487 1710 2561">
    <p class='ocr_par' dir='ltr' id='par_1_41' title="bbox 135 2487 1710 2561">
     <span class='ocr_line' id='line_1_41' title="bbox 135 2487 1710 2561; baseline -0.003 -16"><span class='ocrx_word' id='word_1_350' title='bbox 135 2491 265 2561; x_wconf 91' lang='lat' dir='ltr'><strong>quod</strong></span> <span class='ocrx_word' id='word_1_351' title='bbox 310 2507 395 2544; x_wconf 90' lang='lat' dir='ltr'><strong>me</strong></span> <span class='ocrx_word' id='word_1_352' title='bbox 443 2490 654 2544; x_wconf 88' lang='lat' dir='ltr'><strong>nescire</strong></span> <span class='ocrx_word' id='word_1_353' title='bbox 699 2490 830 2555; x_wconf 84' lang='lat' dir='ltr'><strong>scio,</strong></span> <span class='ocrx_word' id='word_1_354' title='bbox 882 2487 983 2542; x_wconf 92' lang='lat' dir='ltr'><strong>nisi</strong></span> <span class='ocrx_word' id='word_1_355' title='bbox 1024 2489 1159 2543; x_wconf 91' lang='lat' dir='ltr'><strong>forte</strong></span> <span class='ocrx_word' id='word_1_356' title='bbox 1204 2498 1259 2543; x_wconf 86' lang='lat' dir='ltr'><strong>ut</strong></span> <span class='ocrx_word' id='word_1_357' title='bbox 1291 2489 1501 2543; x_wconf 89' lang='lat' dir='ltr'><strong>nescire</strong></span> <span class='ocrx_word' id='word_1_358' title='bbox 1540 2488 1710 2541; x_wconf 81' lang='lat' dir='ltr'><strong>discat</strong></span> 
     </span>
    </p>
   </div>
   <div class='ocr_carea' id='block_1_42' title="bbox 136 2579 1710 2652">
    <p class='ocr_par' dir='ltr' id='par_1_42' title="bbox 136 2579 1710 2652">
     <span class='ocr_line' id='line_1_42' title="bbox 136 2579 1710 2652; baseline -0.004 -14"><span class='ocrx_word' id='word_1_359' title='bbox 136 2584 266 2652; x_wconf 87' lang='lat' dir='ltr'><strong>quod</strong></span> <span class='ocrx_word' id='word_1_360' title='bbox 291 2583 432 2637; x_wconf 91' lang='lat' dir='ltr'><strong>scire</strong></span> <span class='ocrx_word' id='word_1_361' title='bbox 463 2597 570 2636; x_wconf 90' lang='lat' dir='ltr'><strong>non</strong></span> <span class='ocrx_word' id='word_1_362' title='bbox 600 2595 755 2650; x_wconf 82' lang='lat' dir='ltr'><strong>posse</strong></span> <span class='ocrx_word' id='word_1_363' title='bbox 783 2579 1062 2634; x_wconf 81' lang='lat' dir='ltr'><strong>sciendum</strong></span> <span class='ocrx_word' id='word_1_364' title='bbox 1111 2589 1210 2634; x_wconf 84' lang='lat' dir='ltr'><strong>est.</strong></span> <span class='ocrx_word' id='word_1_365' title='bbox 1247 2579 1320 2633; x_wconf 87' lang='lat' dir='ltr'><strong>Ea</strong></span> <span class='ocrx_word' id='word_1_366' title='bbox 1365 2579 1560 2648; x_wconf 89' lang='lat' dir='ltr'><strong>quippe</strong></span> <span class='ocrx_word' id='word_1_367' title='bbox 1589 2593 1710 2646; x_wconf 72' lang='lat' dir='ltr'><strong>quae</strong></span> 
     </span>
    </p>
   </div>
   <div class='ocr_carea' id='block_1_43' title="bbox 140 2666 1709 2742">
    <p class='ocr_par' dir='ltr' id='par_1_43' title="bbox 140 2666 1709 2742">
     <span class='ocr_line' id='line_1_43' title="bbox 140 2666 1709 2742; baseline -0.003 -15"><span class='ocrx_word' id='word_1_368' title='bbox 140 2690 236 2727; x_wconf 91' lang='lat' dir='ltr'><strong>non</strong></span> <span class='ocrx_word' id='word_1_369' title='bbox 261 2673 312 2726; x_wconf 87' lang='lat' dir='ltr'><strong>in</strong></span> <span class='ocrx_word' id='word_1_370' title='bbox 344 2671 550 2742; x_wconf 88' lang='lat' dir='ltr'><strong>specie,</strong></span> <span class='ocrx_word' id='word_1_371' title='bbox 583 2670 678 2725; x_wconf 90' lang='lat' dir='ltr'><strong>sed</strong></span> <span class='ocrx_word' id='word_1_372' title='bbox 701 2669 755 2724; x_wconf 90' lang='lat' dir='ltr'><strong>in</strong></span> <span class='ocrx_word' id='word_1_373' title='bbox 777 2671 894 2740; x_wconf 84' lang='lat' dir='ltr'><strong>ejus</strong></span> <span class='ocrx_word' id='word_1_374' title='bbox 916 2669 1214 2739; x_wconf 81' lang='lat' dir='ltr'><strong>privatione</strong></span> <span class='ocrx_word' id='word_1_375' title='bbox 1239 2671 1498 2736; x_wconf 89' lang='lat' dir='ltr'><strong>sciuntur,</strong></span> <span class='ocrx_word' id='word_1_376' title='bbox 1528 2668 1573 2722; x_wconf 89' lang='lat' dir='ltr'><strong>si</strong></span> <span class='ocrx_word' id='word_1_377' title='bbox 1603 2666 1709 2722; x_wconf 87' lang='lat' dir='ltr'><strong>dici</strong></span> 
     </span>
    </p>
   </div>
   <div class='ocr_carea' id='block_1_44' title="bbox 139 2761 1704 2833">
    <p class='ocr_par' dir='ltr' id='par_1_44' title="bbox 139 2761 1704 2833">
     <span class='ocr_line' id='line_1_44' title="bbox 139 2761 1704 2833; baseline -0.003 -15"><span class='ocrx_word' id='word_1_378' title='bbox 139 2775 222 2818; x_wconf 88' lang='lat' dir='ltr'><strong>aut</strong></span> <span class='ocrx_word' id='word_1_379' title='bbox 245 2763 467 2833; x_wconf 73' lang='lat' dir='ltr'><strong>intelligi</strong></span> <span class='ocrx_word' id='word_1_380' title='bbox 494 2771 686 2833; x_wconf 87' lang='lat' dir='ltr'><strong>potest,</strong></span> <span class='ocrx_word' id='word_1_381' title='bbox 712 2761 1104 2830; x_wconf 87' lang='lat' dir='ltr'><strong>quodammodo</strong></span> <span class='ocrx_word' id='word_1_382' title='bbox 1128 2761 1415 2816; x_wconf 86' lang='lat' dir='ltr'><strong>nesciendo</strong></span> <span class='ocrx_word' id='word_1_383' title='bbox 1440 2761 1704 2824; x_wconf 90' lang='lat' dir='ltr'><strong>sciuntur,</strong></span> 
     </span>
    </p>
   </div>
   <div class='ocr_carea' id='block_1_45' title="bbox 141 2852 1709 2912">
    <p class='ocr_par' dir='ltr' id='par_1_45' title="bbox 141 2852 1709 2912">
     <span class='ocr_line' id='line_1_45' title="bbox 141 2852 1709 2912; baseline -0.003 -1"><span class='ocrx_word' id='word_1_384' title='bbox 141 2857 426 2912; x_wconf 89' lang='lat' dir='ltr'><strong>utsciemio</strong></span> <span class='ocrx_word' id='word_1_385' title='bbox 452 2856 780 2910; x_wconf 87' lang='lat' dir='ltr'><strong>nesciantur.</strong></span> <span class='ocrx_word' id='word_1_386' title='bbox 826 2853 958 2910; x_wconf 89' lang='lat' dir='ltr'><strong>Cum</strong></span> <span class='ocrx_word' id='word_1_387' title='bbox 998 2855 1141 2910; x_wconf 90' lang='lat' dir='ltr'><strong>enim</strong></span> <span class='ocrx_word' id='word_1_388' title='bbox 1185 2856 1328 2910; x_wconf 85' lang='lat' dir='ltr'><strong>acies</strong></span> <span class='ocrx_word' id='word_1_389' title='bbox 1367 2854 1526 2908; x_wconf 89' lang='lat' dir='ltr'><strong>etiam</strong></span> <span class='ocrx_word' id='word_1_390' title='bbox 1571 2852 1709 2908; x_wconf 90' lang='lat' dir='ltr'><strong>oculi</strong></span> 
     </span>
    </p>
   </div>
   <div class='ocr_carea' id='block_1_46' title="bbox 141 2946 1711 3020">
    <p class='ocr_par' dir='ltr' id='par_1_46' title="bbox 141 2946 1711 3020">
     <span class='ocr_line' id='line_1_46' title="bbox 141 2946 1711 3020; baseline -0.002 -17"><span class='ocrx_word' id='word_1_391' title='bbox 141 2950 423 3020; x_wconf 84' lang='lat' dir='ltr'><strong>corporalis</strong></span> <span class='ocrx_word' id='word_1_392' title='bbox 455 2949 622 3002; x_wconf 91' lang='lat' dir='ltr'><strong>currit</strong></span> <span class='ocrx_word' id='word_1_393' title='bbox 650 2962 742 3017; x_wconf 89' lang='lat' dir='ltr'><strong>per</strong></span> <span class='ocrx_word' id='word_1_394' title='bbox 770 2949 975 3015; x_wconf 73' lang='lat' dir='ltr'><strong>species</strong></span> <span class='ocrx_word' id='word_1_395' title='bbox 998 2946 1329 3017; x_wconf 82' lang='lat' dir='ltr'><strong>corporales,</strong></span> <span class='ocrx_word' id='word_1_396' title='bbox 1349 2960 1603 3014; x_wconf 86' lang='lat' dir='ltr'><strong>nusquam</strong></span> <span class='ocrx_word' id='word_1_397' title='bbox 1630 2953 1711 3000; x_wconf 78' lang='lat' dir='ltr'><strong>fe-</strong></span> 
     </span>
    </p>
   </div>
   <div class='ocr_carea' id='block_1_47' title="bbox 1805 1751 3376 1838">
    <p class='ocr_par' dir='ltr' id='par_1_47' title="bbox 1805 1751 3376 1838">
     <span class='ocr_line' id='line_1_47' title="bbox 1805 1751 3376 1838; baseline -0.01 -13"><span class='ocrx_word' id='word_1_398' title='bbox 1805 1751 2092 1838; x_wconf 79' lang='lat' dir='ltr'><strong>ipsisfacta</strong></span> <span class='ocrx_word' id='word_1_399' title='bbox 2122 1774 2205 1821; x_wconf 88' lang='lat' dir='ltr'><strong>est</strong></span> <span class='ocrx_word' id='word_1_400' title='bbox 2241 1781 2306 1820; x_wconf 89' lang='lat' dir='ltr'><strong>an</strong></span> <span class='ocrx_word' id='word_1_401' title='bbox 2337 1765 2451 1820; x_wconf 89' lang='lat' dir='ltr'><strong>sine</strong></span> <span class='ocrx_word' id='word_1_402' title='bbox 2479 1763 2566 1823; x_wconf 90' lang='lat' dir='ltr'><strong>illa</strong></span> <span class='ocrx_word' id='word_1_403' title='bbox 2598 1763 2811 1817; x_wconf 88' lang='lat' dir='ltr'><strong>fuerunt</strong></span> <span class='ocrx_word' id='word_1_404' title='bbox 2841 1760 3020 1830; x_wconf 76' lang='lat' dir='ltr'><strong>prius?</strong></span> <span class='ocrx_word' id='word_1_405' title='bbox 3047 1759 3151 1814; x_wconf 90' lang='lat' dir='ltr'><strong>Sed</strong></span> <span class='ocrx_word' id='word_1_406' title='bbox 3179 1759 3223 1811; x_wconf 90' lang='lat' dir='ltr'><strong>si</strong></span> <span class='ocrx_word' id='word_1_407' title='bbox 3255 1772 3376 1811; x_wconf 92' lang='lat' dir='ltr'><strong>cum</strong></span> 
     </span>
    </p>
   </div>
   <div class='ocr_carea' id='block_1_48' title="bbox 1805 1848 3375 1926">
    <p class='ocr_par' dir='ltr' id='par_1_48' title="bbox 1805 1848 3375 1926">
     <span class='ocr_line' id='line_1_48' title="bbox 1805 1848 3375 1926; baseline -0.01 -13"><span class='ocrx_word' id='word_1_408' title='bbox 1805 1860 1958 1926; x_wconf 81' lang='lat' dir='ltr'><strong>ipsis,</strong></span> <span class='ocrx_word' id='word_1_409' title='bbox 1988 1873 2091 1911; x_wconf 92' lang='lat' dir='ltr'><strong>non</strong></span> <span class='ocrx_word' id='word_1_410' title='bbox 2123 1856 2339 1911; x_wconf 90' lang='lat' dir='ltr'><strong>dubium</strong></span> <span class='ocrx_word' id='word_1_411' title='bbox 2355 1854 2495 1924; x_wconf 91' lang='lat' dir='ltr'><strong>quod</strong></span> <span class='ocrx_word' id='word_1_412' title='bbox 2521 1853 2586 1908; x_wconf 89' lang='lat' dir='ltr'><strong>ab</strong></span> <span class='ocrx_word' id='word_1_413' title='bbox 2615 1853 2707 1907; x_wconf 91' lang='lat' dir='ltr'><strong>illo</strong></span> <span class='ocrx_word' id='word_1_414' title='bbox 2737 1852 2868 1906; x_wconf 85' lang='lat' dir='ltr'><strong>facta</strong></span> <span class='ocrx_word' id='word_1_415' title='bbox 2901 1851 3016 1904; x_wconf 88' lang='lat' dir='ltr'><strong>sita</strong></span> <span class='ocrx_word' id='word_1_416' title='bbox 3040 1865 3143 1919; x_wconf 91' lang='lat' dir='ltr'><strong>quo</strong></span> <span class='ocrx_word' id='word_1_417' title='bbox 3169 1857 3222 1902; x_wconf 91' lang='lat' dir='ltr'><strong>et</strong></span> <span class='ocrx_word' id='word_1_418' title='bbox 3255 1848 3286 1913; x_wconf 69' lang='lat' dir='ltr'><strong>ii</strong></span> <span class='ocrx_word' id='word_1_419' title='bbox 3307 1848 3375 1913; x_wconf 89' lang='lat' dir='ltr'><strong>si,</strong></span> 
     </span>
    </p>
   </div>
   <div class='ocr_carea' id='block_1_49' title="bbox 1806 1941 3376 2018">
    <p class='ocr_par' dir='ltr' id='par_1_49' title="bbox 1806 1941 3376 2018">
     <span class='ocr_line' id='line_1_49' title="bbox 1806 1941 3376 2018; baseline -0.009 -15"><span class='ocrx_word' id='word_1_420' title='bbox 1806 1949 2068 2018; x_wconf 78' lang='lat' dir='ltr'><strong>simulque</strong></span> <span class='ocrx_word' id='word_1_421' title='bbox 2097 1955 2156 2002; x_wconf 91' lang='lat' dir='ltr'><strong>ut</strong></span> <span class='ocrx_word' id='word_1_422' title='bbox 2188 1947 2310 2000; x_wconf 86' lang='lat' dir='ltr'><strong>faeti</strong></span> <span class='ocrx_word' id='word_1_423' title='bbox 2339 1953 2482 2009; x_wconf 89' lang='lat' dir='ltr'><strong>sunt,</strong></span> <span class='ocrx_word' id='word_1_424' title='bbox 2509 1944 2608 1999; x_wconf 90' lang='lat' dir='ltr'><strong>eia</strong></span> <span class='ocrx_word' id='word_1_425' title='bbox 2630 1957 2736 2013; x_wconf 90' lang='lat' dir='ltr'><strong>quo</strong></span> <span class='ocrx_word' id='word_1_426' title='bbox 2758 1941 2878 1995; x_wconf 86' lang='lat' dir='ltr'><strong>facti</strong></span> <span class='ocrx_word' id='word_1_427' title='bbox 2902 1949 3022 1994; x_wconf 87' lang='lat' dir='ltr'><strong>sunt</strong></span> <span class='ocrx_word' id='word_1_428' title='bbox 3049 1954 3229 1992; x_wconf 87' lang='lat' dir='ltr'><strong>amore</strong></span> <span class='ocrx_word' id='word_1_429' title='bbox 3257 1951 3376 1991; x_wconf 87' lang='lat' dir='ltr'><strong>cum</strong></span> 
     </span>
    </p>
   </div>
   <div class='ocr_carea' id='block_1_50' title="bbox 1807 2031 3378 2110">
    <p class='ocr_par' dir='ltr' id='par_1_50' title="bbox 1807 2031 3378 2110">
     <span class='ocr_line' id='line_1_50' title="bbox 1807 2031 3378 2110; baseline -0.008 -14"><span class='ocrx_word' id='word_1_430' title='bbox 1807 2056 1912 2110; x_wconf 92' lang='lat' dir='ltr'><strong>quo</strong></span> <span class='ocrx_word' id='word_1_431' title='bbox 1939 2041 2061 2095; x_wconf 90' lang='lat' dir='ltr'><strong>facti</strong></span> <span class='ocrx_word' id='word_1_432' title='bbox 2101 2047 2223 2092; x_wconf 90' lang='lat' dir='ltr'><strong>sunt</strong></span> <span class='ocrx_word' id='word_1_433' title='bbox 2262 2036 2387 2108; x_wconf 90' lang='lat' dir='ltr'><strong>[quo</strong></span> <span class='ocrx_word' id='word_1_434' title='bbox 2432 2034 2552 2089; x_wconf 89' lang='lat' dir='ltr'><strong>facti</strong></span> <span class='ocrx_word' id='word_1_435' title='bbox 2603 2032 2748 2104; x_wconf 90' lang='lat' dir='ltr'><strong>sunt]</strong></span> <span class='ocrx_word' id='word_1_436' title='bbox 2793 2031 3160 2092; x_wconf 67' lang='lat' dir='ltr'><strong>adhteserunt,</strong></span> <span class='ocrx_word' id='word_1_437' title='bbox 3209 2043 3378 2097; x_wconf 84' lang='lat' dir='ltr'><strong>eoque</strong></span> 
     </span>
    </p>
   </div>
   <div class='ocr_carea' id='block_1_51' title="bbox 1805 2114 3378 2192">
    <p class='ocr_par' dir='ltr' id='par_1_51' title="bbox 1805 2114 3378 2192">
     <span class='ocr_line' id='line_1_51' title="bbox 1805 2114 3378 2192; baseline -0.008 -5"><span class='ocrx_word' id='word_1_438' title='bbox 1805 2141 1929 2187; x_wconf 92' lang='lat' dir='ltr'><strong>sunt</strong></span> <span class='ocrx_word' id='word_1_439' title='bbox 1975 2131 2064 2188; x_wconf 88' lang='lat' dir='ltr'><strong>isti</strong></span> <span class='ocrx_word' id='word_1_440' title='bbox 2093 2131 2160 2185; x_wconf 83' lang='lat' dir='ltr'><strong>ab</strong></span> <span class='ocrx_word' id='word_1_441' title='bbox 2192 2114 2405 2183; x_wconf 85' lang='lat' dir='ltr'><strong>illorum</strong></span> <span class='ocrx_word' id='word_1_442' title='bbox 2436 2127 2688 2182; x_wconf 89' lang='lat' dir='ltr'><strong>societate</strong></span> <span class='ocrx_word' id='word_1_443' title='bbox 2735 2124 2972 2187; x_wconf 89' lang='lat' dir='ltr'><strong>discreti,</strong></span> <span class='ocrx_word' id='word_1_444' title='bbox 3003 2122 3142 2192; x_wconf 91' lang='lat' dir='ltr'><strong>quod</strong></span> <span class='ocrx_word' id='word_1_445' title='bbox 3194 2121 3275 2176; x_wconf 91' lang='lat' dir='ltr'><strong>illi</strong></span> <span class='ocrx_word' id='word_1_446' title='bbox 3326 2121 3378 2175; x_wconf 77' lang='lat' dir='ltr'><strong>iu</strong></span> 
     </span>
    </p>
   </div>
   <div class='ocr_carea' id='block_1_52' title="bbox 1807 2205 3377 2295">
    <p class='ocr_par' dir='ltr' id='par_1_52' title="bbox 1807 2205 3377 2295">
     <span class='ocr_line' id='line_1_52' title="bbox 1807 2205 3377 2295; baseline -0.008 -16"><span class='ocrx_word' id='word_1_447' title='bbox 1807 2223 1994 2279; x_wconf 88' lang='lat' dir='ltr'><strong>eadem</strong></span> <span class='ocrx_word' id='word_1_448' title='bbox 2023 2222 2159 2276; x_wconf 93' lang='lat' dir='ltr'><strong>bona</strong></span> <span class='ocrx_word' id='word_1_449' title='bbox 2189 2220 2459 2289; x_wconf 79' lang='lat' dir='ltr'><strong>voluntate</strong></span> <span class='ocrx_word' id='word_1_450' title='bbox 2481 2226 2818 2282; x_wconf 88' lang='lat' dir='ltr'><strong>manserunt,</strong></span> <span class='ocrx_word' id='word_1_451' title='bbox 2841 2205 3018 2295; x_wconf 43' lang='lat' dir='ltr'><strong>i‘stiab</strong></span> <span class='ocrx_word' id='word_1_452' title='bbox 3039 2228 3099 2269; x_wconf 87' lang='lat' dir='ltr'><strong>ea</strong></span> <span class='ocrx_word' id='word_1_453' title='bbox 3130 2213 3377 2268; x_wconf 74' lang='lat' dir='ltr'><strong>deficien-</strong></span> 
     </span>
    </p>
   </div>
   <div class='ocr_carea' id='block_1_53' title="bbox 1808 2303 3381 2378">
    <p class='ocr_par' dir='ltr' id='par_1_53' title="bbox 1808 2303 3381 2378">
     <span class='ocr_line' id='line_1_53' title="bbox 1808 2303 3381 2378; baseline -0.006 -10"><span class='ocrx_word' id='word_1_454' title='bbox 1808 2313 1876 2368; x_wconf 91' lang='lat' dir='ltr'><strong>do</strong></span> <span class='ocrx_word' id='word_1_455' title='bbox 1910 2312 2093 2366; x_wconf 88' lang='lat' dir='ltr'><strong>mutati</strong></span> <span class='ocrx_word' id='word_1_456' title='bbox 2139 2321 2290 2378; x_wconf 87' lang='lat' dir='ltr'><strong>sunt,</strong></span> <span class='ocrx_word' id='word_1_457' title='bbox 2325 2309 2460 2362; x_wconf 87' lang='lat' dir='ltr'><strong>mala</strong></span> <span class='ocrx_word' id='word_1_458' title='bbox 2511 2307 2714 2363; x_wconf 88' lang='lat' dir='ltr'><strong>scilicet</strong></span> <span class='ocrx_word' id='word_1_459' title='bbox 2759 2307 3066 2369; x_wconf 86' lang='lat' dir='ltr'><strong>voluntate,</strong></span> <span class='ocrx_word' id='word_1_460' title='bbox 3123 2304 3223 2358; x_wconf 93' lang='lat' dir='ltr'><strong>hoc</strong></span> <span class='ocrx_word' id='word_1_461' title='bbox 3269 2303 3381 2372; x_wconf 86' lang='lat' dir='ltr'><strong>ipso</strong></span> 
     </span>
    </p>
   </div>
   <div class='ocr_carea' id='block_1_54' title="bbox 1809 2386 3382 2473">
    <p class='ocr_par' dir='ltr' id='par_1_54' title="bbox 1809 2386 3382 2473">
     <span class='ocr_line' id='line_1_54' title="bbox 1809 2386 3382 2473; baseline -0.006 -16"><span class='ocrx_word' id='word_1_462' title='bbox 1809 2403 1951 2473; x_wconf 90' lang='lat' dir='ltr'><strong>quod</strong></span> <span class='ocrx_word' id='word_1_463' title='bbox 1981 2417 2010 2455; x_wconf 88' lang='lat' dir='ltr'><strong>a</strong></span> <span class='ocrx_word' id='word_1_464' title='bbox 2059 2402 2194 2456; x_wconf 90' lang='lat' dir='ltr'><strong>bona</strong></span> <span class='ocrx_word' id='word_1_465' title='bbox 2224 2386 2566 2462; x_wconf 82' lang='lat' dir='ltr'><strong>defecerunt,</strong></span> <span class='ocrx_word' id='word_1_466' title='bbox 2593 2413 2620 2451; x_wconf 94' lang='lat' dir='ltr'><strong>a</strong></span> <span class='ocrx_word' id='word_1_467' title='bbox 2652 2413 2752 2467; x_wconf 89' lang='lat' dir='ltr'><strong>qua</strong></span> <span class='ocrx_word' id='word_1_468' title='bbox 2781 2412 2883 2450; x_wconf 92' lang='lat' dir='ltr'><strong>non</strong></span> <span class='ocrx_word' id='word_1_469' title='bbox 2916 2395 3252 2458; x_wconf 76' lang='lat' dir='ltr'><strong>de&#39;ecissent,</strong></span> <span class='ocrx_word' id='word_1_470' title='bbox 3283 2387 3382 2449; x_wconf 70' lang='grc' dir='ltr'>..εει</span> 
     </span>
    </p>
   </div>
   <div class='ocr_carea' id='block_1_55' title="bbox 1810 2482 3382 2562">
    <p class='ocr_par' dir='ltr' id='par_1_55' title="bbox 1810 2482 3382 2562">
     <span class='ocr_line' id='line_1_55' title="bbox 1810 2482 3382 2562; baseline -0.008 -13"><span class='ocrx_word' id='word_1_471' title='bbox 1810 2495 1992 2562; x_wconf 85' lang='lat' dir='ltr'><strong>utique</strong></span> <span class='ocrx_word' id='word_1_472' title='bbox 2023 2492 2330 2546; x_wconf 81' lang='lat' dir='ltr'><strong>voluissent.</strong></span> <span class='ocrx_word' id='word_1_473' title='bbox 2355 2491 2408 2545; x_wconf 91' lang='lat' dir='ltr'><strong>Si</strong></span> <span class='ocrx_word' id='word_1_474' title='bbox 2439 2497 2614 2543; x_wconf 86' lang='lat' dir='ltr'><strong>autem</strong></span> <span class='ocrx_word' id='word_1_475' title='bbox 2643 2488 2765 2542; x_wconf 85' lang='lat' dir='ltr'><strong>boni</strong></span> <span class='ocrx_word' id='word_1_476' title='bbox 2795 2485 2966 2556; x_wconf 69' lang='lat' dir='ltr'><strong>angeli</strong></span> <span class='ocrx_word' id='word_1_477' title='bbox 2997 2486 3207 2539; x_wconf 86' lang='lat' dir='ltr'><strong>fuerunt</strong></span> <span class='ocrx_word' id='word_1_478' title='bbox 3237 2482 3382 2554; x_wconf 88' lang='lat' dir='ltr'><strong>prius</strong></span> 
     </span>
    </p>
   </div>
   <div class='ocr_carea' id='block_1_56' title="bbox 1810 2574 3380 2646">
    <p class='ocr_par' dir='ltr' id='par_1_56' title="bbox 1810 2574 3380 2646">
     <span class='ocr_line' id='line_1_56' title="bbox 1810 2574 3380 2646; baseline -0.008 -8"><span class='ocrx_word' id='word_1_479' title='bbox 1810 2585 1923 2638; x_wconf 89' lang='lat' dir='ltr'><strong>sine</strong></span> <span class='ocrx_word' id='word_1_480' title='bbox 1950 2582 2222 2636; x_wconf 86' lang='lat' dir='ltr'><strong>voluntate</strong></span> <span class='ocrx_word' id='word_1_481' title='bbox 2246 2581 2401 2646; x_wconf 88' lang='lat' dir='ltr'><strong>bona,</strong></span> <span class='ocrx_word' id='word_1_482' title='bbox 2434 2577 2781 2646; x_wconf 82' lang='lat' dir='ltr'><strong>eamdemque</strong></span> <span class='ocrx_word' id='word_1_483' title='bbox 2808 2577 2859 2630; x_wconf 92' lang='lat' dir='ltr'><strong>in</strong></span> <span class='ocrx_word' id='word_1_484' title='bbox 2893 2590 2949 2629; x_wconf 86' lang='lat' dir='ltr'><strong>se</strong></span> <span class='ocrx_word' id='word_1_485' title='bbox 2975 2575 3103 2644; x_wconf 93' lang='lat' dir='ltr'><strong>ipsis</strong></span> <span class='ocrx_word' id='word_1_486' title='bbox 3145 2574 3250 2627; x_wconf 88' lang='lat' dir='ltr'><strong>Deo</strong></span> <span class='ocrx_word' id='word_1_487' title='bbox 3279 2588 3380 2627; x_wconf 92' lang='lat' dir='ltr'><strong>non</strong></span> 
     </span>
    </p>
   </div>
   <div class='ocr_carea' id='block_1_57' title="bbox 1812 2663 3382 2740">
    <p class='ocr_par' dir='ltr' id='par_1_57' title="bbox 1812 2663 3382 2740">
     <span class='ocr_line' id='line_1_57' title="bbox 1812 2663 3382 2740; baseline -0.006 -14"><span class='ocrx_word' id='word_1_488' title='bbox 1812 2680 2065 2740; x_wconf 83' lang='lat' dir='ltr'><strong>cperante</strong></span> <span class='ocrx_word' id='word_1_489' title='bbox 2096 2672 2337 2724; x_wconf 84' lang='lat' dir='ltr'><strong>fecerunt</strong></span> <span class='ocrx_word' id='word_1_490' title='bbox 2362 2709 2377 2733; x_wconf 98' lang='lat'><strong>,</strong></span> <span class='ocrx_word' id='word_1_491' title='bbox 2407 2683 2532 2735; x_wconf 81' lang='lat' dir='ltr'><strong>ergo</strong></span> <span class='ocrx_word' id='word_1_492' title='bbox 2559 2666 2808 2721; x_wconf 83' lang='lat' dir='ltr'><strong>meliores</strong></span> <span class='ocrx_word' id='word_1_493' title='bbox 2835 2679 2864 2718; x_wconf 91' lang='lat' dir='ltr'><strong>a</strong></span> <span class='ocrx_word' id='word_1_494' title='bbox 2894 2679 2952 2719; x_wconf 92' lang='lat' dir='ltr'><strong>se</strong></span> <span class='ocrx_word' id='word_1_495' title='bbox 2983 2663 3110 2735; x_wconf 91' lang='lat' dir='ltr'><strong>ipsis</strong></span> <span class='ocrx_word' id='word_1_496' title='bbox 3132 2678 3288 2732; x_wconf 89' lang='lat' dir='ltr'><strong>quam</strong></span> <span class='ocrx_word' id='word_1_497' title='bbox 3319 2663 3382 2717; x_wconf 87' lang='lat' dir='ltr'><strong>ab</strong></span> 
     </span>
    </p>
   </div>
   <div class='ocr_carea' id='block_1_58' title="bbox 1811 2758 3357 2828">
    <p class='ocr_par' dir='ltr' id='par_1_58' title="bbox 1811 2758 3357 2828">
     <span class='ocr_line' id='line_1_58' title="bbox 1811 2758 3357 2828; baseline -0.005 -8"><span class='ocrx_word' id='word_1_498' title='bbox 1811 2766 1904 2822; x_wconf 88' lang='lat' dir='ltr'><strong>illo</strong></span> <span class='ocrx_word' id='word_1_499' title='bbox 1936 2764 2055 2818; x_wconf 87' lang='lat' dir='ltr'><strong>facti</strong></span> <span class='ocrx_word' id='word_1_500' title='bbox 2085 2763 2246 2818; x_wconf 83' lang='lat' dir='ltr'><strong>sunt?</strong></span> <span class='ocrx_word' id='word_1_501' title='bbox 2274 2763 2445 2817; x_wconf 82' lang='lat' dir='ltr'><strong>Absit.</strong></span> <span class='ocrx_word' id='word_1_502' title='bbox 2470 2760 2605 2828; x_wconf 83' lang='lat' dir='ltr'><strong>Quid</strong></span> <span class='ocrx_word' id='word_1_503' title='bbox 2628 2760 2765 2814; x_wconf 81' lang='lat' dir='ltr'><strong>enim</strong></span> <span class='ocrx_word' id='word_1_504' title='bbox 2795 2769 2946 2814; x_wconf 88' lang='lat' dir='ltr'><strong>erant</strong></span> <span class='ocrx_word' id='word_1_505' title='bbox 2976 2758 3093 2813; x_wconf 90' lang='lat' dir='ltr'><strong>sine</strong></span> <span class='ocrx_word' id='word_1_506' title='bbox 3124 2759 3261 2812; x_wconf 89' lang='lat' dir='ltr'><strong>bona</strong></span> <span class='ocrx_word' id='word_1_507' title='bbox 3290 2774 3357 2813; x_wconf 91' lang='lat' dir='ltr'><strong>vo</strong></span> 
     </span>
    </p>
   </div>
   <div class='ocr_carea' id='block_1_59' title="bbox 1810 2852 3382 2923">
    <p class='ocr_par' dir='ltr' id='par_1_59' title="bbox 1810 2852 3382 2923">
     <span class='ocr_line' id='line_1_59' title="bbox 1810 2852 3382 2923; baseline -0.004 -10"><span class='ocrx_word' id='word_1_508' title='bbox 1810 2859 2032 2920; x_wconf 88' lang='lat' dir='ltr'><strong>luntate,</strong></span> <span class='ocrx_word' id='word_1_509' title='bbox 2059 2859 2156 2911; x_wconf 88' lang='lat' dir='ltr'><strong>nisi</strong></span> <span class='ocrx_word' id='word_1_510' title='bbox 2180 2856 2340 2910; x_wconf 84' lang='lat' dir='ltr'><strong>mali?</strong></span> <span class='ocrx_word' id='word_1_511' title='bbox 2368 2857 2473 2910; x_wconf 80' lang='lat' dir='ltr'><strong>Aut</strong></span> <span class='ocrx_word' id='word_1_512' title='bbox 2495 2854 2538 2908; x_wconf 84' lang='lat' dir='ltr'><strong>si</strong></span> <span class='ocrx_word' id='word_1_513' title='bbox 2561 2863 2839 2923; x_wconf 88' lang='lat' dir='ltr'><strong>propterea</strong></span> <span class='ocrx_word' id='word_1_514' title='bbox 2863 2868 2967 2907; x_wconf 89' lang='lat' dir='ltr'><strong>non</strong></span> <span class='ocrx_word' id='word_1_515' title='bbox 2991 2852 3113 2906; x_wconf 88' lang='lat' dir='ltr'><strong>mali</strong></span> <span class='ocrx_word' id='word_1_516' title='bbox 3143 2852 3262 2923; x_wconf 88' lang='lat' dir='ltr'><strong>quia</strong></span> <span class='ocrx_word' id='word_1_517' title='bbox 3283 2867 3382 2907; x_wconf 89' lang='lat' dir='ltr'><strong>nec</strong></span> 
     </span>
    </p>
   </div>
   <div class='ocr_carea' id='block_1_60' title="bbox 1815 2941 3386 3022">
    <p class='ocr_par' dir='ltr' id='par_1_60' title="bbox 1815 2941 3386 3022">
     <span class='ocr_line' id='line_1_60' title="bbox 1815 2941 3386 3022; baseline -0.006 -12"><span class='ocrx_word' id='word_1_518' title='bbox 1815 2953 1951 3010; x_wconf 63' lang='lat' dir='ltr'><strong>mali</strong></span> <span class='ocrx_word' id='word_1_519' title='bbox 1985 2954 2226 3004; x_wconf 83' lang='lat' dir='ltr'><strong>voluntas</strong></span> <span class='ocrx_word' id='word_1_520' title='bbox 2273 2949 2350 3004; x_wconf 84' lang='lat' dir='ltr'><strong>eis</strong></span> <span class='ocrx_word' id='word_1_521' title='bbox 2396 2949 2568 3003; x_wconf 88' lang='lat' dir='ltr'><strong>inerat</strong></span> <span class='ocrx_word' id='word_1_522' title='bbox 2598 2949 2792 3018; x_wconf 90' lang='lat' dir='ltr'><strong>(neque</strong></span> <span class='ocrx_word' id='word_1_523' title='bbox 2835 2948 2976 3022; x_wconf 85' lang='lat' dir='ltr'><strong>enim</strong></span> <span class='ocrx_word' id='word_1_524' title='bbox 3018 2947 3086 3001; x_wconf 91' lang='lat' dir='ltr'><strong>ab</strong></span> <span class='ocrx_word' id='word_1_525' title='bbox 3129 2962 3190 3001; x_wconf 89' lang='lat' dir='ltr'><strong>ea</strong></span> <span class='ocrx_word' id='word_1_526' title='bbox 3231 2941 3386 3016; x_wconf 68' lang='lat' dir='ltr'><strong>quam</strong></span> 
     </span>
    </p>
   </div>
   <div class='ocr_carea' id='block_1_61' title="bbox 141 3023 1703 3110">
    <p class='ocr_par' dir='ltr' id='par_1_61' title="bbox 141 3035 1702 3106">
     <span class='ocr_line' id='line_1_61' title="bbox 141 3035 1702 3106; baseline -0.004 -12"><span class='ocrx_word' id='word_1_527' title='bbox 141 3041 321 3096; x_wconf 87' lang='lat' dir='ltr'><strong>nebras</strong></span> <span class='ocrx_word' id='word_1_528' title='bbox 359 3040 524 3104; x_wconf 89' lang='lat' dir='ltr'><strong>videt,</strong></span> <span class='ocrx_word' id='word_1_529' title='bbox 557 3039 659 3092; x_wconf 90' lang='lat' dir='ltr'><strong>nisi</strong></span> <span class='ocrx_word' id='word_1_530' title='bbox 684 3037 773 3092; x_wconf 88' lang='lat' dir='ltr'><strong>ubi</strong></span> <span class='ocrx_word' id='word_1_531' title='bbox 803 3037 1020 3106; x_wconf 70' lang='lat' dir='ltr'><strong>coeperit</strong></span> <span class='ocrx_word' id='word_1_532' title='bbox 1057 3053 1158 3091; x_wconf 92' lang='lat' dir='ltr'><strong>non</strong></span> <span class='ocrx_word' id='word_1_533' title='bbox 1181 3037 1364 3092; x_wconf 89' lang='lat' dir='ltr'><strong>videre</strong></span> <span class='ocrx_word' id='word_1_534' title='bbox 1396 3054 1408 3089; x_wconf 93' lang='lat'>:</span> <span class='ocrx_word' id='word_1_535' title='bbox 1441 3037 1511 3089; x_wconf 91' lang='lat' dir='ltr'><strong>ita</strong></span> <span class='ocrx_word' id='word_1_536' title='bbox 1542 3035 1702 3090; x_wconf 89' lang='lat' dir='ltr'><strong>etiam</strong></span> 
     </span>
    </p>
   </div>
   <div class='ocr_carea' id='block_1_62' title="bbox 1808 3023 3381 3110">
    <p class='ocr_par' dir='ltr' id='par_1_62' title="bbox 1810 3033 3381 3110">
     <span class='ocr_line' id='line_1_62' title="bbox 1810 3033 3381 3110; baseline -0.005 -12"><span class='ocrx_word' id='word_1_537' title='bbox 1810 3043 2041 3099; x_wconf 91' lang='lat' dir='ltr'><strong>nondum</strong></span> <span class='ocrx_word' id='word_1_538' title='bbox 2074 3051 2344 3110; x_wconf 80' lang='lat' dir='ltr'><strong>coeperant</strong></span> <span class='ocrx_word' id='word_1_539' title='bbox 2374 3041 2568 3094; x_wconf 89' lang='lat' dir='ltr'><strong>habere</strong></span> <span class='ocrx_word' id='word_1_540' title='bbox 2596 3033 3119 3106; x_wconf 71' lang='lat' dir='ltr'><strong>defecerant),.certe</strong></span> <span class='ocrx_word' id='word_1_541' title='bbox 3147 3038 3381 3092; x_wconf 80' lang='lat' dir='ltr'><strong>nomium</strong></span> 
     </span>
    </p>
   </div>
   <div class='ocr_carea' id='block_1_63' title="bbox 143 3127 1708 3202">
    <p class='ocr_par' dir='ltr' id='par_1_63' title="bbox 143 3127 1708 3202">
     <span class='ocr_line' id='line_1_63' title="bbox 143 3127 1708 3202; baseline -0.003 -17"><span class='ocrx_word' id='word_1_542' title='bbox 143 3149 236 3187; x_wconf 91' lang='lat' dir='ltr'><strong>non</strong></span> <span class='ocrx_word' id='word_1_543' title='bbox 255 3127 319 3187; x_wconf 83' lang='lat' dir='ltr'><strong>ad</strong></span> <span class='ocrx_word' id='word_1_544' title='bbox 345 3133 574 3202; x_wconf 90' lang='lat' dir='ltr'><strong>aliquem</strong></span> <span class='ocrx_word' id='word_1_545' title='bbox 594 3132 758 3186; x_wconf 90' lang='lat' dir='ltr'><strong>alium</strong></span> <span class='ocrx_word' id='word_1_546' title='bbox 781 3146 1018 3195; x_wconf 89' lang='lat' dir='ltr'><strong>sensum,</strong></span> <span class='ocrx_word' id='word_1_547' title='bbox 1039 3131 1132 3184; x_wconf 89' lang='lat' dir='ltr'><strong>sed</strong></span> <span class='ocrx_word' id='word_1_548' title='bbox 1155 3130 1219 3184; x_wconf 89' lang='lat' dir='ltr'><strong>ad</strong></span> <span class='ocrx_word' id='word_1_549' title='bbox 1242 3130 1386 3184; x_wconf 87' lang='lat' dir='ltr'><strong>solas</strong></span> <span class='ocrx_word' id='word_1_550' title='bbox 1404 3144 1562 3183; x_wconf 80' lang='lat' dir='ltr'><strong>aures</strong></span> <span class='ocrx_word' id='word_1_551' title='bbox 1595 3143 1708 3197; x_wconf 82' lang='lat' dir='ltr'><strong>per-</strong></span> 
     </span>
    </p>
   </div>
   <div class='ocr_carea' id='block_1_64' title="bbox 144 3218 1708 3290">
    <p class='ocr_par' dir='ltr' id='par_1_64' title="bbox 144 3218 1708 3290">
     <span class='ocr_line' id='line_1_64' title="bbox 144 3218 1708 3290; baseline -0.003 -13"><span class='ocrx_word' id='word_1_552' title='bbox 144 3222 266 3279; x_wconf 88' lang='lat' dir='ltr'><strong>tinet</strong></span> <span class='ocrx_word' id='word_1_553' title='bbox 287 3240 390 3278; x_wconf 93' lang='lat' dir='ltr'><strong>non</strong></span> <span class='ocrx_word' id='word_1_554' title='bbox 415 3223 480 3276; x_wconf 91' lang='lat' dir='ltr'><strong>ad</strong></span> <span class='ocrx_word' id='word_1_555' title='bbox 506 3223 704 3278; x_wconf 88' lang='lat' dir='ltr'><strong>sentire</strong></span> <span class='ocrx_word' id='word_1_556' title='bbox 716 3221 1006 3286; x_wconf 90' lang='lat' dir='ltr'><strong>silentium,</strong></span> <span class='ocrx_word' id='word_1_557' title='bbox 1024 3221 1164 3290; x_wconf 79' lang='lat' dir='ltr'><strong>quod</strong></span> <span class='ocrx_word' id='word_1_558' title='bbox 1189 3230 1362 3274; x_wconf 88' lang='lat' dir='ltr'><strong>tamen</strong></span> <span class='ocrx_word' id='word_1_559' title='bbox 1385 3219 1531 3273; x_wconf 90' lang='lat' dir='ltr'><strong>nullo</strong></span> <span class='ocrx_word' id='word_1_560' title='bbox 1549 3218 1708 3272; x_wconf 91' lang='lat' dir='ltr'><strong>modo</strong></span> 
     </span>
    </p>
   </div>
   <div class='ocr_carea' id='block_1_65' title="bbox 143 3309 1706 3381">
    <p class='ocr_par' dir='ltr' id='par_1_65' title="bbox 143 3309 1706 3381">
     <span class='ocr_line' id='line_1_65' title="bbox 143 3309 1706 3381; baseline -0.004 -12"><span class='ocrx_word' id='word_1_561' title='bbox 143 3315 233 3369; x_wconf 82' lang='lat' dir='ltr'><strong>nisi</strong></span> <span class='ocrx_word' id='word_1_562' title='bbox 263 3331 365 3371; x_wconf 89' lang='lat' dir='ltr'><strong>non</strong></span> <span class='ocrx_word' id='word_1_563' title='bbox 399 3314 666 3370; x_wconf 81' lang='lat' dir='ltr'><strong>audiendo</strong></span> <span class='ocrx_word' id='word_1_564' title='bbox 695 3314 921 3368; x_wconf 89' lang='lat' dir='ltr'><strong>sentitur</strong></span> <span class='ocrx_word' id='word_1_565' title='bbox 950 3330 963 3377; x_wconf 92' lang='lat'><strong>;</strong></span> <span class='ocrx_word' id='word_1_566' title='bbox 997 3313 1077 3367; x_wconf 83' lang='lat' dir='ltr'><strong>sic</strong></span> <span class='ocrx_word' id='word_1_567' title='bbox 1107 3312 1317 3381; x_wconf 88' lang='lat' dir='ltr'><strong>species</strong></span> <span class='ocrx_word' id='word_1_568' title='bbox 1348 3309 1706 3379; x_wconf 78' lang='lat' dir='ltr'><strong>intelligibiles</strong></span> 
     </span>
    </p>
   </div>
   <div class='ocr_carea' id='block_1_66' title="bbox 144 3400 1707 3478">
    <p class='ocr_par' dir='ltr' id='par_1_66' title="bbox 144 3400 1707 3478">
     <span class='ocr_line' id='line_1_66' title="bbox 144 3400 1707 3478; baseline -0.004 -19"><span class='ocrx_word' id='word_1_569' title='bbox 144 3421 283 3460; x_wconf 87' lang='lat' dir='ltr'><strong>mens</strong></span> <span class='ocrx_word' id='word_1_570' title='bbox 310 3406 524 3476; x_wconf 87' lang='lat' dir='ltr'><strong>quidem</strong></span> <span class='ocrx_word' id='word_1_571' title='bbox 555 3414 732 3478; x_wconf 79' lang='lat' dir='ltr'><strong>nostra</strong></span> <span class='ocrx_word' id='word_1_572' title='bbox 763 3403 1109 3474; x_wconf 84' lang='lat' dir='ltr'><strong>intelligendo</strong></span> <span class='ocrx_word' id='word_1_573' title='bbox 1139 3403 1431 3472; x_wconf 88' lang='lat' dir='ltr'><strong>conspicit,</strong></span> <span class='ocrx_word' id='word_1_574' title='bbox 1478 3401 1573 3455; x_wconf 78' lang='lat' dir='ltr'><strong>Sed</strong></span> <span class='ocrx_word' id='word_1_575' title='bbox 1618 3400 1707 3454; x_wconf 91' lang='lat' dir='ltr'><strong>ubi</strong></span> 
     </span>
    </p>
   </div>
   <div class='ocr_carea' id='block_1_67' title="bbox 143 3491 1711 3561">
    <p class='ocr_par' dir='ltr' id='par_1_67' title="bbox 143 3491 1711 3561">
     <span class='ocr_line' id='line_1_67' title="bbox 143 3491 1711 3561; baseline -0.004 -10"><span class='ocrx_word' id='word_1_576' title='bbox 143 3496 381 3551; x_wconf 81' lang='lat' dir='ltr'><strong>deﬁciunt</strong></span> <span class='ocrx_word' id='word_1_577' title='bbox 407 3495 698 3550; x_wconf 85' lang='lat' dir='ltr'><strong>nesciendo</strong></span> <span class='ocrx_word' id='word_1_578' title='bbox 719 3494 1002 3559; x_wconf 90' lang='lat' dir='ltr'><strong>condiscit,</strong></span> <span class='ocrx_word' id='word_1_579' title='bbox 1021 3493 1220 3548; x_wconf 89' lang='lat' dir='ltr'><strong>Delicta</strong></span> <span class='ocrx_word' id='word_1_580' title='bbox 1247 3493 1387 3548; x_wconf 91' lang='lat' dir='ltr'><strong>enim</strong></span> <span class='ocrx_word' id='word_1_581' title='bbox 1413 3492 1531 3561; x_wconf 91' lang='lat' dir='ltr'><strong>quis</strong></span> <span class='ocrx_word' id='word_1_582' title='bbox 1554 3491 1711 3545; x_wconf 87' lang='lat' dir='ltr'><strong>intel-</strong></span> 
     </span>
    </p>
   </div>
   <div class='ocr_carea' id='block_1_68' title="bbox 144 3582 1711 3656">
    <p class='ocr_par' dir='ltr' id='par_1_68' title="bbox 144 3582 1711 3656">
     <span class='ocr_line' id='line_1_68' title="bbox 144 3582 1711 3656; baseline -0.003 -15"><span class='ocrx_word' id='word_1_583' title='bbox 144 3588 278 3656; x_wconf 70' lang='lat' dir='ltr'><strong>ligit?</strong></span> <span class='ocrx_word' id='word_1_584' title='bbox 302 3588 410 3642; x_wconf 74' lang='grc' dir='ltr'>ΙΙοι·</span> <span class='ocrx_word' id='word_1_585' title='bbox 435 3588 566 3651; x_wconf 89' lang='lat' dir='ltr'><strong>scio,</strong></span> <span class='ocrx_word' id='word_1_586' title='bbox 586 3595 824 3640; x_wconf 89' lang='lat' dir='ltr'><strong>naturam</strong></span> <span class='ocrx_word' id='word_1_587' title='bbox 843 3586 960 3650; x_wconf 88' lang='lat' dir='ltr'><strong>Dei,</strong></span> <span class='ocrx_word' id='word_1_588' title='bbox 977 3600 1268 3654; x_wconf 87' lang='lat' dir='ltr'><strong>nunquam,</strong></span> <span class='ocrx_word' id='word_1_589' title='bbox 1296 3599 1575 3652; x_wconf 76' lang='lat' dir='ltr'><strong>nusquam,</strong></span> <span class='ocrx_word' id='word_1_590' title='bbox 1593 3582 1711 3637; x_wconf 81' lang='lat' dir='ltr'><strong>nul-</strong></span> 
     </span>
    </p>
   </div>
   <div class='ocr_carea' id='block_1_69' title="bbox 145 3675 1712 3748">
    <p class='ocr_par' dir='ltr' id='par_1_69' title="bbox 145 3675 1712 3748">
     <span class='ocr_line' id='line_1_69' title="bbox 145 3675 1712 3748; baseline 0 -18"><span class='ocrx_word' id='word_1_591' title='bbox 145 3679 186 3731; x_wconf 82' lang='lat' dir='ltr'><strong>la</strong></span> <span class='ocrx_word' id='word_1_592' title='bbox 216 3696 276 3733; x_wconf 84' lang='lat' dir='ltr'><strong>ex</strong></span> <span class='ocrx_word' id='word_1_593' title='bbox 315 3690 467 3748; x_wconf 89' lang='lat' dir='ltr'><strong>parte</strong></span> <span class='ocrx_word' id='word_1_594' title='bbox 499 3694 656 3746; x_wconf 84' lang='lat' dir='ltr'><strong>posse</strong></span> <span class='ocrx_word' id='word_1_595' title='bbox 685 3678 937 3744; x_wconf 89' lang='lat' dir='ltr'><strong>deficere,</strong></span> <span class='ocrx_word' id='word_1_596' title='bbox 971 3688 1025 3731; x_wconf 91' lang='lat' dir='ltr'><strong>et</strong></span> <span class='ocrx_word' id='word_1_597' title='bbox 1054 3693 1115 3731; x_wconf 84' lang='lat' dir='ltr'><strong>ea</strong></span> <span class='ocrx_word' id='word_1_598' title='bbox 1147 3691 1301 3746; x_wconf 90' lang='lat' dir='ltr'><strong>posse</strong></span> <span class='ocrx_word' id='word_1_599' title='bbox 1323 3675 1554 3730; x_wconf 86' lang='lat' dir='ltr'><strong>deficere</strong></span> <span class='ocrx_word' id='word_1_600' title='bbox 1593 3690 1712 3745; x_wconf 69' lang='lat' dir='ltr'><strong>qua:</strong></span> 
     </span>
    </p>
   </div>
   <div class='ocr_carea' id='block_1_70' title="bbox 144 3765 1708 3838">
    <p class='ocr_par' dir='ltr' id='par_1_70' title="bbox 144 3765 1708 3838">
     <span class='ocr_line' id='line_1_70' title="bbox 144 3765 1708 3838; baseline -0.003 -17"><span class='ocrx_word' id='word_1_601' title='bbox 144 3783 201 3822; x_wconf 79' lang='lat' dir='ltr'><strong>ex</strong></span> <span class='ocrx_word' id='word_1_602' title='bbox 233 3767 396 3822; x_wconf 83' lang='lat' dir='ltr'><strong>nihilo</strong></span> <span class='ocrx_word' id='word_1_603' title='bbox 431 3767 568 3822; x_wconf 88' lang='lat' dir='ltr'><strong>facta</strong></span> <span class='ocrx_word' id='word_1_604' title='bbox 599 3778 741 3833; x_wconf 86' lang='lat' dir='ltr'><strong>sunt,</strong></span> <span class='ocrx_word' id='word_1_605' title='bbox 775 3783 891 3838; x_wconf 74' lang='lat' dir='ltr'><strong>qua:</strong></span> <span class='ocrx_word' id='word_1_606' title='bbox 919 3776 1097 3822; x_wconf 86' lang='lat' dir='ltr'><strong>tamen</strong></span> <span class='ocrx_word' id='word_1_607' title='bbox 1130 3766 1345 3836; x_wconf 78' lang='lat' dir='ltr'><strong>quando</strong></span> <span class='ocrx_word' id='word_1_608' title='bbox 1376 3765 1708 3834; x_wconf 82' lang='lat' dir='ltr'><strong>magissunt,</strong></span> 
     </span>
    </p>
   </div>
   <div class='ocr_carea' id='block_1_71' title="bbox 144 3853 1708 3929">
    <p class='ocr_par' dir='ltr' id='par_1_71' title="bbox 144 3853 1708 3929">
     <span class='ocr_line' id='line_1_71' title="bbox 144 3853 1708 3929; baseline -0.002 -16"><span class='ocrx_word' id='word_1_609' title='bbox 144 3874 191 3913; x_wconf 88' lang='lat' dir='ltr'><strong>ct</strong></span> <span class='ocrx_word' id='word_1_610' title='bbox 210 3861 342 3915; x_wconf 86' lang='lat' dir='ltr'><strong>bona</strong></span> <span class='ocrx_word' id='word_1_611' title='bbox 368 3853 586 3924; x_wconf 61' lang='lat' dir='ltr'><strong>faciunt,</strong></span> <span class='ocrx_word' id='word_1_612' title='bbox 620 3869 742 3915; x_wconf 89' lang='lat' dir='ltr'><strong>tunc</strong></span> <span class='ocrx_word' id='word_1_613' title='bbox 771 3861 912 3915; x_wconf 89' lang='lat' dir='ltr'><strong>enim</strong></span> <span class='ocrx_word' id='word_1_614' title='bbox 940 3860 1134 3928; x_wconf 90' lang='lat' dir='ltr'><strong>aliquid</strong></span> <span class='ocrx_word' id='word_1_615' title='bbox 1159 3859 1357 3912; x_wconf 87' lang='lat' dir='ltr'><strong>faciunt</strong></span> <span class='ocrx_word' id='word_1_616' title='bbox 1386 3855 1550 3929; x_wconf 82' lang='lat' dir='ltr'><strong>[cum]</strong></span> <span class='ocrx_word' id='word_1_617' title='bbox 1583 3871 1708 3910; x_wconf 85' lang='lat' dir='ltr'><strong>cau-</strong></span> 
     </span>
    </p>
   </div>
   <div class='ocr_carea' id='block_1_72' title="bbox 143 3947 1715 4019">
    <p class='ocr_par' dir='ltr' id='par_1_72' title="bbox 143 3947 1715 4019">
     <span class='ocr_line' id='line_1_72' title="bbox 143 3947 1715 4019; baseline -0.002 -15"><span class='ocrx_word' id='word_1_618' title='bbox 143 3966 222 4004; x_wconf 81' lang='lat' dir='ltr'><strong>sas</strong></span> <span class='ocrx_word' id='word_1_619' title='bbox 267 3952 467 4005; x_wconf 88' lang='lat' dir='ltr'><strong>habent</strong></span> <span class='ocrx_word' id='word_1_620' title='bbox 518 3951 835 4014; x_wconf 75' lang='lat' dir='ltr'><strong>efficientes,</strong></span> <span class='ocrx_word' id='word_1_621' title='bbox 883 3950 936 4003; x_wconf 91' lang='lat' dir='ltr'><strong>in</strong></span> <span class='ocrx_word' id='word_1_622' title='bbox 967 3960 1224 4019; x_wconf 91' lang='lat' dir='ltr'><strong>quantum</strong></span> <span class='ocrx_word' id='word_1_623' title='bbox 1253 3959 1429 4003; x_wconf 90' lang='lat' dir='ltr'><strong>autem</strong></span> <span class='ocrx_word' id='word_1_624' title='bbox 1462 3947 1715 4001; x_wconf 77' lang='lat' dir='ltr'><strong>deficiunt</strong></span> 
     </span>
    </p>
   </div>
   <div class='ocr_carea' id='block_1_73' title="bbox 143 4039 1710 4113">
    <p class='ocr_par' dir='ltr' id='par_1_73' title="bbox 143 4039 1710 4113">
     <span class='ocr_line' id='line_1_73' title="bbox 143 4039 1710 4113; baseline -0.003 -16"><span class='ocrx_word' id='word_1_625' title='bbox 143 4055 274 4098; x_wconf 77' lang='lat' dir='ltr'><strong>ctex</strong></span> <span class='ocrx_word' id='word_1_626' title='bbox 321 4046 422 4099; x_wconf 89' lang='lat' dir='ltr'><strong>hoc</strong></span> <span class='ocrx_word' id='word_1_627' title='bbox 452 4045 585 4097; x_wconf 86' lang='lat' dir='ltr'><strong>maia</strong></span> <span class='ocrx_word' id='word_1_628' title='bbox 627 4043 825 4097; x_wconf 86' lang='lat' dir='ltr'><strong>faciunt</strong></span> <span class='ocrx_word' id='word_1_629' title='bbox 854 4043 1003 4113; x_wconf 88' lang='lat' dir='ltr'><strong>(quid</strong></span> <span class='ocrx_word' id='word_1_630' title='bbox 1045 4041 1186 4096; x_wconf 89' lang='lat' dir='ltr'><strong>enim</strong></span> <span class='ocrx_word' id='word_1_631' title='bbox 1217 4049 1340 4096; x_wconf 87' lang='lat' dir='ltr'><strong>tunc</strong></span> <span class='ocrx_word' id='word_1_632' title='bbox 1383 4041 1580 4094; x_wconf 84' lang='lat' dir='ltr'><strong>faciunt</strong></span> <span class='ocrx_word' id='word_1_633' title='bbox 1610 4039 1710 4093; x_wconf 86' lang='lat' dir='ltr'><strong>nisi</strong></span> 
     </span>
    </p>
   </div>
   <div class='ocr_carea' id='block_1_74' title="bbox 145 4131 1709 4201">
    <p class='ocr_par' dir='ltr' id='par_1_74' title="bbox 145 4131 1709 4201">
     <span class='ocr_line' id='line_1_74' title="bbox 145 4131 1709 4201; baseline -0.001 -15"><span class='ocrx_word' id='word_1_634' title='bbox 145 4148 267 4187; x_wconf 85' lang='lat' dir='ltr'><strong>vana</strong></span> <span class='ocrx_word' id='word_1_635' title='bbox 284 4136 352 4201; x_wconf 80' lang='lat'><strong>?).</strong></span> <span class='ocrx_word' id='word_1_636' title='bbox 399 4149 591 4188; x_wconf 87' lang='lat' dir='ltr'><strong>causas</strong></span> <span class='ocrx_word' id='word_1_637' title='bbox 629 4133 823 4188; x_wconf 87' lang='lat' dir='ltr'><strong>habent</strong></span> <span class='ocrx_word' id='word_1_638' title='bbox 848 4133 1180 4187; x_wconf 85' lang='lat' dir='ltr'><strong>deﬁcientes.</strong></span> <span class='ocrx_word' id='word_1_639' title='bbox 1215 4131 1450 4201; x_wconf 90' lang='lat' dir='ltr'><strong>Itemque</strong></span> <span class='ocrx_word' id='word_1_640' title='bbox 1493 4132 1628 4196; x_wconf 89' lang='lat' dir='ltr'><strong>scio,</strong></span> <span class='ocrx_word' id='word_1_641' title='bbox 1658 4131 1709 4185; x_wconf 92' lang='lat' dir='ltr'><strong>in</strong></span> 
     </span>
    </p>
   </div>
   <div class='ocr_carea' id='block_1_75' title="bbox 147 4225 1709 4294">
    <p class='ocr_par' dir='ltr' id='par_1_75' title="bbox 147 4225 1709 4294">
     <span class='ocr_line' id='line_1_75' title="bbox 147 4225 1709 4294; baseline 0.002 -20"><span class='ocrx_word' id='word_1_642' title='bbox 147 4241 248 4292; x_wconf 85' lang='lat' dir='ltr'><strong>quo</strong></span> <span class='ocrx_word' id='word_1_643' title='bbox 279 4227 336 4280; x_wconf 87' lang='lat' dir='ltr'><strong>fit</strong></span> <span class='ocrx_word' id='word_1_644' title='bbox 368 4228 502 4280; x_wconf 88' lang='lat' dir='ltr'><strong>mala</strong></span> <span class='ocrx_word' id='word_1_645' title='bbox 531 4227 794 4291; x_wconf 84' lang='lat' dir='ltr'><strong>voluntas,</strong></span> <span class='ocrx_word' id='word_1_646' title='bbox 829 4226 880 4279; x_wconf 90' lang='lat' dir='ltr'><strong>id</strong></span> <span class='ocrx_word' id='word_1_647' title='bbox 911 4226 961 4279; x_wconf 92' lang='lat' dir='ltr'><strong>in</strong></span> <span class='ocrx_word' id='word_1_648' title='bbox 1005 4241 1070 4280; x_wconf 87' lang='lat' dir='ltr'><strong>eo</strong></span> <span class='ocrx_word' id='word_1_649' title='bbox 1105 4227 1216 4280; x_wconf 88' lang='lat' dir='ltr'><strong>fieri</strong></span> <span class='ocrx_word' id='word_1_650' title='bbox 1255 4226 1415 4294; x_wconf 84' lang='lat' dir='ltr'><strong>quod.</strong></span> <span class='ocrx_word' id='word_1_651' title='bbox 1447 4226 1490 4279; x_wconf 91' lang='lat' dir='ltr'><strong>si</strong></span> <span class='ocrx_word' id='word_1_652' title='bbox 1523 4225 1709 4294; x_wconf 84' lang='lat' dir='ltr'><strong>nollet,</strong></span> 
     </span>
    </p>
   </div>
   <div class='ocr_carea' id='block_1_76' title="bbox 145 4315 1711 4380">
    <p class='ocr_par' dir='ltr' id='par_1_76' title="bbox 145 4315 1711 4380">
     <span class='ocr_line' id='line_1_76' title="bbox 145 4315 1711 4380; baseline 0.002 -12"><span class='ocrx_word' id='word_1_653' title='bbox 145 4330 244 4369; x_wconf 82' lang='lat' dir='ltr'><strong>non</strong></span> <span class='ocrx_word' id='word_1_654' title='bbox 275 4317 452 4380; x_wconf 87' lang='lat' dir='ltr'><strong>fieret,</strong></span> <span class='ocrx_word' id='word_1_655' title='bbox 485 4323 540 4368; x_wconf 91' lang='lat' dir='ltr'><strong>et</strong></span> <span class='ocrx_word' id='word_1_656' title='bbox 583 4317 699 4369; x_wconf 91' lang='lat' dir='ltr'><strong>ideo</strong></span> <span class='ocrx_word' id='word_1_657' title='bbox 749 4330 851 4368; x_wconf 92' lang='lat' dir='ltr'><strong>non</strong></span> <span class='ocrx_word' id='word_1_658' title='bbox 883 4317 1214 4369; x_wconf 88' lang='lat' dir='ltr'><strong>necessarios</strong></span> <span class='ocrx_word' id='word_1_659' title='bbox 1244 4315 1336 4370; x_wconf 90' lang='lat' dir='ltr'><strong>sed</strong></span> <span class='ocrx_word' id='word_1_660' title='bbox 1384 4316 1711 4371; x_wconf 82' lang='lat' dir='ltr'><strong>voluntarios</strong></span> 
     </span>
    </p>
   </div>
   <div class='ocr_carea' id='block_1_77' title="bbox 1814 3131 3384 3204">
    <p class='ocr_par' dir='ltr' id='par_1_77' title="bbox 1814 3131 3384 3204">
     <span class='ocr_line' id='line_1_77' title="bbox 1814 3131 3384 3204; baseline -0.004 -13"><span class='ocrx_word' id='word_1_661' title='bbox 1814 3137 1968 3204; x_wconf 85' lang='lat' dir='ltr'><strong>tales,</strong></span> <span class='ocrx_word' id='word_1_662' title='bbox 2002 3135 2234 3188; x_wconf 88' lang='lat' dir='ltr'><strong>nondum</strong></span> <span class='ocrx_word' id='word_1_663' title='bbox 2270 3143 2373 3193; x_wconf 83' lang='lat' dir='ltr'><strong>tam</strong></span> <span class='ocrx_word' id='word_1_664' title='bbox 2405 3133 2527 3187; x_wconf 92' lang='lat' dir='ltr'><strong>boni</strong></span> <span class='ocrx_word' id='word_1_665' title='bbox 2550 3147 2708 3202; x_wconf 88' lang='lat' dir='ltr'><strong>quam</strong></span> <span class='ocrx_word' id='word_1_666' title='bbox 2736 3146 2854 3186; x_wconf 90' lang='lat' dir='ltr'><strong>esse</strong></span> <span class='ocrx_word' id='word_1_667' title='bbox 2883 3146 3001 3185; x_wconf 90' lang='lat' dir='ltr'><strong>eum</strong></span> <span class='ocrx_word' id='word_1_668' title='bbox 3030 3131 3164 3184; x_wconf 88' lang='lat' dir='ltr'><strong>bona</strong></span> <span class='ocrx_word' id='word_1_669' title='bbox 3192 3131 3384 3196; x_wconf 69' lang='lat' dir='ltr'><strong>volun-</strong></span> 
     </span>
    </p>
   </div>
   <div class='ocr_carea' id='block_1_78' title="bbox 1813 3204 3387 3296">
    <p class='ocr_par' dir='ltr' id='par_1_78' title="bbox 1813 3204 3387 3296">
     <span class='ocr_line' id='line_1_78' title="bbox 1813 3204 3387 3296; baseline -0.002 -14"><span class='ocrx_word' id='word_1_670' title='bbox 1813 3237 1922 3282; x_wconf 88' lang='lat' dir='ltr'><strong>tate</strong></span> <span class='ocrx_word' id='word_1_671' title='bbox 1946 3237 2244 3296; x_wconf 65' lang='lat' dir='ltr'><strong>crcpt-ruut.</strong></span> <span class='ocrx_word' id='word_1_672' title='bbox 2289 3228 2392 3280; x_wconf 84' lang='lat' dir='ltr'><strong>Aut</strong></span> <span class='ocrx_word' id='word_1_673' title='bbox 2421 3228 2463 3279; x_wconf 89' lang='lat' dir='ltr'><strong>si</strong></span> <span class='ocrx_word' id='word_1_674' title='bbox 2496 3241 2600 3278; x_wconf 93' lang='lat' dir='ltr'><strong>non</strong></span> <span class='ocrx_word' id='word_1_675' title='bbox 2633 3232 2916 3293; x_wconf 80' lang='lat' dir='ltr'><strong>potuerunt</strong></span> <span class='ocrx_word' id='word_1_676' title='bbox 2962 3225 3166 3292; x_wconf 81' lang='lat' dir='ltr'><strong>seipsos</strong></span> <span class='ocrx_word' id='word_1_677' title='bbox 3209 3204 3387 3280; x_wconf 78' lang='lat' dir='ltr'><strong>facere</strong></span> 
     </span>
    </p>
   </div>
   <div class='ocr_carea' id='block_1_79' title="bbox 1811 3314 3386 3387">
    <p class='ocr_par' dir='ltr' id='par_1_79' title="bbox 1811 3314 3386 3387">
     <span class='ocr_line' id='line_1_79' title="bbox 1811 3314 3386 3387; baseline -0.004 -14"><span class='ocrx_word' id='word_1_678' title='bbox 1811 3320 2240 3387; x_wconf 67' lang='lat' dir='ltr'><strong>meliori-squam</strong></span> <span class='ocrx_word' id='word_1_679' title='bbox 2287 3332 2379 3370; x_wconf 82' lang='lat' dir='ltr'><strong>eos</strong></span> <span class='ocrx_word' id='word_1_680' title='bbox 2433 3317 2519 3370; x_wconf 83' lang='lat' dir='ltr'><strong>ille</strong></span> <span class='ocrx_word' id='word_1_681' title='bbox 2571 3315 2770 3369; x_wconf 87' lang='lat' dir='ltr'><strong>fecerat</strong></span> <span class='ocrx_word' id='word_1_682' title='bbox 2815 3320 2946 3384; x_wconf 83' lang='lat' dir='ltr'><strong>(quo</strong></span> <span class='ocrx_word' id='word_1_683' title='bbox 2991 3329 3150 3368; x_wconf 90' lang='lat' dir='ltr'><strong>nemo</strong></span> <span class='ocrx_word' id='word_1_684' title='bbox 3178 3314 3386 3383; x_wconf 61' lang='lat' dir='ltr'><strong>;melius</strong></span> 
     </span>
    </p>
   </div>
   <div class='ocr_carea' id='block_1_80' title="bbox 1811 3404 3386 3479">
    <p class='ocr_par' dir='ltr' id='par_1_80' title="bbox 1811 3404 3386 3479">
     <span class='ocr_line' id='line_1_80' title="bbox 1811 3404 3386 3479; baseline -0.003 -17"><span class='ocrx_word' id='word_1_685' title='bbox 1811 3408 2095 3479; x_wconf 88' lang='lat' dir='ltr'><strong>quidquam</strong></span> <span class='ocrx_word' id='word_1_686' title='bbox 2130 3407 2294 3475; x_wconf 86' lang='lat' dir='ltr'><strong>facit),</strong></span> <span class='ocrx_word' id='word_1_687' title='bbox 2333 3405 2569 3474; x_wconf 89' lang='lat' dir='ltr'><strong>profecto</strong></span> <span class='ocrx_word' id='word_1_688' title='bbox 2599 3414 2653 3459; x_wconf 90' lang='lat' dir='ltr'><strong>et</strong></span> <span class='ocrx_word' id='word_1_689' title='bbox 2681 3404 2876 3459; x_wconf 91' lang='lat' dir='ltr'><strong>bonam</strong></span> <span class='ocrx_word' id='word_1_690' title='bbox 2911 3404 3254 3468; x_wconf 89' lang='lat' dir='ltr'><strong>voluntatem,</strong></span> <span class='ocrx_word' id='word_1_691' title='bbox 3285 3418 3386 3473; x_wconf 87' lang='lat' dir='ltr'><strong>qua</strong></span> 
     </span>
    </p>
   </div>
   <div class='ocr_carea' id='block_1_81' title="bbox 1813 3493 3384 3572">
    <p class='ocr_par' dir='ltr' id='par_1_81' title="bbox 1813 3493 3384 3572">
     <span class='ocr_line' id='line_1_81' title="bbox 1813 3493 3384 3572; baseline -0.004 -20"><span class='ocrx_word' id='word_1_692' title='bbox 1813 3501 2061 3554; x_wconf 80' lang='lat' dir='ltr'><strong>meliores</strong></span> <span class='ocrx_word' id='word_1_693' title='bbox 2111 3507 2292 3553; x_wconf 87' lang='lat' dir='ltr'><strong>essent</strong></span> <span class='ocrx_word' id='word_1_694' title='bbox 2317 3539 2329 3562; x_wconf 91' lang='lat'><strong>,</strong></span> <span class='ocrx_word' id='word_1_695' title='bbox 2362 3496 2463 3550; x_wconf 71' lang='lat' dir='ltr'><strong>nisi</strong></span> <span class='ocrx_word' id='word_1_696' title='bbox 2498 3505 2750 3565; x_wconf 63' lang='lat' dir='ltr'><strong>operante</strong></span> <span class='ocrx_word' id='word_1_697' title='bbox 2779 3493 3044 3572; x_wconf 62' lang='lat' dir='ltr'><strong>adjutorii</strong></span> <span class='ocrx_word' id='word_1_698' title='bbox 3093 3494 3384 3559; x_wconf 75' lang='lat' dir='ltr'><strong>Creatoris,</strong></span> 
     </span>
    </p>
   </div>
   <div class='ocr_carea' id='block_1_82' title="bbox 1815 3585 3388 3658">
    <p class='ocr_par' dir='ltr' id='par_1_82' title="bbox 1815 3585 3388 3658">
     <span class='ocr_line' id='line_1_82' title="bbox 1815 3585 3388 3658; baseline -0.003 -14"><span class='ocrx_word' id='word_1_699' title='bbox 1815 3593 2010 3645; x_wconf 79' lang='lat' dir='ltr'><strong>habere</strong></span> <span class='ocrx_word' id='word_1_700' title='bbox 2043 3605 2146 3644; x_wconf 92' lang='lat' dir='ltr'><strong>non</strong></span> <span class='ocrx_word' id='word_1_701' title='bbox 2180 3598 2412 3658; x_wconf 80' lang='lat' dir='ltr'><strong>possent.</strong></span> <span class='ocrx_word' id='word_1_702' title='bbox 2445 3589 2656 3642; x_wconf 73' lang='lat' dir='ltr'><strong>Et’cum</strong></span> <span class='ocrx_word' id='word_1_703' title='bbox 2703 3588 2752 3640; x_wconf 90' lang='lat' dir='ltr'><strong>id</strong></span> <span class='ocrx_word' id='word_1_704' title='bbox 2796 3587 2905 3656; x_wconf 72' lang='lat' dir='ltr'><strong>egit</strong></span> <span class='ocrx_word' id='word_1_705' title='bbox 2933 3602 3116 3641; x_wconf 90' lang='lat' dir='ltr'><strong>eorum</strong></span> <span class='ocrx_word' id='word_1_706' title='bbox 3144 3585 3388 3639; x_wconf 73' lang='lat' dir='ltr'><strong>voluntas</strong></span> 
     </span>
    </p>
   </div>
   <div class='ocr_carea' id='block_1_83' title="bbox 1813 3676 3386 3747">
    <p class='ocr_par' dir='ltr' id='par_1_83' title="bbox 1813 3676 3386 3747">
     <span class='ocr_line' id='line_1_83' title="bbox 1813 3676 3386 3747; baseline -0.003 -10"><span class='ocrx_word' id='word_1_707' title='bbox 1813 3683 1972 3742; x_wconf 86' lang='lat' dir='ltr'><strong>bona.</strong></span> <span class='ocrx_word' id='word_1_708' title='bbox 2004 3689 2056 3735; x_wconf 82' lang='lat' dir='ltr'><strong>ut</strong></span> <span class='ocrx_word' id='word_1_709' title='bbox 2085 3697 2187 3734; x_wconf 92' lang='lat' dir='ltr'><strong>non</strong></span> <span class='ocrx_word' id='word_1_710' title='bbox 2214 3681 2277 3733; x_wconf 88' lang='lat' dir='ltr'><strong>ad</strong></span> <span class='ocrx_word' id='word_1_711' title='bbox 2309 3680 2512 3746; x_wconf 73' lang='lat' dir='ltr'><strong>seipsos</strong></span> <span class='ocrx_word' id='word_1_712' title='bbox 2530 3679 2614 3747; x_wconf 93' lang='lat' dir='ltr'><strong>qui</strong></span> <span class='ocrx_word' id='word_1_713' title='bbox 2637 3679 2811 3731; x_wconf 89' lang='lat' dir='ltr'><strong>minus</strong></span> <span class='ocrx_word' id='word_1_714' title='bbox 2837 3685 3010 3743; x_wconf 87' lang='lat' dir='ltr'><strong>erant,</strong></span> <span class='ocrx_word' id='word_1_715' title='bbox 3034 3677 3126 3731; x_wconf 82' lang='lat' dir='ltr'><strong>sed</strong></span> <span class='ocrx_word' id='word_1_716' title='bbox 3149 3676 3214 3731; x_wconf 89' lang='lat' dir='ltr'><strong>ad</strong></span> <span class='ocrx_word' id='word_1_717' title='bbox 3238 3676 3386 3732; x_wconf 87' lang='lat' dir='ltr'><strong>iilum</strong></span> 
     </span>
    </p>
   </div>
   <div class='ocr_carea' id='block_1_84' title="bbox 1813 3769 3387 3843">
    <p class='ocr_par' dir='ltr' id='par_1_84' title="bbox 1813 3769 3387 3843">
     <span class='ocr_line' id='line_1_84' title="bbox 1813 3769 3387 3843; baseline -0.001 -16"><span class='ocrx_word' id='word_1_718' title='bbox 1813 3775 1899 3843; x_wconf 93' lang='lat' dir='ltr'><strong>qui</strong></span> <span class='ocrx_word' id='word_1_719' title='bbox 1939 3789 2146 3827; x_wconf 89' lang='lat' dir='ltr'><strong>summe</strong></span> <span class='ocrx_word' id='word_1_720' title='bbox 2185 3783 2266 3826; x_wconf 71' lang='lat' dir='ltr'><strong>cst</strong></span> <span class='ocrx_word' id='word_1_721' title='bbox 2312 3778 2786 3834; x_wconf 88' lang='lat' dir='ltr'><strong>converterentur,</strong></span> <span class='ocrx_word' id='word_1_722' title='bbox 2834 3770 2992 3838; x_wconf 89' lang='lat' dir='ltr'><strong>eique</strong></span> <span class='ocrx_word' id='word_1_723' title='bbox 3052 3769 3387 3825; x_wconf 56' lang='lat' dir='ltr'><strong>adhaerentes</strong></span> 
     </span>
    </p>
   </div>
   <div class='ocr_carea' id='block_1_85' title="bbox 1814 3859 3385 3932">
    <p class='ocr_par' dir='ltr' id='par_1_85' title="bbox 1814 3859 3385 3932">
     <span class='ocr_line' id='line_1_85' title="bbox 1814 3859 3385 3932; baseline -0.003 -15"><span class='ocrx_word' id='word_1_724' title='bbox 1814 3864 1980 3932; x_wconf 75' lang='lat' dir='ltr'><strong>magis</strong></span> <span class='ocrx_word' id='word_1_725' title='bbox 2028 3872 2230 3926; x_wconf 86' lang='lat' dir='ltr'><strong>essent,</strong></span> <span class='ocrx_word' id='word_1_726' title='bbox 2275 3861 2493 3930; x_wconf 81' lang='lat' dir='ltr'><strong>ejuSque</strong></span> <span class='ocrx_word' id='word_1_727' title='bbox 2525 3859 2925 3929; x_wconf 87' lang='lat' dir='ltr'><strong>participatione</strong></span> <span class='ocrx_word' id='word_1_728' title='bbox 2951 3859 3222 3927; x_wconf 88' lang='lat' dir='ltr'><strong>sapienter</strong></span> <span class='ocrx_word' id='word_1_729' title='bbox 3252 3859 3385 3914; x_wconf 81' lang='lat' dir='ltr'><strong>bea-</strong></span> 
     </span>
    </p>
   </div>
   <div class='ocr_carea' id='block_1_86' title="bbox 1815 3951 3387 4024">
    <p class='ocr_par' dir='ltr' id='par_1_86' title="bbox 1815 3951 3387 4024">
     <span class='ocr_line' id='line_1_86' title="bbox 1815 3951 3387 4024; baseline -0.003 -15"><span class='ocrx_word' id='word_1_730' title='bbox 1815 3965 1972 4024; x_wconf 88' lang='lat' dir='ltr'><strong>teque</strong></span> <span class='ocrx_word' id='word_1_731' title='bbox 1995 3956 2248 4018; x_wconf 61' lang='lat' dir='ltr'><strong>viverent,</strong></span> <span class='ocrx_word' id='word_1_732' title='bbox 2277 3954 2398 4022; x_wconf 69' lang='lat' dir='ltr'><strong>quid</strong></span> <span class='ocrx_word' id='word_1_733' title='bbox 2429 3953 2569 4006; x_wconf 92' lang='lat' dir='ltr'><strong>aliud</strong></span> <span class='ocrx_word' id='word_1_734' title='bbox 2594 3952 2908 4016; x_wconf 89' lang='lat' dir='ltr'><strong>ostenditur,</strong></span> <span class='ocrx_word' id='word_1_735' title='bbox 2939 3952 3043 4022; x_wconf 78' lang='lat'><strong>32</strong></span> <span class='ocrx_word' id='word_1_736' title='bbox 3072 3952 3170 4006; x_wconf 90' lang='lat' dir='ltr'><strong>nisi</strong></span> <span class='ocrx_word' id='word_1_737' title='bbox 3198 3951 3387 4013; x_wconf 82' lang='lat' dir='ltr'><strong>vqlttn—</strong></span> 
     </span>
    </p>
   </div>
   <div class='ocr_carea' id='block_1_87' title="bbox 1816 4043 3384 4112">
    <p class='ocr_par' dir='ltr' id='par_1_87' title="bbox 1816 4043 3384 4112">
     <span class='ocr_line' id='line_1_87' title="bbox 1816 4043 3384 4112; baseline -0.001 -12"><span class='ocrx_word' id='word_1_738' title='bbox 1816 4057 1975 4100; x_wconf 90' lang='lat' dir='ltr'><strong>tatem</strong></span> <span class='ocrx_word' id='word_1_739' title='bbox 2005 4046 2195 4098; x_wconf 85' lang='lat' dir='ltr'><strong>bonam</strong></span> <span class='ocrx_word' id='word_1_740' title='bbox 2225 4085 2238 4108; x_wconf 96' lang='lat'><strong>,</strong></span> <span class='ocrx_word' id='word_1_741' title='bbox 2271 4043 2568 4112; x_wconf 88' lang='lat' dir='ltr'><strong>quamlibet</strong></span> <span class='ocrx_word' id='word_1_742' title='bbox 2598 4043 2786 4096; x_wconf 89' lang='lat' dir='ltr'><strong>bonam</strong></span> <span class='ocrx_word' id='word_1_743' title='bbox 2811 4086 2825 4109; x_wconf 95' lang='lat'><strong>,</strong></span> <span class='ocrx_word' id='word_1_744' title='bbox 2860 4043 3069 4110; x_wconf 88' lang='lat' dir='ltr'><strong>inopem</strong></span> <span class='ocrx_word' id='word_1_745' title='bbox 3109 4043 3301 4109; x_wconf 67' lang='lat' dir='ltr'><strong>fuisse,</strong></span> <span class='ocrx_word' id='word_1_746' title='bbox 3333 4044 3384 4098; x_wconf 90' lang='lat' dir='ltr'><strong>in</strong></span> 
     </span>
    </p>
   </div>
   <div class='ocr_carea' id='block_1_88' title="bbox 1814 4132 3382 4200">
    <p class='ocr_par' dir='ltr' id='par_1_88' title="bbox 1814 4132 3382 4200">
     <span class='ocr_line' id='line_1_88' title="bbox 1814 4132 3382 4200; baseline -0.003 -10"><span class='ocrx_word' id='word_1_747' title='bbox 1814 4138 1928 4190; x_wconf 90' lang='lat' dir='ltr'><strong>solo</strong></span> <span class='ocrx_word' id='word_1_748' title='bbox 1950 4134 2215 4188; x_wconf 87' lang='lat' dir='ltr'><strong>desiderio</strong></span> <span class='ocrx_word' id='word_1_749' title='bbox 2245 4148 2607 4187; x_wconf 67' lang='lat' dir='ltr'><strong>remansuram</strong></span> <span class='ocrx_word' id='word_1_750' title='bbox 2632 4171 2646 4197; x_wconf 92' lang='lat'><strong>,</strong></span> <span class='ocrx_word' id='word_1_751' title='bbox 2679 4132 2777 4185; x_wconf 91' lang='lat' dir='ltr'><strong>nisi</strong></span> <span class='ocrx_word' id='word_1_752' title='bbox 2810 4132 2900 4186; x_wconf 90' lang='lat' dir='ltr'><strong>ille</strong></span> <span class='ocrx_word' id='word_1_753' title='bbox 2926 4134 3012 4200; x_wconf 88' lang='lat' dir='ltr'><strong>qui</strong></span> <span class='ocrx_word' id='word_1_754' title='bbox 3063 4132 3254 4186; x_wconf 91' lang='lat' dir='ltr'><strong>bonam</strong></span> <span class='ocrx_word' id='word_1_755' title='bbox 3287 4147 3382 4186; x_wconf 89' lang='lat' dir='ltr'><strong>na-</strong></span> 
     </span>
    </p>
   </div>
   <div class='ocr_carea' id='block_1_89' title="bbox 1815 4223 3383 4292">
    <p class='ocr_par' dir='ltr' id='par_1_89' title="bbox 1815 4223 3383 4292">
     <span class='ocr_line' id='line_1_89' title="bbox 1815 4223 3383 4292; baseline -0.002 -12"><span class='ocrx_word' id='word_1_756' title='bbox 1815 4238 1982 4281; x_wconf 87' lang='lat' dir='ltr'><strong>turam</strong></span> <span class='ocrx_word' id='word_1_757' title='bbox 2014 4242 2082 4279; x_wconf 79' lang='lat' dir='ltr'><strong>ex</strong></span> <span class='ocrx_word' id='word_1_758' title='bbox 2116 4225 2279 4278; x_wconf 77' lang='lat' dir='ltr'><strong>nihilo</strong></span> <span class='ocrx_word' id='word_1_759' title='bbox 2303 4224 2382 4277; x_wconf 72' lang='lat' dir='ltr'><strong>Sui</strong></span> <span class='ocrx_word' id='word_1_760' title='bbox 2407 4238 2654 4291; x_wconf 87' lang='lat' dir='ltr'><strong>capacem</strong></span> <span class='ocrx_word' id='word_1_761' title='bbox 2683 4223 2901 4288; x_wconf 90' lang='lat' dir='ltr'><strong>fecerat,</strong></span> <span class='ocrx_word' id='word_1_762' title='bbox 2934 4238 2998 4277; x_wconf 81' lang='lat' dir='ltr'><strong>ex</strong></span> <span class='ocrx_word' id='word_1_763' title='bbox 3029 4223 3206 4292; x_wconf 90' lang='lat' dir='ltr'><strong>scipso</strong></span> <span class='ocrx_word' id='word_1_764' title='bbox 3238 4223 3383 4278; x_wconf 82' lang='lat' dir='ltr'><strong>face-</strong></span> 
     </span>
    </p>
   </div>
   <div class='ocr_carea' id='block_1_90' title="bbox 1816 4314 3385 4387">
    <p class='ocr_par' dir='ltr' id='par_1_90' title="bbox 1816 4314 3385 4387">
     <span class='ocr_line' id='line_1_90' title="bbox 1816 4314 3385 4387; baseline -0.005 -13"><span class='ocrx_word' id='word_1_765' title='bbox 1816 4329 1916 4386; x_wconf 89' lang='lat' dir='ltr'><strong>ret,</strong></span> <span class='ocrx_word' id='word_1_766' title='bbox 1951 4318 2215 4387; x_wconf 83' lang='lat' dir='ltr'><strong>impleudo</strong></span> <span class='ocrx_word' id='word_1_767' title='bbox 2244 4315 2519 4370; x_wconf 91' lang='lat' dir='ltr'><strong>meliorem</strong></span> <span class='ocrx_word' id='word_1_768' title='bbox 2544 4315 2690 4381; x_wconf 90' lang='lat' dir='ltr'><strong>prius</strong></span> <span class='ocrx_word' id='word_1_769' title='bbox 2721 4314 2917 4368; x_wconf 82' lang='lat' dir='ltr'><strong>fat-iens</strong></span> <span class='ocrx_word' id='word_1_770' title='bbox 2935 4355 2950 4376; x_wconf 90' lang='lat'><strong>,</strong></span> <span class='ocrx_word' id='word_1_771' title='bbox 2974 4314 3254 4367; x_wconf 81' lang='lat' dir='ltr'><strong>excitando</strong></span> <span class='ocrx_word' id='word_1_772' title='bbox 3276 4314 3385 4367; x_wconf 89' lang='lat' dir='ltr'><strong>avi-</strong></span> 
     </span>
    </p>
   </div>
   <div class='ocr_carea' id='block_1_91' title="bbox 145 4392 3384 4484">
    <p class='ocr_par' dir='ltr' id='par_1_91' title="bbox 145 4392 3384 4484">
     <span class='ocr_line' id='line_1_91' title="bbox 145 4392 3384 4484; baseline 0 -26"><span class='ocrx_word' id='word_1_773' title='bbox 145 4406 376 4460; x_wconf 87' lang='lat' dir='ltr'><strong>defectus</strong></span> <span class='ocrx_word' id='word_1_774' title='bbox 400 4406 540 4474; x_wconf 88' lang='lat' dir='ltr'><strong>justa</strong></span> <span class='ocrx_word' id='word_1_775' title='bbox 574 4419 728 4474; x_wconf 75' lang='lat' dir='ltr'><strong>pmna</strong></span> <span class='ocrx_word' id='word_1_776' title='bbox 751 4405 1112 4474; x_wconf 87' lang='lat' dir='ltr'><strong>consequitur.</strong></span> <span class='ocrx_word' id='word_1_777' title='bbox 1145 4406 1399 4459; x_wconf 89' lang='lat' dir='ltr'><strong>Deficitur</strong></span> <span class='ocrx_word' id='word_1_778' title='bbox 1425 4406 1564 4459; x_wconf 90' lang='lat' dir='ltr'><strong>enim</strong></span> <span class='ocrx_word' id='word_1_779' title='bbox 1608 4423 1711 4460; x_wconf 91' lang='lat' dir='ltr'><strong>non</strong></span> <span class='ocrx_word' id='word_1_780' title='bbox 1743 4392 1794 4449; x_wconf 83' lang='lat' dir='ltr'><strong>D</strong></span> <span class='ocrx_word' id='word_1_781' title='bbox 1818 4410 2056 4466; x_wconf 81' lang='lat' dir='ltr'><strong>diorem?</strong></span> <span class='ocrx_word' id='word_1_782' title='bbox 2089 4424 2206 4462; x_wconf 88' lang='lat' dir='ltr'><strong>nam</strong></span> <span class='ocrx_word' id='word_1_783' title='bbox 2232 4420 2285 4484; x_wconf 82' lang='lat' dir='ltr'><strong>et</strong></span> <span class='ocrx_word' id='word_1_784' title='bbox 2315 4407 2414 4461; x_wconf 88' lang='lat' dir='ltr'><strong>hoc</strong></span> <span class='ocrx_word' id='word_1_785' title='bbox 2446 4405 2832 4460; x_wconf 75' lang='lat' dir='ltr'><strong>discutiendum</strong></span> <span class='ocrx_word' id='word_1_786' title='bbox 2855 4417 2956 4472; x_wconf 89' lang='lat' dir='ltr'><strong>est,</strong></span> <span class='ocrx_word' id='word_1_787' title='bbox 2989 4407 3031 4460; x_wconf 92' lang='lat' dir='ltr'><strong>si</strong></span> <span class='ocrx_word' id='word_1_788' title='bbox 3063 4406 3183 4459; x_wconf 90' lang='lat' dir='ltr'><strong>boni</strong></span> <span class='ocrx_word' id='word_1_789' title='bbox 3209 4407 3384 4474; x_wconf 76' lang='lat' dir='ltr'><strong>angeli</strong></span> 
     </span>
    </p>
   </div>
   <div class='ocr_carea' id='block_1_92' title="bbox 145 4496 1709 4560">
    <p class='ocr_par' dir='ltr' id='par_1_92' title="bbox 145 4496 1709 4560">
     <span class='ocr_line' id='line_1_92' title="bbox 145 4496 1709 4560; baseline 0.002 -12"><span class='ocrx_word' id='word_1_790' title='bbox 145 4499 205 4548; x_wconf 83' lang='lat' dir='ltr'><strong>a-l</strong></span> <span class='ocrx_word' id='word_1_791' title='bbox 235 4497 394 4560; x_wconf 87' lang='lat' dir='ltr'><strong>mala,</strong></span> <span class='ocrx_word' id='word_1_792' title='bbox 417 4497 511 4549; x_wconf 86' lang='lat' dir='ltr'><strong>sed</strong></span> <span class='ocrx_word' id='word_1_793' title='bbox 541 4497 694 4557; x_wconf 78' lang='lat' dir='ltr'><strong>unde,</strong></span> <span class='ocrx_word' id='word_1_794' title='bbox 731 4497 778 4548; x_wconf 89' lang='lat' dir='ltr'><strong>id</strong></span> <span class='ocrx_word' id='word_1_795' title='bbox 812 4506 1018 4549; x_wconf 90' lang='lat' dir='ltr'><strong>estnon</strong></span> <span class='ocrx_word' id='word_1_796' title='bbox 1042 4496 1106 4550; x_wconf 88' lang='lat' dir='ltr'><strong>ad</strong></span> <span class='ocrx_word' id='word_1_797' title='bbox 1139 4496 1305 4550; x_wconf 88' lang='lat' dir='ltr'><strong>malas</strong></span> <span class='ocrx_word' id='word_1_798' title='bbox 1332 4505 1546 4550; x_wconf 88' lang='lat' dir='ltr'><strong>naturas</strong></span> <span class='ocrx_word' id='word_1_799' title='bbox 1570 4539 1584 4559; x_wconf 88' lang='lat'><strong>,</strong></span> <span class='ocrx_word' id='word_1_800' title='bbox 1615 4499 1709 4552; x_wconf 85' lang='lat' dir='ltr'><strong>sed</strong></span> 
     </span>
    </p>
   </div>
   <div class='ocr_carea' id='block_1_93' title="bbox 146 4586 1711 4654">
    <p class='ocr_par' dir='ltr' id='par_1_93' title="bbox 146 4586 1711 4654">
     <span class='ocr_line' id='line_1_93' title="bbox 146 4586 1711 4654; baseline 0.002 -15"><span class='ocrx_word' id='word_1_801' title='bbox 146 4587 259 4639; x_wconf 78' lang='lat' dir='ltr'><strong>ideo</strong></span> <span class='ocrx_word' id='word_1_802' title='bbox 289 4586 425 4639; x_wconf 89' lang='lat' dir='ltr'><strong>male</strong></span> <span class='ocrx_word' id='word_1_803' title='bbox 450 4627 464 4648; x_wconf 93' lang='lat'><strong>,</strong></span> <span class='ocrx_word' id='word_1_804' title='bbox 495 4587 615 4654; x_wconf 76' lang='lat' dir='ltr'><strong>quia</strong></span> <span class='ocrx_word' id='word_1_805' title='bbox 665 4596 851 4638; x_wconf 89' lang='lat' dir='ltr'><strong>contra</strong></span> <span class='ocrx_word' id='word_1_806' title='bbox 897 4586 1138 4639; x_wconf 84' lang='lat' dir='ltr'><strong>ordinem</strong></span> <span class='ocrx_word' id='word_1_807' title='bbox 1190 4596 1499 4640; x_wconf 89' lang='lat' dir='ltr'><strong>naturarum</strong></span> <span class='ocrx_word' id='word_1_808' title='bbox 1530 4589 1596 4641; x_wconf 90' lang='lat' dir='ltr'><strong>ab</strong></span> <span class='ocrx_word' id='word_1_809' title='bbox 1647 4603 1711 4642; x_wconf 92' lang='lat' dir='ltr'><strong>eo</strong></span> 
     </span>
    </p>
   </div>
   <div class='ocr_carea' id='block_1_94' title="bbox 148 4675 1709 4745">
    <p class='ocr_par' dir='ltr' id='par_1_94' title="bbox 148 4675 1709 4745">
     <span class='ocr_line' id='line_1_94' title="bbox 148 4675 1709 4745; baseline 0.003 -20"><span class='ocrx_word' id='word_1_810' title='bbox 148 4677 277 4743; x_wconf 78' lang='lat' dir='ltr'><strong>quod</strong></span> <span class='ocrx_word' id='word_1_811' title='bbox 309 4689 516 4730; x_wconf 89' lang='lat' dir='ltr'><strong>summe</strong></span> <span class='ocrx_word' id='word_1_812' title='bbox 543 4684 622 4729; x_wconf 91' lang='lat' dir='ltr'><strong>est</strong></span> <span class='ocrx_word' id='word_1_813' title='bbox 652 4675 717 4727; x_wconf 90' lang='lat' dir='ltr'><strong>ad</strong></span> <span class='ocrx_word' id='word_1_814' title='bbox 758 4675 805 4727; x_wconf 90' lang='lat' dir='ltr'><strong>id</strong></span> <span class='ocrx_word' id='word_1_815' title='bbox 837 4675 973 4744; x_wconf 90' lang='lat' dir='ltr'><strong>quod</strong></span> <span class='ocrx_word' id='word_1_816' title='bbox 1023 4677 1197 4730; x_wconf 90' lang='lat' dir='ltr'><strong>minus</strong></span> <span class='ocrx_word' id='word_1_817' title='bbox 1228 4685 1326 4731; x_wconf 87' lang='lat' dir='ltr'><strong>est.</strong></span> <span class='ocrx_word' id='word_1_818' title='bbox 1358 4675 1540 4745; x_wconf 87' lang='lat' dir='ltr'><strong>Neque</strong></span> <span class='ocrx_word' id='word_1_819' title='bbox 1569 4677 1709 4730; x_wconf 91' lang='lat' dir='ltr'><strong>enim</strong></span> 
     </span>
    </p>
   </div>
   <div class='ocr_carea' id='block_1_95' title="bbox 149 4767 1709 4839">
    <p class='ocr_par' dir='ltr' id='par_1_95' title="bbox 149 4767 1709 4839">
     <span class='ocr_line' id='line_1_95' title="bbox 149 4767 1709 4839; baseline 0.002 -18"><span class='ocrx_word' id='word_1_820' title='bbox 149 4769 258 4822; x_wconf 86' lang='lat' dir='ltr'><strong>auri</strong></span> <span class='ocrx_word' id='word_1_821' title='bbox 288 4770 468 4822; x_wconf 88' lang='lat' dir='ltr'><strong>vitium</strong></span> <span class='ocrx_word' id='word_1_822' title='bbox 500 4777 581 4821; x_wconf 89' lang='lat' dir='ltr'><strong>est</strong></span> <span class='ocrx_word' id='word_1_823' title='bbox 627 4768 846 4821; x_wconf 84' lang='lat' dir='ltr'><strong>avaritia</strong></span> <span class='ocrx_word' id='word_1_824' title='bbox 893 4767 995 4839; x_wconf 89' lang='lat' dir='ltr'><strong>[vel</strong></span> <span class='ocrx_word' id='word_1_825' title='bbox 1027 4767 1330 4837; x_wconf 88' lang='lat' dir='ltr'><strong>cupiditas],</strong></span> <span class='ocrx_word' id='word_1_826' title='bbox 1355 4768 1448 4823; x_wconf 89' lang='lat' dir='ltr'><strong>sed</strong></span> <span class='ocrx_word' id='word_1_827' title='bbox 1480 4767 1709 4824; x_wconf 91' lang='lat' dir='ltr'><strong>hominis</strong></span> 
     </span>
    </p>
   </div>
   <div class='ocr_carea' id='block_1_96' title="bbox 151 4857 1709 4927">
    <p class='ocr_par' dir='ltr' id='par_1_96' title="bbox 151 4857 1709 4927">
     <span class='ocr_line' id='line_1_96' title="bbox 151 4857 1709 4927; baseline 0 -15"><span class='ocrx_word' id='word_1_828' title='bbox 151 4875 393 4926; x_wconf 87' lang='lat' dir='ltr'><strong>perverse</strong></span> <span class='ocrx_word' id='word_1_829' title='bbox 419 4859 647 4912; x_wconf 87' lang='lat' dir='ltr'><strong>amantis</strong></span> <span class='ocrx_word' id='word_1_830' title='bbox 675 4872 859 4911; x_wconf 92' lang='lat' dir='ltr'><strong>aurum</strong></span> <span class='ocrx_word' id='word_1_831' title='bbox 881 4896 895 4916; x_wconf 89' lang='lat'><strong><em>.</em></strong></span> <span class='ocrx_word' id='word_1_832' title='bbox 936 4857 1138 4925; x_wconf 88' lang='lat' dir='ltr'><strong>justitia</strong></span> <span class='ocrx_word' id='word_1_833' title='bbox 1171 4859 1445 4921; x_wconf 90' lang='lat' dir='ltr'><strong>derelicta,</strong></span> <span class='ocrx_word' id='word_1_834' title='bbox 1487 4874 1604 4927; x_wconf 69' lang='lat' dir='ltr'><strong>qua:</strong></span> <span class='ocrx_word' id='word_1_835' title='bbox 1627 4860 1709 4912; x_wconf 87' lang='lat' dir='ltr'><strong>in-</strong></span> 
     </span>
    </p>
   </div>
   <div class='ocr_carea' id='block_1_97' title="bbox 150 4950 1712 5018">
    <p class='ocr_par' dir='ltr' id='par_1_97' title="bbox 150 4950 1712 5018">
     <span class='ocr_line' id='line_1_97' title="bbox 150 4950 1712 5018; baseline 0.001 -14"><span class='ocrx_word' id='word_1_836' title='bbox 150 4951 570 5018; x_wconf 64' lang='lat' dir='ltr'><strong>ctvmparabiliter</strong></span> <span class='ocrx_word' id='word_1_837' title='bbox 598 4966 726 5005; x_wconf 91' lang='lat' dir='ltr'><strong>auro</strong></span> <span class='ocrx_word' id='word_1_838' title='bbox 753 4950 932 5003; x_wconf 87' lang='lat' dir='ltr'><strong>debuit</strong></span> <span class='ocrx_word' id='word_1_839' title='bbox 961 4953 1230 5018; x_wconf 89' lang='lat' dir='ltr'><strong>anteponi.</strong></span> <span class='ocrx_word' id='word_1_840' title='bbox 1275 4952 1382 5006; x_wconf 90' lang='lat' dir='ltr'><strong>Nec</strong></span> <span class='ocrx_word' id='word_1_841' title='bbox 1409 4953 1612 5005; x_wconf 83' lang='lat' dir='ltr'><strong>luxuria</strong></span> <span class='ocrx_word' id='word_1_842' title='bbox 1638 4954 1712 5005; x_wconf 84' lang='lat' dir='ltr'><strong>vi-</strong></span> 
     </span>
    </p>
   </div>
   <div class='ocr_carea' id='block_1_98' title="bbox 151 5043 1712 5112">
    <p class='ocr_par' dir='ltr' id='par_1_98' title="bbox 151 5043 1712 5112">
     <span class='ocr_line' id='line_1_98' title="bbox 151 5043 1712 5112; baseline 0.003 -18"><span class='ocrx_word' id='word_1_843' title='bbox 151 5044 274 5095; x_wconf 90' lang='lat' dir='ltr'><strong>tium</strong></span> <span class='ocrx_word' id='word_1_844' title='bbox 303 5053 387 5096; x_wconf 91' lang='lat' dir='ltr'><strong>est</strong></span> <span class='ocrx_word' id='word_1_845' title='bbox 419 5044 753 5111; x_wconf 84' lang='lat' dir='ltr'><strong>pulchrorum</strong></span> <span class='ocrx_word' id='word_1_846' title='bbox 784 5043 1126 5112; x_wconf 86' lang='lat' dir='ltr'><strong>suaviumque</strong></span> <span class='ocrx_word' id='word_1_847' title='bbox 1154 5059 1454 5112; x_wconf 76' lang='lat' dir='ltr'><strong>corporum,</strong></span> <span class='ocrx_word' id='word_1_848' title='bbox 1483 5046 1572 5098; x_wconf 87' lang='lat' dir='ltr'><strong>sed</strong></span> <span class='ocrx_word' id='word_1_849' title='bbox 1602 5046 1712 5098; x_wconf 90' lang='lat' dir='ltr'><strong>ani-</strong></span> 
     </span>
    </p>
   </div>
   <div class='ocr_carea' id='block_1_99' title="bbox 151 5134 1713 5200">
    <p class='ocr_par' dir='ltr' id='par_1_99' title="bbox 151 5134 1713 5200">
     <span class='ocr_line' id='line_1_99' title="bbox 151 5134 1713 5200; baseline 0.002 -16"><span class='ocrx_word' id='word_1_850' title='bbox 151 5149 245 5186; x_wconf 75' lang='lat' dir='ltr'><strong>mze</strong></span> <span class='ocrx_word' id='word_1_851' title='bbox 295 5148 545 5200; x_wconf 81' lang='lat' dir='ltr'><strong>perverse</strong></span> <span class='ocrx_word' id='word_1_852' title='bbox 592 5134 816 5186; x_wconf 88' lang='lat' dir='ltr'><strong>amantis</strong></span> <span class='ocrx_word' id='word_1_853' title='bbox 863 5147 1150 5199; x_wconf 85' lang='lat' dir='ltr'><strong>corporeas</strong></span> <span class='ocrx_word' id='word_1_854' title='bbox 1183 5135 1502 5200; x_wconf 69' lang='lat' dir='ltr'><strong>voluptates,</strong></span> <span class='ocrx_word' id='word_1_855' title='bbox 1547 5135 1713 5198; x_wconf 62' lang='lat' dir='ltr'><strong>negle-</strong></span> 
     </span>
    </p>
   </div>
   <div class='ocr_carea' id='block_1_100' title="bbox 152 5224 1714 5292">
    <p class='ocr_par' dir='ltr' id='par_1_100' title="bbox 152 5224 1714 5292">
     <span class='ocr_line' id='line_1_100' title="bbox 152 5224 1714 5292; baseline 0.002 -16"><span class='ocrx_word' id='word_1_856' title='bbox 152 5236 227 5276; x_wconf 82' lang='lat' dir='ltr'><strong>Cta</strong></span> <span class='ocrx_word' id='word_1_857' title='bbox 261 5224 637 5291; x_wconf 76' lang='lat' dir='ltr'><strong>temperantia,</strong></span> <span class='ocrx_word' id='word_1_858' title='bbox 672 5239 770 5292; x_wconf 90' lang='lat' dir='ltr'><strong>qua</strong></span> <span class='ocrx_word' id='word_1_859' title='bbox 805 5224 960 5276; x_wconf 90' lang='lat' dir='ltr'><strong>rebus</strong></span> <span class='ocrx_word' id='word_1_860' title='bbox 982 5224 1288 5291; x_wconf 86' lang='lat' dir='ltr'><strong>spiritaliter</strong></span> <span class='ocrx_word' id='word_1_861' title='bbox 1322 5225 1714 5291; x_wconf 82' lang='lat' dir='ltr'><strong>pulchrioribus</strong></span> 
     </span>
    </p>
   </div>
   <div class='ocr_carea' id='block_1_101' title="bbox 151 5315 1705 5385">
    <p class='ocr_par' dir='ltr' id='par_1_101' title="bbox 151 5315 1705 5385">
     <span class='ocr_line' id='line_1_101' title="bbox 151 5315 1705 5385; baseline 0.001 -18"><span class='ocrx_word' id='word_1_862' title='bbox 151 5324 200 5367; x_wconf 80' lang='lat' dir='ltr'><strong>et</strong></span> <span class='ocrx_word' id='word_1_863' title='bbox 241 5315 708 5385; x_wconf 87' lang='lat' dir='ltr'><strong>incorruptibiliter</strong></span> <span class='ocrx_word' id='word_1_864' title='bbox 747 5315 1080 5370; x_wconf 88' lang='lat' dir='ltr'><strong>suavioribus</strong></span> <span class='ocrx_word' id='word_1_865' title='bbox 1125 5327 1457 5382; x_wconf 81' lang='lat' dir='ltr'><strong>coaptamur.</strong></span> <span class='ocrx_word' id='word_1_866' title='bbox 1492 5318 1597 5371; x_wconf 82' lang='lat' dir='ltr'><strong>Nec</strong></span> <span class='ocrx_word' id='word_1_867' title='bbox 1626 5319 1705 5385; x_wconf 84' lang='lat' dir='ltr'><strong>ja-</strong></span> 
     </span>
    </p>
   </div>
   <div class='ocr_carea' id='block_1_102' title="bbox 149 5408 1707 5475">
    <p class='ocr_par' dir='ltr' id='par_1_102' title="bbox 149 5408 1707 5475">
     <span class='ocr_line' id='line_1_102' title="bbox 149 5408 1707 5475; baseline 0.002 -17"><span class='ocrx_word' id='word_1_868' title='bbox 149 5408 337 5458; x_wconf 88' lang='lat' dir='ltr'><strong>ctantia</strong></span> <span class='ocrx_word' id='word_1_869' title='bbox 369 5409 548 5462; x_wconf 87' lang='lat' dir='ltr'><strong>vitium</strong></span> <span class='ocrx_word' id='word_1_870' title='bbox 594 5420 672 5461; x_wconf 76' lang='lat' dir='ltr'><strong>est</strong></span> <span class='ocrx_word' id='word_1_871' title='bbox 703 5409 872 5461; x_wconf 85' lang='lat' dir='ltr'><strong>laudis</strong></span> <span class='ocrx_word' id='word_1_872' title='bbox 902 5409 1141 5460; x_wconf 60' lang='lat' dir='ltr'><strong>humanm</strong></span> <span class='ocrx_word' id='word_1_873' title='bbox 1167 5450 1179 5470; x_wconf 92' lang='lat'><strong>,</strong></span> <span class='ocrx_word' id='word_1_874' title='bbox 1215 5409 1306 5462; x_wconf 84' lang='lat' dir='ltr'><strong>sed</strong></span> <span class='ocrx_word' id='word_1_875' title='bbox 1357 5411 1546 5461; x_wconf 77' lang='lat' dir='ltr'><strong>animze</strong></span> <span class='ocrx_word' id='word_1_876' title='bbox 1590 5424 1707 5475; x_wconf 86' lang='lat' dir='ltr'><strong>per-</strong></span> 
     </span>
    </p>
   </div>
   <div class='ocr_carea' id='block_1_103' title="bbox 153 5503 1704 5568">
    <p class='ocr_par' dir='ltr' id='par_1_103' title="bbox 153 5503 1704 5568">
     <span class='ocr_line' id='line_1_103' title="bbox 153 5503 1704 5568; baseline 0.003 -17"><span class='ocrx_word' id='word_1_877' title='bbox 153 5514 294 5552; x_wconf 76' lang='lat' dir='ltr'><strong>Verse</strong></span> <span class='ocrx_word' id='word_1_878' title='bbox 324 5503 549 5555; x_wconf 86' lang='lat' dir='ltr'><strong>amantis</strong></span> <span class='ocrx_word' id='word_1_879' title='bbox 578 5503 779 5555; x_wconf 69' lang='lat' dir='ltr'><strong>laudari</strong></span> <span class='ocrx_word' id='word_1_880' title='bbox 813 5503 878 5555; x_wconf 89' lang='lat' dir='ltr'><strong>ab</strong></span> <span class='ocrx_word' id='word_1_881' title='bbox 906 5503 1230 5565; x_wconf 76' lang='lat' dir='ltr'><strong>hominibus,</strong></span> <span class='ocrx_word' id='word_1_882' title='bbox 1263 5514 1441 5568; x_wconf 63' lang='lat' dir='ltr'><strong>Spl&#39;ttltt</strong></span> <span class='ocrx_word' id='word_1_883' title='bbox 1467 5505 1704 5555; x_wconf 81' lang='lat' dir='ltr'><strong>testimo-</strong></span> 
     </span>
    </p>
   </div>
   <div class='ocr_carea' id='block_1_104' title="bbox 155 5592 1701 5663">
    <p class='ocr_par' dir='ltr' id='par_1_104' title="bbox 155 5592 1701 5663">
     <span class='ocr_line' id='line_1_104' title="bbox 155 5592 1701 5663; baseline 0.004 -21"><span class='ocrx_word' id='word_1_884' title='bbox 155 5592 234 5644; x_wconf 89' lang='lat' dir='ltr'><strong>nio</strong></span> <span class='ocrx_word' id='word_1_885' title='bbox 261 5593 612 5648; x_wconf 73' lang='lat' dir='ltr'><strong>c--nscicttti.i:.</strong></span> <span class='ocrx_word' id='word_1_886' title='bbox 648 5595 750 5648; x_wconf 85' lang='lat' dir='ltr'><strong>Nec</strong></span> <span class='ocrx_word' id='word_1_887' title='bbox 781 5593 1027 5662; x_wconf 60' lang='lat' dir='ltr'><strong>superbia</strong></span> <span class='ocrx_word' id='word_1_888' title='bbox 1075 5596 1252 5648; x_wconf 83' lang='lat' dir='ltr'><strong>vitium</strong></span> <span class='ocrx_word' id='word_1_889' title='bbox 1287 5606 1365 5648; x_wconf 73' lang='lat' dir='ltr'><strong>c:t</strong></span> <span class='ocrx_word' id='word_1_890' title='bbox 1409 5595 1581 5648; x_wconf 72' lang='lat' dir='ltr'><strong>dantis</strong></span> <span class='ocrx_word' id='word_1_891' title='bbox 1614 5610 1701 5663; x_wconf 81' lang='lat' dir='ltr'><strong>po-</strong></span> 
     </span>
    </p>
   </div>
   <div class='ocr_carea' id='block_1_105' title="bbox 1823 4487 3384 4574">
    <p class='ocr_par' dir='ltr' id='par_1_105' title="bbox 1823 4487 3384 4574">
     <span class='ocr_line' id='line_1_105' title="bbox 1823 4487 3384 4574; baseline -0.003 -18"><span class='ocrx_word' id='word_1_892' title='bbox 1823 4505 1925 4574; x_wconf 88' lang='lat' dir='ltr'><strong>ipsi</strong></span> <span class='ocrx_word' id='word_1_893' title='bbox 1957 4504 2010 4555; x_wconf 90' lang='lat' dir='ltr'><strong>in</strong></span> <span class='ocrx_word' id='word_1_894' title='bbox 2041 4518 2098 4556; x_wconf 93' lang='lat' dir='ltr'><strong>se</strong></span> <span class='ocrx_word' id='word_1_895' title='bbox 2125 4487 2364 4555; x_wconf 73' lang='lat' dir='ltr'><strong>fecerunt</strong></span> <span class='ocrx_word' id='word_1_896' title='bbox 2390 4499 2710 4552; x_wconf 80' lang='lat' dir='ltr'><strong>voluntatem</strong></span> <span class='ocrx_word' id='word_1_897' title='bbox 2743 4499 2931 4551; x_wconf 91' lang='lat' dir='ltr'><strong>bonam</strong></span> <span class='ocrx_word' id='word_1_898' title='bbox 2962 4539 2974 4559; x_wconf 94' lang='lat'><strong>,</strong></span> <span class='ocrx_word' id='word_1_899' title='bbox 3007 4508 3179 4552; x_wconf 88' lang='lat' dir='ltr'><strong>utrum</strong></span> <span class='ocrx_word' id='word_1_900' title='bbox 3212 4499 3384 4567; x_wconf 80' lang='lat' dir='ltr'><strong>aliqua</strong></span> 
     </span>
    </p>
   </div>
   <div class='ocr_carea' id='block_1_106' title="bbox 1819 4591 3383 4658">
    <p class='ocr_par' dir='ltr' id='par_1_106' title="bbox 1819 4591 3383 4658">
     <span class='ocr_line' id='line_1_106' title="bbox 1819 4591 3383 4658; baseline -0.001 -11"><span class='ocrx_word' id='word_1_901' title='bbox 1819 4611 1969 4658; x_wconf 89' lang='lat' dir='ltr'><strong>eam,</strong></span> <span class='ocrx_word' id='word_1_902' title='bbox 2003 4609 2032 4646; x_wconf 89' lang='lat' dir='ltr'><strong>a</strong></span> <span class='ocrx_word' id='word_1_903' title='bbox 2076 4593 2218 4646; x_wconf 90' lang='lat' dir='ltr'><strong>nulla</strong></span> <span class='ocrx_word' id='word_1_904' title='bbox 2249 4593 2519 4646; x_wconf 82' lang='lat' dir='ltr'><strong>voluntate</strong></span> <span class='ocrx_word' id='word_1_905' title='bbox 2571 4591 2853 4644; x_wconf 87' lang='lat' dir='ltr'><strong>fecerunt?</strong></span> <span class='ocrx_word' id='word_1_906' title='bbox 2897 4591 2949 4644; x_wconf 92' lang='lat' dir='ltr'><strong>Si</strong></span> <span class='ocrx_word' id='word_1_907' title='bbox 3002 4592 3170 4658; x_wconf 85' lang='lat' dir='ltr'><strong>nulla,</strong></span> <span class='ocrx_word' id='word_1_908' title='bbox 3206 4593 3383 4654; x_wconf 79' lang='lat' dir='ltr'><strong>utique</strong></span> 
     </span>
    </p>
   </div>
   <div class='ocr_carea' id='block_1_107' title="bbox 1820 4682 3383 4759">
    <p class='ocr_par' dir='ltr' id='par_1_107' title="bbox 1820 4682 3383 4759">
     <span class='ocr_line' id='line_1_107' title="bbox 1820 4682 3383 4759; baseline -0.001 -21"><span class='ocrx_word' id='word_1_909' title='bbox 1820 4701 1916 4739; x_wconf 89' lang='lat' dir='ltr'><strong>nec</strong></span> <span class='ocrx_word' id='word_1_910' title='bbox 1952 4687 2227 4748; x_wconf 85' lang='lat' dir='ltr'><strong>fecerunt;</strong></span> <span class='ocrx_word' id='word_1_911' title='bbox 2279 4683 2322 4736; x_wconf 89' lang='lat' dir='ltr'><strong>si</strong></span> <span class='ocrx_word' id='word_1_912' title='bbox 2372 4683 2578 4759; x_wconf 87' lang='lat' dir='ltr'><strong>aliqua,</strong></span> <span class='ocrx_word' id='word_1_913' title='bbox 2613 4692 2786 4735; x_wconf 85' lang='lat' dir='ltr'><strong>utrum</strong></span> <span class='ocrx_word' id='word_1_914' title='bbox 2839 4682 2975 4733; x_wconf 87' lang='lat' dir='ltr'><strong>mala</strong></span> <span class='ocrx_word' id='word_1_915' title='bbox 3024 4698 3088 4734; x_wconf 88' lang='lat' dir='ltr'><strong>an</strong></span> <span class='ocrx_word' id='word_1_916' title='bbox 3126 4684 3302 4736; x_wconf 77' lang='lat' dir='ltr'><strong>bona?</strong></span> <span class='ocrx_word' id='word_1_917' title='bbox 3339 4684 3383 4737; x_wconf 91' lang='lat' dir='ltr'><strong>si</strong></span> 
     </span>
    </p>
   </div>
   <div class='ocr_carea' id='block_1_108' title="bbox 1819 4775 3383 4846">
    <p class='ocr_par' dir='ltr' id='par_1_108' title="bbox 1819 4775 3383 4846">
     <span class='ocr_line' id='line_1_108' title="bbox 1819 4775 3383 4846; baseline -0.001 -15"><span class='ocrx_word' id='word_1_918' title='bbox 1819 4778 1977 4841; x_wconf 89' lang='lat' dir='ltr'><strong>mala,</strong></span> <span class='ocrx_word' id='word_1_919' title='bbox 2011 4777 2275 4846; x_wconf 86' lang='lat' dir='ltr'><strong>quomodo</strong></span> <span class='ocrx_word' id='word_1_920' title='bbox 2306 4790 2422 4829; x_wconf 88' lang='lat' dir='ltr'><strong>esse</strong></span> <span class='ocrx_word' id='word_1_921' title='bbox 2452 4776 2616 4841; x_wconf 80' lang='lat' dir='ltr'><strong>patuit</strong></span> <span class='ocrx_word' id='word_1_922' title='bbox 2663 4776 2799 4827; x_wconf 88' lang='lat' dir='ltr'><strong>mala</strong></span> <span class='ocrx_word' id='word_1_923' title='bbox 2828 4775 3070 4828; x_wconf 86' lang='lat' dir='ltr'><strong>voluntas</strong></span> <span class='ocrx_word' id='word_1_924' title='bbox 3102 4775 3252 4829; x_wconf 71' lang='lat' dir='ltr'><strong>bona!</strong></span> <span class='ocrx_word' id='word_1_925' title='bbox 3287 4791 3383 4829; x_wconf 88' lang='lat' dir='ltr'><strong>vo-</strong></span> 
     </span>
    </p>
   </div>
   <div class='ocr_carea' id='block_1_109' title="bbox 1818 4865 3385 4933">
    <p class='ocr_par' dir='ltr' id='par_1_109' title="bbox 1818 4865 3385 4933">
     <span class='ocr_line' id='line_1_109' title="bbox 1818 4865 3385 4933; baseline 0.001 -14"><span class='ocrx_word' id='word_1_926' title='bbox 1818 4868 2034 4920; x_wconf 91' lang='lat' dir='ltr'><strong>luntatis</strong></span> <span class='ocrx_word' id='word_1_927' title='bbox 2059 4865 2338 4919; x_wconf 70' lang='lat' dir='ltr'><strong>effectrix?</strong></span> <span class='ocrx_word' id='word_1_928' title='bbox 2387 4865 2430 4918; x_wconf 85' lang='lat' dir='ltr'><strong>si</strong></span> <span class='ocrx_word' id='word_1_929' title='bbox 2479 4865 2612 4917; x_wconf 93' lang='lat' dir='ltr'><strong>bona</strong></span> <span class='ocrx_word' id='word_1_930' title='bbox 2640 4905 2656 4928; x_wconf 93' lang='lat'><strong>,</strong></span> <span class='ocrx_word' id='word_1_931' title='bbox 2699 4865 2808 4933; x_wconf 84' lang='lat' dir='ltr'><strong>jam</strong></span> <span class='ocrx_word' id='word_1_932' title='bbox 2841 4880 2965 4933; x_wconf 83' lang='lat' dir='ltr'><strong>ergo</strong></span> <span class='ocrx_word' id='word_1_933' title='bbox 3016 4865 3301 4931; x_wconf 77' lang='lat' dir='ltr'><strong>habebant,</strong></span> <span class='ocrx_word' id='word_1_934' title='bbox 3332 4877 3385 4920; x_wconf 88' lang='lat' dir='ltr'><strong>et</strong></span> 
     </span>
    </p>
   </div>
   <div class='ocr_carea' id='block_1_110' title="bbox 1817 4957 3381 5026">
    <p class='ocr_par' dir='ltr' id='par_1_110' title="bbox 1817 4957 3381 5026">
     <span class='ocr_line' id='line_1_110' title="bbox 1817 4957 3381 5026; baseline -0.003 -15"><span class='ocrx_word' id='word_1_935' title='bbox 1817 4959 1969 5011; x_wconf 89' lang='lat' dir='ltr'><strong>istam</strong></span> <span class='ocrx_word' id='word_1_936' title='bbox 1998 4959 2114 5026; x_wconf 85' lang='lat' dir='ltr'><strong>quis</strong></span> <span class='ocrx_word' id='word_1_937' title='bbox 2147 4958 2369 5022; x_wconf 86' lang='lat' dir='ltr'><strong>fecerat,</strong></span> <span class='ocrx_word' id='word_1_938' title='bbox 2405 4958 2504 5010; x_wconf 90' lang='lat' dir='ltr'><strong>nisi</strong></span> <span class='ocrx_word' id='word_1_939' title='bbox 2536 4957 2623 5009; x_wconf 85' lang='lat' dir='ltr'><strong>ille</strong></span> <span class='ocrx_word' id='word_1_940' title='bbox 2661 4960 2746 5025; x_wconf 87' lang='lat' dir='ltr'><strong>qui</strong></span> <span class='ocrx_word' id='word_1_941' title='bbox 2790 4970 2880 5008; x_wconf 87' lang='lat' dir='ltr'><strong>eos</strong></span> <span class='ocrx_word' id='word_1_942' title='bbox 2924 4973 3041 5008; x_wconf 89' lang='lat' dir='ltr'><strong>etnn</strong></span> <span class='ocrx_word' id='word_1_943' title='bbox 3096 4959 3234 5010; x_wconf 67' lang='lat' dir='ltr'><strong>bella</strong></span> <span class='ocrx_word' id='word_1_944' title='bbox 3289 4975 3381 5009; x_wconf 77' lang='lat' dir='ltr'><strong>vo.</strong></span> 
     </span>
    </p>
   </div>
   <div class='ocr_carea' id='block_1_111' title="bbox 1818 5049 3381 5117">
    <p class='ocr_par' dir='ltr' id='par_1_111' title="bbox 1818 5049 3381 5117">
     <span class='ocr_line' id='line_1_111' title="bbox 1818 5049 3381 5117; baseline 0.001 -13"><span class='ocrx_word' id='word_1_945' title='bbox 1818 5051 2051 5116; x_wconf 87' lang='lat' dir='ltr'><strong>luntate,</strong></span> <span class='ocrx_word' id='word_1_946' title='bbox 2086 5051 2133 5103; x_wconf 89' lang='lat' dir='ltr'><strong>id</strong></span> <span class='ocrx_word' id='word_1_947' title='bbox 2166 5060 2246 5103; x_wconf 88' lang='lat' dir='ltr'><strong>est</strong></span> <span class='ocrx_word' id='word_1_948' title='bbox 2275 5065 2393 5102; x_wconf 91' lang='lat' dir='ltr'><strong>cum</strong></span> <span class='ocrx_word' id='word_1_949' title='bbox 2427 5065 2609 5103; x_wconf 88' lang='lat' dir='ltr'><strong>amore</strong></span> <span class='ocrx_word' id='word_1_950' title='bbox 2638 5061 2782 5102; x_wconf 88' lang='lat' dir='ltr'><strong>casto</strong></span> <span class='ocrx_word' id='word_1_951' title='bbox 2810 5063 2914 5117; x_wconf 90' lang='lat' dir='ltr'><strong>quo</strong></span> <span class='ocrx_word' id='word_1_952' title='bbox 2945 5050 3014 5101; x_wconf 93' lang='lat' dir='ltr'><strong>illi</strong></span> <span class='ocrx_word' id='word_1_953' title='bbox 3046 5049 3381 5105; x_wconf 71' lang='lat' dir='ltr'><strong>adiuereicnt</strong></span> 
     </span>
    </p>
   </div>
   <div class='ocr_carea' id='block_1_112' title="bbox 1817 5140 3384 5211">
    <p class='ocr_par' dir='ltr' id='par_1_112' title="bbox 1817 5140 3384 5211">
     <span class='ocr_line' id='line_1_112' title="bbox 1817 5140 3384 5211; baseline 0 -16"><span class='ocrx_word' id='word_1_954' title='bbox 1817 5143 2032 5207; x_wconf 78' lang='lat' dir='ltr'><strong>cicavit,</strong></span> <span class='ocrx_word' id='word_1_955' title='bbox 2066 5141 2218 5195; x_wconf 91' lang='lat' dir='ltr'><strong>simul</strong></span> <span class='ocrx_word' id='word_1_956' title='bbox 2249 5140 2344 5211; x_wconf 82' lang='lat' dir='ltr'><strong>[in]</strong></span> <span class='ocrx_word' id='word_1_957' title='bbox 2370 5142 2448 5194; x_wconf 92' lang='lat' dir='ltr'><strong>eis</strong></span> <span class='ocrx_word' id='word_1_958' title='bbox 2472 5150 2524 5194; x_wconf 92' lang='lat' dir='ltr'><strong>et</strong></span> <span class='ocrx_word' id='word_1_959' title='bbox 2545 5140 2777 5193; x_wconf 83' lang='lat' dir='ltr'><strong>eundens</strong></span> <span class='ocrx_word' id='word_1_960' title='bbox 2802 5150 3040 5192; x_wconf 87' lang='lat' dir='ltr'><strong>naturam</strong></span> <span class='ocrx_word' id='word_1_961' title='bbox 3068 5150 3120 5193; x_wconf 90' lang='lat' dir='ltr'><strong>et</strong></span> <span class='ocrx_word' id='word_1_962' title='bbox 3151 5142 3384 5210; x_wconf 79' lang='lat' dir='ltr'><strong>largiens</strong></span> 
     </span>
    </p>
   </div>
   <div class='ocr_carea' id='block_1_113' title="bbox 1819 5231 3385 5303">
    <p class='ocr_par' dir='ltr' id='par_1_113' title="bbox 1819 5231 3385 5303">
     <span class='ocr_line' id='line_1_113' title="bbox 1819 5231 3385 5303; baseline -0.001 -18"><span class='ocrx_word' id='word_1_963' title='bbox 1819 5234 2073 5303; x_wconf 66' lang='lat' dir='ltr'><strong>gratizun?</strong></span> <span class='ocrx_word' id='word_1_964' title='bbox 2099 5233 2235 5287; x_wconf 73' lang='lat' dir='ltr'><strong>inde</strong></span> <span class='ocrx_word' id='word_1_965' title='bbox 2270 5235 2367 5285; x_wconf 86' lang='lat' dir='ltr'><strong>nisi</strong></span> <span class='ocrx_word' id='word_1_966' title='bbox 2399 5231 2552 5303; x_wconf 85' lang='lat' dir='ltr'><strong>[sine]</strong></span> <span class='ocrx_word' id='word_1_967' title='bbox 2579 5234 2711 5285; x_wconf 81' lang='lat' dir='ltr'><strong>bona</strong></span> <span class='ocrx_word' id='word_1_968' title='bbox 2743 5235 3029 5299; x_wconf 79' lang='lat' dir='ltr'><strong>Voluntate,</strong></span> <span class='ocrx_word' id='word_1_969' title='bbox 3062 5233 3157 5284; x_wconf 90' lang='lat' dir='ltr'><strong>hoc</strong></span> <span class='ocrx_word' id='word_1_970' title='bbox 3179 5241 3263 5285; x_wconf 69' lang='lat' dir='ltr'><strong>est</strong></span> <span class='ocrx_word' id='word_1_971' title='bbox 3294 5232 3385 5289; x_wconf 87' lang='lat' dir='ltr'><strong>Dei</strong></span> 
     </span>
    </p>
   </div>
   <div class='ocr_carea' id='block_1_114' title="bbox 1815 5324 3381 5394">
    <p class='ocr_par' dir='ltr' id='par_1_114' title="bbox 1815 5324 3381 5394">
     <span class='ocr_line' id='line_1_114' title="bbox 1815 5324 3381 5394; baseline 0 -18"><span class='ocrx_word' id='word_1_972' title='bbox 1815 5341 2018 5390; x_wconf 88' lang='lat' dir='ltr'><strong>amore,</strong></span> <span class='ocrx_word' id='word_1_973' title='bbox 2045 5341 2309 5394; x_wconf 84' lang='lat' dir='ltr'><strong>nunquam</strong></span> <span class='ocrx_word' id='word_1_974' title='bbox 2350 5333 2561 5377; x_wconf 86' lang='lat' dir='ltr'><strong>sanctos</strong></span> <span class='ocrx_word' id='word_1_975' title='bbox 2592 5325 2808 5393; x_wconf 78' lang='lat' dir='ltr'><strong>angelos</strong></span> <span class='ocrx_word' id='word_1_976' title='bbox 2855 5324 3016 5377; x_wconf 54' lang='lat' dir='ltr'><strong>fuisse</strong></span> <span class='ocrx_word' id='word_1_977' title='bbox 3058 5325 3381 5376; x_wconf 74' lang='lat' dir='ltr'><strong>eri-deudum</strong></span> 
     </span>
    </p>
   </div>
   <div class='ocr_carea' id='block_1_115' title="bbox 1813 5411 3383 5480">
    <p class='ocr_par' dir='ltr' id='par_1_115' title="bbox 1813 5411 3383 5480">
     <span class='ocr_line' id='line_1_115' title="bbox 1813 5411 3383 5480; baseline 0.001 -13"><span class='ocrx_word' id='word_1_978' title='bbox 1813 5428 1913 5468; x_wconf 74' lang='lat' dir='ltr'><strong>est.</strong></span> <span class='ocrx_word' id='word_1_979' title='bbox 1938 5416 2020 5466; x_wconf 75' lang='lat' dir='ltr'><strong>Isti</strong></span> <span class='ocrx_word' id='word_1_980' title='bbox 2045 5425 2217 5466; x_wconf 86' lang='lat' dir='ltr'><strong>autem</strong></span> <span class='ocrx_word' id='word_1_981' title='bbox 2244 5414 2328 5480; x_wconf 85' lang='lat' dir='ltr'><strong>qui</strong></span> <span class='ocrx_word' id='word_1_982' title='bbox 2355 5429 2472 5466; x_wconf 84' lang='lat' dir='ltr'><strong>Cum</strong></span> <span class='ocrx_word' id='word_1_983' title='bbox 2501 5415 2620 5466; x_wconf 87' lang='lat' dir='ltr'><strong>boni</strong></span> <span class='ocrx_word' id='word_1_984' title='bbox 2640 5411 2801 5466; x_wconf 89' lang='lat' dir='ltr'><strong>creati</strong></span> <span class='ocrx_word' id='word_1_985' title='bbox 2828 5423 3023 5476; x_wconf 83' lang='lat' dir='ltr'><strong>essent,</strong></span> <span class='ocrx_word' id='word_1_986' title='bbox 3053 5427 3224 5466; x_wconf 78' lang='lat' dir='ltr'><strong>tamen</strong></span> <span class='ocrx_word' id='word_1_987' title='bbox 3257 5413 3383 5469; x_wconf 75' lang='lat' dir='ltr'><strong>ntuli</strong></span> 
     </span>
    </p>
   </div>
   <div class='ocr_carea' id='block_1_116' title="bbox 1813 5503 3380 5570">
    <p class='ocr_par' dir='ltr' id='par_1_116' title="bbox 1813 5503 3380 5570">
     <span class='ocr_line' id='line_1_116' title="bbox 1813 5503 3380 5570; baseline 0.001 -14"><span class='ocrx_word' id='word_1_988' title='bbox 1813 5514 1954 5566; x_wconf 87' lang='lat' dir='ltr'><strong>Sttttl,</strong></span> <span class='ocrx_word' id='word_1_989' title='bbox 1984 5504 2118 5556; x_wconf 68' lang='lat' dir='ltr'><strong>mila</strong></span> <span class='ocrx_word' id='word_1_990' title='bbox 2152 5503 2360 5570; x_wconf 80' lang='lat' dir='ltr'><strong>propria</strong></span> <span class='ocrx_word' id='word_1_991' title='bbox 2388 5503 2678 5564; x_wconf 84' lang='lat' dir='ltr'><strong>voluntate,</strong></span> <span class='ocrx_word' id='word_1_992' title='bbox 2712 5518 2867 5568; x_wconf 79' lang='lat' dir='ltr'><strong>quam</strong></span> <span class='ocrx_word' id='word_1_993' title='bbox 2896 5503 3026 5555; x_wconf 77' lang='lat' dir='ltr'><strong>bona</strong></span> <span class='ocrx_word' id='word_1_994' title='bbox 3056 5515 3235 5555; x_wconf 84' lang='lat' dir='ltr'><strong>natura</strong></span> <span class='ocrx_word' id='word_1_995' title='bbox 3275 5521 3380 5556; x_wconf 82' lang='lat' dir='ltr'><strong>.‘mn</strong></span> 
     </span>
    </p>
   </div>
   <div class='ocr_carea' id='block_1_117' title="bbox 1813 5592 3378 5662">
    <p class='ocr_par' dir='ltr' id='par_1_117' title="bbox 1813 5592 3378 5662">
     <span class='ocr_line' id='line_1_117' title="bbox 1813 5592 3378 5662; baseline 0.003 -16"><span class='ocrx_word' id='word_1_996' title='bbox 1813 5593 1955 5661; x_wconf 61' lang='lat' dir='ltr'><strong>fi-cil,</strong></span> <span class='ocrx_word' id='word_1_997' title='bbox 1988 5596 2086 5648; x_wconf 59' lang='grc' dir='ltr'>..ιρι</span> <span class='ocrx_word' id='word_1_998' title='bbox 2119 5611 2234 5648; x_wconf 88' lang='lat' dir='ltr'><strong>cum</strong></span> <span class='ocrx_word' id='word_1_999' title='bbox 2269 5594 2464 5656; x_wconf 72' lang='lat' dir='ltr'><strong>a,botto</strong></span> <span class='ocrx_word' id='word_1_1000' title='bbox 2492 5603 2677 5662; x_wconf 64' lang='lat' dir='ltr'><strong>sponte</strong></span> <span class='ocrx_word' id='word_1_1001' title='bbox 2709 5593 2839 5648; x_wconf 85' lang='lat' dir='ltr'><strong>defc-</strong></span> <span class='ocrx_word' id='word_1_1002' title='bbox 2862 5592 2923 5660; x_wconf 86' lang='lat' dir='ltr'><strong>it,</strong></span> <span class='ocrx_word' id='word_1_1003' title='bbox 2955 5603 3011 5647; x_wconf 92' lang='lat' dir='ltr'><strong>ut</strong></span> <span class='ocrx_word' id='word_1_1004' title='bbox 3052 5593 3173 5648; x_wconf 87' lang='lat' dir='ltr'><strong>tnali</strong></span> <span class='ocrx_word' id='word_1_1005' title='bbox 3211 5608 3378 5650; x_wconf 69' lang='lat' dir='ltr'><strong>causa</strong></span> 
     </span>
    </p>
   </div>
  </div>
