3886 6224
495 288 598 342 535
1519 289 1577 340 Ι).
1624 286 1939 343 ΕυΟἷΡΙῚΙ
1986 289 2066 341 AB

2174 287 2268 358 ηε
2303 290 2618 345 ,ιιτιιιαΑκι
3675 290 3780 341 εδδ

493 417 600 454 non
632 403 699 454 sit
731 400 925 454 bonum
952 442 965 464 ,
1011 399 1101 453 scd
1135 399 1370 453 defectus
1410 416 1439 453 a
1485 401 1653 466 bono,
1689 411 1781 456 aut
1811 404 2071 456 minotcut
2105 409 2145 461 Α
2177 404 2370 456 avertit
2399 408 2647 474 Superbia
2682 405 2933 473 tumidus,
2965 413 3021 461 et
3061 405 3289 475 propria:
3304 411 3596 472 potestatis
3628 403 3778 458 deie-

496 501 820 560 acrepcrunt
849 491 1042 543 amoris
1083 489 1246 542 divini
1287 491 1512 560 gratiam
1538 533 1554 556 ,
1587 509 1743 560 quam
1777 494 1853 548 illi
1881 494 1971 558 qui
2013 493 2066 546 in
2170 495 2406 549 (talione
2435 503 2737 564 corruptus,
2787 495 2926 550 unde
2957 496 3126 551 beata:
3151 506 3310 566 atque
3339 495 3612 563 angelica:
3649 498 3776 548 vit:

495 583 682 637 eadem
723 582 1102 651 perstiterunt:
1146 591 1242 634 aut
1288 583 1334 636 si
1377 584 1585 652 utrique
1626 584 1747 638 boni
1795 585 2070 653 mqualiter
2170 586 2511 642 dulcedinem
2537 605 2642 643 non
2668 591 2918 659 gustavit,
2946 605 3102 658 quam
3135 605 3241 645 non
3268 591 3451 660 utique
3478 598 3773 658 acceptam

498 677 661 729 creati
691 685 833 738 sunt,
864 673 979 727 istis
1004 674 1141 726 mala
1175 676 1449 729 voluntate
1477 676 1812 742 cadentibus,
1839 677 1916 729 illi
1948 693 2067 729 ani-

499 769 636 834 plius
656 765 821 832 adjuti
845 765 909 818 ad
933 780 1051 819 eam
1078 766 1422 821 beatitudinis
1445 768 1821 837 plenitudinem
1846 770 1987 822 unde
2009 785 2068 825 se

495 871 763 924 nunquam
784 870 1004 911 casuros
1017 859 1304 914 certissimi
1330 859 1517 915 tierent
1541 872 1916 928 pervenerunt,
1931 863 2069 915 sicut

491 948 600 1015 jam
633 949 795 1002 etiam
830 950 880 1002 in
909 950 1046 1004 libro
1072 966 1230 1018 quem
1260 951 1496 1019 sequitur
1524 951 1662 1026 iste,
1696 953 2074 1005 tractavimus:

490 1040 862 1094 Conﬁtendum
896 1052 978 1096 est
1007 1042 1164 1112 igitur
1192 1059 1311 1097 cum
1359 1041 1537 1096 debita
1582 1042 1736 1096 laude
1765 1041 2065 1106 Creatoris,

493 1146 595 1184 non
618 1131 681 1183 ad
710 1132 857 1186 solos
885 1141 1098 1187 sanctos
1120 1133 1360 1186 homines
1391 1133 1685 1200 pertinere,
1719 1134 2065 1187 verutneti;.nt

489 1222 557 1273 de
577 1223 774 1275 sanctis
803 1223 1005 1292 angelis
1037 1237 1195 1291 posse
1221 1223 1322 1278 dici
1348 1265 1363 1288 ,
1396 1224 1540 1293 quod
1579 1225 1814 1279 cbaritas
1848 1225 1939 1279 Dei
1961 1224 2063 1278 dif-

491 1313 607 1366 fusa
640 1317 709 1367 sit
740 1314 790 1367 iu
828 1317 904 1368 eis
926 1354 941 1377 ,
975 1330 1069 1384 per
1097 1313 1355 1382 Spiritum
1387 1325 1628 1369 sanctum
1661 1317 1748 1383 qui
1792 1316 1946 1370 datus
1985 1325 2068 1371 est

490 1403 570 1456 eis
604 1420 617 1455 :
651 1419 749 1457 nec
776 1414 974 1457 tantum
1004 1405 1276 1458 hominum
1297 1447 1313 1471 ,
1362 1406 1458 1460 sed
1498 1406 1742 1476 primitus
1772 1407 2064 1476 praecipue-

493 1510 594 1560 quc
622 1494 926 1562 angelorum
960 1494 1150 1549 bonum
1179 1511 1299 1550 esse
1324 1499 1462 1566 quod
1495 1497 1747 1565 scriptum
1789 1507 1905 1550 est:
1937 1498 2064 1551 Mihi

493 1594 668 1636 autem
694 1584 975 1638 adharrere
1005 1585 1113 1639 Deo
1142 1586 1338 1640 bouum
1371 1597 1474 1641 est.
1509 1590 1617 1641 lloe
1648 1589 1845 1642 bouutn
1870 1589 2063 1657 quibus

492 1688 775 1727 commune
801 1685 884 1727 est
910 1716 925 1741 ,
957 1675 1154 1730 habent
1182 1686 1236 1732 et
1264 1693 1382 1732 cum
1414 1680 1505 1732 illo
1543 1679 1627 1734 cui
1657 1672 1935 1734 adhaerent
1961 1723 1974 1746 ,
2008 1689 2064 1734 et

2172 677 2454 746 fastidivit,
2503 680 2596 733 sed
2641 682 2871 735 nolendo
2917 681 3160 749 accipere
3201 681 3440 737 deseruit
3466 691 3520 736 et
3552 679 3768 735 amisit.

2173 768 2405 822 Proinde
2434 785 2532 824 nec
2559 772 2639 823 sui
2668 786 2825 825 casus
2854 773 3105 841 praescius
3133 788 3252 828 esse
3279 774 3470 842 potuit,
3495 775 3767 844 quoniam

2167 860 2428 927 sapientia
2473 861 2687 928 pietatis
2725 871 2808 916 est
2853 862 3076 918 fructus.
3127 864 3220 918 Ille
3269 876 3447 920 autem
3495 868 3769 920 covitinuu

2168 946 2385 1015 impius,
2405 960 2799 1019 consequenter
2815 961 2870 1005 et
2893 961 3070 1007 mente
3087 967 3280 1021 careas,
3307 969 3411 1009 non
3431 970 3492 1009 ex
3519 970 3597 1010 eo
3620 954 3762 1024 quod

2166 1048 2448 1105 acceperat
2474 1042 2670 1093 recidit
2689 1081 2706 1106 ,
2737 1042 2828 1095 sed
2859 1056 2925 1095 es
2955 1057 3020 1096 eo
3048 1043 3185 1112 quod
3217 1045 3483 1112 acciperet
3512 1044 3562 1096 si
3598 1042 3760 1096 sl-di

2167 1127 2420 1181 vnluisset
2469 1131 2579 1182 Dro
2614 1147 2627 1182 :
2659 1131 2801 1200 quod
2846 1131 3085 1199 profecto
3116 1133 3238 1202 quia
3271 1134 3465 1200 uoluit,
3505 1144 3565 1189 ct
3594 1137 3669 1189 ab
3695 1153 3759 1191 eo

2167 1217 2308 1285 quod
2355 1234 2672 1286 accepturus
2715 1231 2832 1276 erat
2879 1223 3094 1288 cecidit,
3141 1233 3194 1277 et
3243 1235 3559 1291 potestatem
3615 1228 3756 1279 illius

2166 1309 2264 1361 sub
2292 1325 2398 1378 quo
2423 1325 2545 1365 esse
2573 1313 2742 1365 noluit
2770 1329 2875 1366 nnu
2901 1314 3074 1368 evasit
3098 1332 3110 1365 :
3143 1313 3450 1383 factumque
3471 1319 3522 1368 iu
3554 1317 3656 1369 illo
3677 1330 3754 1370 cst

2174 1399 2409 1465 pondere
2432 1403 2768 1469 meritorum,
2796 1412 2854 1457 ut
2879 1417 2975 1458 nec
2999 1403 3218 1472 justitite
3242 1405 3409 1472 possit
3437 1405 3642 1459 lumine
3662 1406 3753 1459 de.

2167 1491 2377 1558 let-tari,
2405 1509 2504 1548 nec
2533 1495 2600 1548 ab
2623 1494 2742 1564 ejus
2774 1496 3042 1550 sententia
3062 1496 3297 1550 liberari.
3323 1496 3476 1561 Quod
3497 1513 3628 1566 ergo
3659 1514 3750 1564 per

2169 1585 2351 1639 l.~aiam
2386 1586 2697 1654 praphetam
2729 1589 2783 1642 in
2812 1605 2934 1644 eum
2978 1590 3201 1655 dicitur,
3228 1590 3512 1657 Quomodo
3556 1592 3750 1646 cecidit

2165 1673 2233 1728 de
2260 1676 2400 1728 cmlo
2426 1676 2638 1731 Lucifer
2656 1671 2824 1733 inane
2850 1679 3049 1744 oriens,
3073 1682 3332 1736 contritus
3359 1694 3444 1737 est
3475 1685 3526 1736 in
3553 1696 3746 1738 terram

492 1763 629 1816 inter
648 1778 707 1818 se
737 1777 974 1818 sanctam
1007 1768 1348 1838 societatem,
1377 1782 1429 1824 et
1453 1779 1579 1824 sunt
1601 1786 1705 1825 una
1733 1771 1918 1825 civitas
1940 1771 2065 1836 Dei,
2098 1772 2147 1831 Β
2173 1766 2261 1834 ιμιὶ
2309 1767 2554 1821 mittebat
2602 1768 2668 1821 ad
2707 1785 2895 1825 omnes
2938 1773 3167 1839 gentes?
3211 1773 3291 1826 Tu
3338 1783 3520 1827 autem
3565 1775 3746 1828 dixisti

491 1857 787 1926 eademque
816 1861 990 1914 vivum
1037 1862 1352 1916 sacriﬁcium
1397 1863 1545 1933 ejus,
1599 1864 1884 1933 vivumque
1931 1877 2068 1917 tem-

492 1951 636 2019 plum
658 1949 775 2020 ejus
798 1991 814 2017 ,
843 1952 995 2021 cujus
1040 1968 1161 2022 pars
1189 1970 1310 2024 qua:
1349 1957 1718 2027 coniungenda
1749 1957 2063 2011 immortali-

493 2043 594 2097 bus
617 2044 820 2110 angelis
849 2059 910 2098 ex
942 2046 1255 2100 mortalibus
1284 2047 1588 2102 hominibus
1614 2061 1989 2119 congregatur,
2012 2059 2067 2103 et

495 2149 640 2187 nunc
670 2135 993 2190 mutabiliter
1019 2134 1366 2210 [mortalitor]
1395 2142 1762 2209 peregrinatur
1788 2144 1841 2194 iu
1872 2144 2068 2208 terris,

494 2222 579 2274 vel
609 2222 659 2275 in
689 2224 767 2278 eis
791 2224 878 2293 qui
907 2234 1077 2280 morte
1100 2227 1282 2282 obiere
1303 2231 1526 2284 secretis
1550 2231 1848 2286 animarum
1878 2231 2066 2302 recc'p—

493 2314 680 2369 taculis
707 2314 1032 2386 sediburque
1065 2318 1374 2388 requiescit.

1008 2429 1236 2488 CAPUT
1275 2431 1540 2488 XXXVII.

489 2538 761 2595 Diabolum
801 2541 862 2592 ab
890 2542 1001 2610 ipso
1051 2543 1332 2608 primordio
1365 2554 1612 2598 creaturae
1656 2561 1688 2596 a
1722 2560 1814 2597 suo
1842 2553 2068 2598 creatore

666 2612 952 2680 superbiam
990 2623 1322 2681 apostatasse,
1356 2630 1419 2666 es
1449 2617 1577 2668 libro
1610 2629 1665 2667 st
1696 2615 1760 2667 de
1785 2613 1971 2669 Genesi
1997 2618 2065 2668 ad

582 2698 597 2733 t
646 2696 809 2735 erant.

559 2773 784 2839 Quando
813 2788 941 2844 ergo
967 2772 1223 2843 dejecerit
1253 2775 1502 2845 superbia
1540 2776 1838 2842 diabolum,
1874 2763 1932 2832 ut
1971 2792 2068 2832 na-

493 2874 664 2918 turam
716 2879 869 2918 suam
921 2866 1111 2920 bonam
1163 2881 1325 2935 prava
1377 2868 1655 2924 voluntate
1713 2878 2064 2937 perverteret,

493 2958 762 3024 Scriptura
788 2973 891 3012 non
923 2959 1090 3014 dicit:
1120 2970 1243 3014 ante
1272 2970 1448 3016 tamen
1477 2962 1674 3016 factum
1703 2963 1888 3027 fuisse,
1915 2971 1972 3017 et
1999 2978 2066 3018 ex

497 3051 596 3101 hac
623 3065 743 3102 eum
772 3049 969 3104 homini
1003 3051 1277 3119 invidisse,
1310 3054 1450 3107 ratio
1487 3053 1765 3108 manifesta
1807 3054 2065 3110 declarat.

2166 1872 2327 1912 s.-nsu
2366 1867 2493 1912 tuo:
2529 1859 2584 1913 In
2635 1861 2833 1915 cwlum
2864 1864 3185 1930 ascendam,
3215 1879 3379 1931 super
3406 1865 3581 1919 sidera
3621 1868 3744 1920 ereti

2167 1965 2359 2018 ponam
2395 1951 2643 2006 thronum
2685 1970 2884 2016 meum,
2911 1955 3110 2009 sedebo
3140 1957 3196 2008 in
3219 1965 3400 2010 monte
3426 1959 3758 2022 excelso,“-

2165 2057 2260 2110 per
2292 2053 2498 2097 montes
2525 2047 2766 2100 excelsos
2792 2047 2882 2115 qui
2905 2047 3118 2103 suntab
3143 2048 3428 2117 aquilone;
3459 2052 3746 2105 ast-endam

2165 2151 2330 2202 super
2359 2135 2550 2204 nubes,
2579 2152 2672 2192 ero
2700 2139 2894 2194 similis
2935 2140 3250 2204 Altissimo;
3284 2157 3425 2195 nunc
3462 2157 3638 2196 autem
3679 2146 3744 2194 ad

2167 2226 2369 2281 inferos
2419 2227 2750 2296 descendes,
2805 2239 2858 2284 et
2902 2239 3097 2285 cetera
3146 2247 3265 2300 qua:
3316 2233 3366 2286 in
3400 2234 3564 2301 ﬁgura
3607 2247 3747 2301 rcgs

2164 2320 2310 2372 velut
2365 2318 2650 2390 Babylonis
2724 2321 2776 2375 in
2835 2320 3106 2376 diabolum
3162 2323 3300 2376 dicta
3357 2324 3742 2392 intelliguntur.

2166 2409 2328 2464 Plura
2355 2411 2407 2464 in
2432 2412 2547 2478 ejus
2575 2425 2773 2480 corpus
2797 2413 3140 2478 conveniunt,
3171 2413 3313 2479 quod
3340 2415 3502 2468 etiam
3536 2415 3604 2468 de
3635 2416 3734 2467 bu-

2170 2515 2331 2554 mano
2351 2515 2547 2567 genere
2573 2513 2859 2571 congregat
2887 2500 3282 2572 [congruebat],
3304 2513 3359 2556 et
3381 2504 3431 2556 in
3461 2518 3555 2558 eos
3579 2505 3743 2557 maxi-

2168 2605 2256 2644 me
2287 2593 2374 2658 qui
2418 2590 2466 2644 ei
2515 2605 2610 2659 per
2657 2591 2963 2658 superbiam
3015 2593 3312 2658 cohaerent,
3338 2596 3683 2663 apostatando
3712 2612 3741 2648 a

2169 2682 2436 2735 mandatis
2462 2682 2577 2736 Dei.
2601 2682 2748 2738 Sicut
2775 2684 2916 2738 enim
2944 2684 3032 2752 qui
3063 2694 3180 2738 erat
3202 2687 3462 2748 diabolus,
3488 2686 3642 2740 homo
3667 2688 3744 2737 di-

2168 2785 2287 2829 ctus
2311 2783 2422 2840 est,
2457 2785 2511 2828 ut
2540 2775 2594 2828 in
2640 2775 2927 2844 Evangelio
2947 2821 2961 2844 ,
2995 2776 3242 2831 inimicus
3268 2778 3428 2833 homo
3457 2779 3556 2833 hoc
3583 2779 3742 2844 fecit;

2168 2868 2240 2921 ita
2273 2867 2363 2936 qui
2395 2867 2554 2921 homo
2578 2877 2737 2932 erat,
2765 2867 3006 2925 diabolus
3046 2868 3223 2923 dictus
3249 2880 3362 2936 est,
3395 2882 3452 2924 ut
3481 2887 3662 2926 rursus
3692 2872 3742 2924 in

2172 2960 2501 3030 Erangelio:
2527 2961 2712 3016 Nonne
2732 2976 2831 3031 ego
2857 2977 2950 3015 vos
2972 2961 3249 3017 duodecim
3275 2964 3430 3032 elegi,
3453 2974 3505 3018 et
3529 2977 3659 3017 unus
3680 2979 3743 3018 es

2169 3052 2322 3105 vobis
2348 3050 2594 3106 diabolus
2620 3053 2746 3106 est?
2774 3052 2841 3105 Et
2866 3052 3007 3106 sicut
3033 3066 3225 3122 corpus
3253 3051 3473 3119 Christi,
3501 3057 3637 3123 quod
3663 3062 3743 3108 est

498 3139 552 3192 In
581 3151 824 3208 promptu
849 3152 931 3196 est
952 3143 1096 3196 enim
1123 3144 1368 3198 omnibus
1399 3145 1511 3199 haec
1540 3145 1687 3217 [hoc]
1713 3146 2060 3212 intuentibus,
2091 3141 2137 3203 C
2170 3141 2433 3208 Ecclesia,
2455 3141 2654 3197 dicitur
2675 3141 2941 3209 Christus,
2971 3145 3108 3198 sicut
3130 3143 3254 3197 iltud
3283 3153 3369 3198 est
3398 3162 3412 3196 :
3451 3144 3554 3198 Vos
3575 3144 3736 3198 Abra-

493 3246 597 3285 nou
627 3247 691 3287 es
722 3232 1008 3287 invidentia
1035 3233 1342 3302 superbiam
1376 3235 1542 3300 nasci,
1571 3236 1664 3288 sed
1707 3252 1770 3289 ex
1814 3237 2065 3305 supeibia

497 3322 676 3391 potius
705 3322 1076 3377 invidentiam.
1105 3323 1220 3378 Non
1249 3334 1426 3378 autem
1461 3325 1653 3379 fruStra
1689 3328 1860 3394 putari
1893 3334 2070 3395 potest

494 3415 562 3467 ab
591 3414 742 3468 initio
769 3416 1025 3483 temporis
1065 3416 1336 3471 diabolum
1365 3418 1615 3487 superbia
1655 3419 1936 3483 cecidisse,
1971 3433 2072 3473 nec

495 3500 666 3558 fuisse
705 3505 868 3558 ullum
906 3514 1061 3559 antea
1107 3515 1314 3576 tempus
1345 3524 1448 3576 quo
1474 3523 1597 3562 cum
1634 3508 1838 3578 angelis
1874 3509 2072 3561 sanctis

495 3604 714 3663 pacatus
763 3598 954 3653 vixerit
999 3608 1051 3653 et
1097 3599 1451 3655 heatus:sed
1499 3600 1568 3653 ab
1616 3601 1732 3668 ipso
1778 3599 2073 3669 primordio

496 3702 758 3746 creaturas
797 3706 828 3746 a
860 3707 959 3746 suo
986 3692 1240 3748 Creatore
1286 3702 1639 3762 apostatasse,
1664 3703 1722 3748 ut
1762 3693 1891 3748 illud
1929 3692 2071 3763 quod

502 3783 759 3838 Dominus
779 3783 854 3836 ait
873 3822 888 3848 ,
927 3783 1020 3838 Ille
1048 3785 1308 3839 homicida
1335 3793 1451 3840 erat
1477 3785 1545 3838 ab
1572 3785 1744 3848 initio,
1771 3794 1826 3839 et
1855 3785 1904 3838 in
1937 3785 2076 3838 veri.

497 3885 606 3930 tate
634 3890 738 3930 non
763 3877 930 3940 stetit,
955 3886 1238 3947 utrumque
1269 3877 1337 3932 ab
1379 3877 1530 3932 initio
1552 3878 1930 3946 intelligamus,
1966 3893 2073 3933 non

498 3969 672 4024 solum
706 3971 846 4040 quod
891 3969 1157 4025 homicida
1190 3969 1309 4036 fuit,
1356 3971 1449 4024 sed
1478 3971 1638 4048 etiam
1672 3971 1811 4040 quod
1854 3971 1907 4023 in
1938 3971 2075 4024 veri-

499 4071 609 4116 tate
637 4078 740 4116 non
764 4062 930 4117 stetit.
965 4063 1030 4117 Et
1061 4064 1325 4119 homicida
1354 4063 1590 4135 quidem,
1617 4065 1684 4119 ab
1713 4065 1802 4117 illo
1828 4064 1980 4117 initio
2009 4079 2076 4118 ex

501 4167 609 4220 quo
636 4152 795 4207 homo
823 4142 994 4222 potuit
1013 4157 1204 4220 occidi,
1235 4172 1340 4210 non
1368 4164 1544 4210 autem
1577 4155 1744 4224 potuit
1780 4155 1952 4209 occidi
1977 4170 2077 4209 an-

501 4253 714 4313 tequam
759 4255 900 4299 esset
935 4247 1022 4312 qui
1053 4247 1431 4313 occideretur;
1461 4248 1529 4301 ab
1557 4247 1706 4302 initio
1751 4261 1879 4315 ergo
1906 4245 2080 4300 homi-

503 4337 620 4389 cida
666 4335 934 4402 diabolus,
979 4338 1100 4406 quia
1132 4341 1242 4406 ipse
1291 4338 1488 4393 occidit
1518 4340 1790 4392 hominem
1826 4339 2074 4406 primum,

506 4439 632 4485 ante
656 4446 814 4500 quem
847 4431 1024 4485 nullus
1070 4431 1340 4486 hominum
1372 4433 1488 4487 fuit.
1543 4433 1598 4486 lu
1629 4433 1854 4486 veritate
1899 4440 2076 4485 autem

2170 3234 2256 3289 hic
2275 3249 2457 3289 semen
2486 3235 2640 3302 estis,
2666 3250 2789 3291 cum
2831 3236 2989 3304 paulo
3015 3236 3260 3306 superius
3288 3236 3513 3292 dixisset
3539 3255 3552 3291 :
3576 3238 3740 3292 Attra-

2171 3323 2255 3378 ha:
2283 3325 2439 3380 dicta:
2461 3335 2584 3379 sunt
2612 3325 2996 3394 promissiones
3025 3335 3080 3382 et
3107 3327 3298 3381 semini
3326 3326 3470 3397 ejus;
3494 3344 3597 3381 non
3619 3328 3741 3382 dicit

2170 3431 2235 3471 ex
2268 3413 2369 3488 [in]
2398 3415 2692 3470 seminibus
2733 3425 2981 3484 tanquam
3014 3415 3068 3470 in
3110 3415 3311 3478 multis,
3356 3416 3451 3472 sed
3498 3425 3741 3484 tanquam

2173 3508 2225 3562 in
2258 3509 2468 3572 uno,‘et
2494 3508 2689 3562 semini
2716 3515 2828 3572 tuo,
2859 3507 3002 3577 quod
3032 3518 3114 3562 est
3138 3507 3416 3576 Christus;
3443 3517 3496 3563 et
3517 3507 3698 3561 iterum
3725 3523 3741 3556 :

2171 3598 2322 3654 Sicut
2348 3601 2490 3654 enim
2512 3613 2708 3668 corpus
2725 3613 2891 3653 unum
2922 3606 3024 3666 est,
3049 3609 3100 3653 et
3125 3599 3366 3653 membra
3387 3589 3544 3654 habet
3563 3599 3740 3659 multa,

2174 3690 2354 3743 omnia
2375 3700 2552 3744 autem
2577 3689 2817 3745 membra
2835 3688 3234 3758 corporis,cum
3260 3688 3366 3744 sint
3385 3689 3576 3751 multa,
3591 3702 3736 3741 unum

2173 3792 2257 3836 est
2283 3797 2499 3852 corpus,
2532 3783 2603 3837 ita
2644 3791 2697 3838 et
2725 3782 3007 3848 Christus;
3030 3781 3220 3836 eodem
3253 3781 3412 3835 modo
3455 3781 3606 3836 etiam
3633 3791 3738 3833 cor»

2179 3890 2278 3943 pus
2301 3874 2522 3941 diaboli,
2546 3879 2632 3929 cul
2655 3882 2814 3943 caput
2836 3883 2919 3929 est
2947 3873 3216 3938 diabolus,
3248 3871 3300 3927 id
3325 3880 3408 3928 est
3434 3872 3543 3941 ipsa
3566 3869 3735 3937 impio.

2177 3982 2294 4022 rum
2327 3968 2631 4035 multitudo,
2664 3968 3004 4037 maximeque
3031 3981 3217 4021 eorum
3245 3967 3387 4035 quia
3413 3963 3623 4018 Christo
3663 3961 3735 4014 vel

2177 4060 2245 4113 de
2267 4060 2501 4122 Ecclesia
2531 4061 2674 4114 sicut
2700 4059 2769 4112 de
2796 4058 2936 4113 caelo
2963 4057 3238 4124 decidunt,
3282 4055 3473 4111 dicitur
3491 4053 3732 4110 diabolus

2178 4160 2232 4204 ct
2252 4152 2303 4203 in
2333 4153 2507 4216 ipsum
2537 4164 2734 4220 corpus
2764 4149 2988 4219 ﬁgurate
3009 4149 3173 4202 multa
3200 4147 3476 4210 dicuntur,
3504 4160 3614 4212 qua:
3640 4159 3731 4195 nos

2177 4254 2287 4301 tam
2337 4246 2496 4313 capiti
2543 4260 2702 4314 quam
2750 4242 2966 4312 corpori
3010 4240 3374 4309 membrisque
3413 4236 3728 4292 conveniunt.

2180 4337 2361 4405 Itaque
2393 4337 2622 4399 Luci'er,
2652 4335 2739 4404 qui
2771 4349 2927 4388 mane
2947 4331 3221 4387 orirbatur
3249 4342 3303 4385 et
3345 4330 3555 4390 cecidit,
3579 4333 3729 4395 potas!

2184 4430 2405 4498 in'elligi
2439 4435 2802 4496 apostatarum
2824 4439 2993 4496 genus
3022 4424 3101 4477 vel
3130 4439 3158 4476 a
3188 4424 3424 4488 Christo,
3460 4423 3538 4476 vel
3564 4421 3624 4473 ab
3649 4418 3730 4470 Er-

500 4536 606 4574 non
635 4521 804 4588 stetit,
833 4529 885 4575 et
915 4520 1018 4578 hoc
1041 4522 1109 4575 ab
1139 4521 1312 4586 initio,
1340 4535 1403 4575 ex
1435 4537 1541 4591 quo
1569 4521 1686 4593 ipse
1711 4532 1925 4576 creatus
1953 4527 2035 4575 est
2059 4562 2077 4590 ,
2109 4503 2156 4563 ί)
2182 4521 2368 4582 clesia,
2397 4519 2536 4589 quod
2568 4520 2638 4571 ita
2668 4517 2996 4572 canvertitur
3024 4514 3090 4568 ad
3121 4515 3397 4576 tenebras,
3421 4513 3610 4566 amissa
3633 4509 3730 4560 luce

502 4612 596 4681 qui
623 4619 787 4666 staret
811 4653 829 4679 ,
852 4613 900 4667 si
926 4621 1071 4668 stare
1097 4611 1375 4666 voluisset.

1014 4746 1242 4804 CAPUT
1283 4746 1570 4801 XXXVIII.

505 4835 741 4902 Qualiter
755 4838 1142 4908 intelligendum
1161 4841 1225 4893 sit
1248 4840 1380 4893 illud
1400 4839 1584 4893 Isaia:
1611 4838 1876 4904 Quomodo
1897 4838 2082 4908 cecidit

576 4909 639 4961 de
668 4907 795 4975 emta
827 4907 1056 4977 Lucifer,
1082 4921 1188 4966 etc.
1213 4908 1345 4964 Item
1371 4926 1435 4964 ea:
1453 4911 1631 4965 eodem
1657 4909 1786 4962 libro
1808 4925 1859 4963 st
1883 4911 1946 4964 de
1983 4907 2083 4963 Ce-

578 4978 690 5030 nesi
717 4977 786 5029 ad
818 4979 1057 5032 litteram.

578 5071 729 5137 Quod
762 5070 1075 5144 [quomodo]
1113 5088 1238 5144 ergo
1265 5083 1477 5143 putatur
1522 5089 1793 5144 nunquam
1839 5059 2084 5129 diabolus

507 5168 562 5220 in
596 5151 825 5219 veritate
867 5164 1112 5231 stetisse,
1155 5182 1419 5235 nunquam
1454 5180 1574 5220 cum
1624 5166 1829 5234 angelis
1876 5166 2082 5220 beatam

507 5255 726 5309 duxisse
758 5255 942 5318 vitam,
971 5257 1066 5308 sed
1097 5255 1163 5308 ab
1193 5255 1307 5323 ipso
1335 5271 1445 5323 sua:
1474 5257 1796 5310 conditionis
1826 5257 1977 5310 initio
1998 5270 2087 5311 ce-

507 5349 724 5415 cidisse,
750 5366 856 5402 non
888 5350 966 5404 sic
996 5350 1362 5418 accipiendum
1393 5362 1497 5417 est,
1531 5361 1587 5404 ut
1615 5365 1718 5404 non
1749 5353 1961 5419 propria
1987 5365 2083 5404 vo-

511 5437 712 5493 luntate
740 5440 1087 5509 depravatus,
1134 5441 1226 5495 sed
1275 5440 1445 5495 malus
1474 5456 1502 5493 a
1533 5443 1673 5496 bono
1722 5441 1831 5496 Deo
1877 5453 2088 5496 creatus

511 5541 723 5602 putetur
747 5551 760 5585 :
788 5534 1020 5602 alioquin
1067 5550 1171 5588 non
1201 5533 1267 5587 ab
1295 5533 1446 5587 initio
1489 5535 1746 5589 cecidisse
1775 5535 2085 5588 diceretur:

516 5638 689 5690 neque
716 5625 857 5677 enim
897 5625 1092 5679 cecidit
1137 5625 1181 5678 si
1228 5625 1349 5678 talis
1393 5635 1474 5677 est
1521 5623 1712 5678 factus.
1754 5623 1863 5679 Sed
1910 5623 2079 5677 factus

516 5716 768 5771 continuo
815 5715 1093 5788 [continuo
1139 5734 1233 5787 pro
1275 5714 1478 5788 statim]
1522 5731 1581 5772 se
1622 5730 1655 5770 a
1681 5716 1800 5771 luce
1850 5714 2090 5771 veritatis

2187 4629 2345 4682 quam
2402 4611 2695 4681 portabat:
2737 4607 3180 4678 quemadmodum
3242 4607 3332 4674 qui
3382 4609 3729 4659 convertuntur

2187 4705 2251 4758 ad
2286 4705 2449 4756 Deum
2483 4703 2549 4756 de
2576 4700 2811 4755 tenebris
2839 4699 2905 4752 ad
2937 4700 3108 4752 lucem
3140 4706 3451 4762 transeunt,
3482 4696 3529 4749 id
3553 4689 3727 4759 estqui

2187 4797 2404 4850 fuerunt
2433 4793 2673 4848 tenebrae
2703 4793 2789 4845 lux
2821 4790 2970 4843 ﬁunt.
3019 4789 3148 4844 lem
3202 4788 3253 4842 in
3303 4787 3468 4856 ﬁgura
3502 4781 3728 4854 principis

2185 4889 2309 4959 Tyri
2361 4901 2454 4956 per
2505 4883 2757 4940 Ezechiel
2805 4881 3152 4952 prophetam,
3201 4883 3254 4934 in
3303 4879 3570 4933 diabolum
3611 4877 3727 4929 dicta

2186 4981 2596 5047 intelliguntur:
2651 4975 2729 5029 Tu
2779 4989 2839 5028 es
2891 4972 3218 5043 signaculum
3267 4970 3644 5031 similitudinis,
3683 4975 3728 5018 et

2186 5085 2385 5125 cnmna
2416 5068 2657 5133 decoris;
2692 5067 2742 5120 in
2773 5061 2980 5119 deliciis
3027 5063 3256 5132 paradisi
3287 5061 3383 5117 Dei
3416 5061 3581 5120 fuisti,
3610 5057 3726 5111 omni

2184 5163 2360 5232 lapide
2409 5162 2641 5230 pretioso
2688 5165 2904 5212 ornatus
2943 5170 3035 5217 es,
3081 5165 3192 5209 etc.
3233 5154 3366 5220 Qua:
3405 5168 3509 5206 non
3550 5161 3642 5204 tam
3683 5147 3725 5198 in

2189 5257 2360 5323 ipsum
2386 5251 2678 5321 principem
2722 5248 2964 5316 spiritum
3015 5247 3266 5313 nequitiae
3294 5260 3448 5312 quam
3488 5245 3537 5296 in
3565 5253 3724 5305 emptis

2186 5347 2304 5417 «jus
2331 5347 2470 5399 diota
2503 5341 2850 5396 conveniunt.
2897 5337 3180 5392 Paradisus
3211 5337 3355 5390 enim
3385 5335 3520 5390 dicta
3548 5344 3620 5388 est
3646 5331 3724 5385 Ec-

2190 5439 2347 5494 clesia
2371 5480 2386 5505 ,
2427 5438 2566 5491 sicut
2604 5434 2799 5504 legitur
2842 5432 2893 5484 in
2936 5428 3157 5484 Cantico
3179 5428 3536 5481 canticorum:
3563 5425 3722 5479 llortus

2191 5531 2496 5593 conclusus,
2523 5526 2642 5581 I'ons
2668 5536 2928 5595 Signams,
2963 5533 3153 5591 puteus
3181 5536 3331 5588 aqu.c
3361 5520 3510 5584 vivae,
3543 5513 3720 5583 inradi-

2191 5641 2282 5680 sus
2306 5639 2423 5678 cum
2457 5622 2628 5676 fructu
2661 5633 2959 5687 pomorum.
2989 5615 3117 5670 Inde
3159 5615 3423 5677 cecidere,
3457 5615 3533 5667 vel
3571 5617 3720 5678 aperta

2193 5729 2245 5774 et
2274 5714 2534 5786 corporali
2564 5713 2905 5784 separatione
2935 5723 3119 5765 omnes
3159 5709 3414 5776 liacretici,
3446 5707 3522 5760 vel
3547 5701 3723 5759 occulte
