3886 6224
155 294 253 351 ὕζνῖ
812 335 815 337 .
1297 284 1727 342 TIIESAURUS.

1829 283 1913 336 iP.
1946 281 2166 337 XXXIX
3271 284 3375 341 δῖε

152 415 206 466 et
223 407 467 478 spiritali,
499 407 744 478 quamvis
773 407 825 459 in
867 418 931 485 ea
978 392 1327 469 corporaliter
1352 412 1474 455 esse
1502 395 1714 450 vidcan-
1742 400 1791 460 Α
1816 393 2092 448 extollenti
2121 408 2182 449 se
2208 402 2384 448 tamen
2424 392 2637 460 animae,
2667 400 2720 448 et
2766 392 2985 446 nimium
3017 401 3265 461 tanquam
3305 397 3375 450 de

155 508 258 567 tur,
303 515 489 556 omnes
535 496 779 554 conversi
825 494 892 550 ad
919 491 1173 546 vomitum
1221 505 1403 555 suum,
1434 503 1555 542 cum
1597 497 1716 556 post
1817 485 2029 553 propria
2054 485 2249 539 virtute
2275 484 2589 554 pra-fidenti,
2619 485 2779 541 etiam
2806 485 3168 552 experimento
3207 501 3378 554 pinnat

154 589 523 644 remissionem
574 595 910 656 peccatorum
957 582 1224 652 paululum
1261 581 1624 635 ambulassem
1662 577 1714 631 in

153 680 232 735 via
254 681 496 749 justitize,
520 679 573 732 in
602 678 795 749 quibus
818 676 956 732 facta
985 686 1105 730 sunt
1131 673 1420 744 posteriora
1448 670 1725 726 deteriora.

150 772 255 843 33
281 770 576 840 prioribus,
605 778 659 824 et
694 768 884 839 quibus
912 765 1227 836 expediebat
1251 780 1358 818 non
1386 776 1712 834 cognoscere

150 863 288 916 viam
314 860 562 930 justitiar,
588 874 744 929 quam
788 864 1170 928 cognoscentes
1197 865 1486 909 retrorsum
1515 851 1714 906 rrllccti

149 969 177 1005 a
202 951 402 1006 tradito
422 951 522 1005 sibi
549 957 737 1006 sancto
763 951 1032 1016 mandato.
1065 949 1212 1004 Hanc
1248 945 1529 1016 pessimam
1556 959 1715 1013 gene-

151 1041 416 1096 rationem
449 1039 703 1095 Dominus
731 1039 984 1096 describit
1010 1053 1131 1095 cum
1159 1037 1289 1092 dicit
1322 1035 1567 1105 spiritum
1617 1049 1713 1087 nc-

150 1148 308 1199 quam
334 1131 484 1186 exire
504 1130 572 1185 ab
592 1129 822 1195 homine,
843 1137 1040 1185 etcum
1059 1126 1178 1181 aliis
1207 1136 1410 1194 septem
1438 1124 1633 1188 redire,
1662 1130 1716 1175 et

152 1223 204 1277 in
229 1222 450 1278 domum
480 1239 638 1292 quam
661 1219 962 1290 mandatam
979 1217 1089 1288 jam
1112 1216 1387 1270 invenerat
1411 1213 1632 1278 intrare,
1663 1223 1720 1269 ut

152 1312 260 1368 sint
306 1314 598 1369 novissima
625 1310 856 1367 hominis
891 1307 1034 1363 illius
1079 1306 1257 1376 pejora
1290 1305 1575 1374 prioribus.
1605 1303 1718 1358 Tali

151 1403 293 1458 enim
333 1405 519 1475 generi
550 1402 818 1458 hominum
843 1441 861 1470 ,
886 1398 1026 1470 quod
1049 1398 1158 1469 jam
1187 1398 1382 1452 factum
1412 1406 1498 1452 est
1525 1412 1722 1463 corpus

151 1496 389 1563 diaboli,
418 1505 635 1568 possent
674 1496 788 1550 haec
831 1494 990 1550 verba
1036 1506 1367 1568 congruere:
1410 1497 1449 1546 Α
1489 1492 1575 1546 die
1618 1506 1722 1561 qua

151 1594 366 1640 creatus
395 1566 476 1641 est
501 1583 580 1657 [es
603 1582 677 1656 tu]
699 1599 821 1639 cum
847 1582 1083 1650 Cherub,
1111 1566 1163 1637 id
1188 1589 1272 1638 est
1298 1595 1418 1635 cum
1445 1580 1574 1636 sede
1606 1579 1720 1646 Dei,

152 1690 272 1743 quae
301 1676 688 1746 interpretatur
729 1673 1075 1742 multiplicata
1114 1671 1334 1726 scicntia
1357 1710 1376 1737 ,
1407 1678 1461 1726 et
1491 1671 1640 1738 posui
1671 1679 1723 1725 te

1816 575 1983 631 fuerat
2025 575 2498 633 demonstrandum
2540 591 2699 646 quam
2749 592 2854 632 non
2900 576 3039 631 bene
3081 591 3141 631 se
3186 575 3379 631 habeat

1815 672 1949 728 facta
1981 681 2190 738 natura,
2223 672 2270 727 si
2308 671 2610 726 aflicieutur
2631 672 2923 743 cesserit[a
2951 671 3176 726 faciente
3205 687 3379 727 reces.

1814 762 1990 834 serit].
2024 764 2158 818 llinc
2179 763 2323 818 enim
2351 763 2513 818 etiam
2542 762 2771 816 maxime
2797 763 3200 817 commendatur
3225 763 3381 832 quale

1815 854 2012 908 bonum
2051 853 2125 907 sit
2153 853 2314 918 Dens,
2343 851 2555 922 quando
2582 851 2711 906 nulli
2741 851 2808 906 ab
2833 865 2900 906 eo
2930 851 3199 907 recedeuti
3243 853 3381 907 bene

1815 953 1922 1013 est,
1953 946 2079 1014 quia
2102 953 2157 1002 et
2181 944 2272 1016 qui
2313 923 2546 1014 gaudent
2577 943 2630 998 in
2659 941 2948 998 mortiferis
2983 941 3337 1012 voluptatibus
3363 981 3378 1005 ,

1815 1053 1937 1094 esse
1964 1039 2081 1093 sine
2107 1036 2352 1091 dolorum
2392 1032 2586 1091 timore
2621 1049 2727 1088 non
2769 1040 3006 1101 possunt.
3058 1032 3123 1085 Et
3148 1033 3238 1101 qui
3266 1047 3381 1086 om-

1818 1131 1944 1184 nino
1965 1129 2164 1183 malum
2197 1121 2516 1182 dcsertibnis
2554 1140 2687 1189 suae,
2719 1123 2919 1192 maiore
2959 1123 3222 1191 superbiae
3267 1132 3379 1176 stu-

1819 1236 1952 1289 pore
1980 1235 2084 1274 non
2109 1220 2372 1284 sentiunt,
2387 1217 2693 1272 miseriores
2718 1207 2933 1285 prorsus
2961 1221 3221 1284 apparent
3240 1214 3384 1286 [aliis

1817 1313 1906 1382 qui
1952 1312 2067 1366 haec
2095 1309 2404 1365 discernere
2440 1304 2746 1376 noverunt].
2774 1312 2832 1358 ut
2860 1305 2902 1359 si
2931 1304 3116 1358 nolunt
3145 1303 3385 1372 recipere

1820 1402 2138 1458 medicinam
2163 1400 2286 1454 talia
2311 1397 2607 1459 devitandi,
2633 1396 2840 1451 valeant
2860 1394 2926 1449 ad
2952 1393 3253 1463 exentplum
3281 1409 3386 1459 quo

1819 1495 2029 1564 possint
2057 1492 2182 1546 talia
2211 1490 2459 1545 devitari.
2497 1487 2816 1564 Sicut-enim
2843 1484 3116 1553 apostolus
3158 1483 3387 1538 Jac-obus

1820 1562 1993 1642 dicit:
2035 1582 2405 1651 Unusquisque
2455 1562 2689 1632 tentatur
2733 1573 3238 1642 a‘concupiscentia
3292 1587 3388 1627 sua

1823 1676 2121 1730 abstractus
2162 1680 2215 1725 et
2267 1672 2509 1732 illectus;
2563 1666 2757 1722 deinde
2794 1663 3222 1734 concupiscentia
3263 1677 3388 1715 cum

154 1770 206 1822 lu
229 1778 414 1823 monte
432 1776 615 1822 sancto
638 1766 752 1833 Βιιί,
772 1766 871 1821 hoc
887 1773 969 1820 est
990 1765 1040 1819 in
1057 1763 1327 1825 Ecclesia;
1358 1762 1496 1816 unde
1517 1770 1627 1815 est:
1656 1762 1718 1816 Et
1749 1755 1796 1814 B
1819 1767 2150 1836 conceperit,
2183 1764 2322 1832 parit
2367 1769 2665 1829 peccatum,
2710 1767 2986 1826 peccatum
3033 1765 3210 1810 autem
3261 1768 3385 1809 cum

153 1856 434 1911 exaudivit
460 1871 546 1911 me
575 1856 641 1909 de
669 1866 846 1910 monte
891 1862 1077 1910 sancto
1123 1851 1429 1919 suo;_fuisti
1462 1853 1512 1904 in
1545 1850 1720 1904 medio

162 1945 398 2014 lapidum
432 1945 799 2000 ﬂarrrmeorum
822 1986 838 2012 ,
884 1944 938 1998 id
982 1951 1065 1998 est
1099 1952 1402 1998 sanetorum
1441 1945 1719 2006 spritmnu

157 2036 500 2095 ferventium.
527 2036 1047 2106 lapidumvivorum;
1069 2034 1349 2089 ambulasti
1372 2034 1487 2086 sine
1513 2032 1642 2086 vitio
1665 2038 1721 2084 tu

157 2127 212 2183 in
240 2128 430 2184 diebus
459 2131 566 2184 tuis
586 2143 653 2184 ex
693 2142 798 2198 quo
825 2126 911 2184 die
938 2133 1150 2182 creatus
1193 2133 1275 2181 est
1302 2123 1383 2195 [es
1412 2123 1488 2194 tu]
1505 2165 1522 2189 ,
1550 2123 1722 2178 donec

157 2219 373 2275 inventa
403 2231 525 2276 sunt
549 2219 744 2275 delicta
774 2227 861 2274 tua
886 2217 940 2274 in
973 2207 1053 2273 te.

685 2349 909 2407 CAPUT
947 2349 1190 2404 XXXIX.

161 2442 348 2497 Wa
383 2457 470 2496 eos
511 2441 600 2511 qui
644 2440 852 2494 dicunt:
878 2438 984 2493 Car
1007 2439 1245 2511 creaverit
1293 2439 1425 2511 Deus
1470 2439 1724 2494 hominem

225 2528 377 2582 quem
398 2508 720 2579 peccaturum
740 2515 856 2565 "esse
883 2508 1212 2582 praescierint!
1239 2524 1302 2563 ea:
1325 2509 1496 2563 eodem
1517 2513 1649 2564 libro
1675 2527 1728 2564 xt

225 2581 291 2636 de
325 2581 514 2654 Genesi
540 2582 610 2634 ad
638 2582 876 2635 litteram.
1374 2609 1379 2614 -

227 2682 284 2739 Si
310 2696 443 2752 ergo
482 2681 737 2751 quaeritur
759 2695 854 2735 cur
885 2679 1024 2735 Deus
1048 2680 1242 2734 tentari
1281 2681 1581 2748 permiserit
1627 2679 1724 2734 ho-

165 2771 390 2836 minem,
416 2785 575 2841 quem
610 2770 860 2824 tentatori
906 2783 1289 2824 consensurum
1319 2784 1441 2823 esse
1479 2769 1728 2838 praescie-

167 2862 256 2915 bat
276 2903 294 2928 ,
324 2859 660 2916 altitudinem
686 2859 899 2930 quidem
928 2859 1138 2916 consilii
1167 2859 1283 2929 ejus
1309 2872 1590 2929 penetrare
1620 2874 1727 2914 non

167 2966 408 3021 possum,
433 2963 489 3005 et
512 2951 670 3021 longe
717 2965 876 3020 supra
914 2953 1056 3005 vires
1104 2965 1253 3018 nicas
1277 2951 1383 3005 hoc
1409 2966 1528 3006 esse
1562 2940 1730 3005 confl-

169 3050 303 3097 teor.
349 3041 446 3095 Est
470 3054 598 3111 ergo
626 3041 800 3109 aliqua
841 3054 999 3095 causa
1019 3039 1261 3094 fortassis
1290 3031 1569 3106 occulti‘or,
1608 3057 1728 3111 qute
1765 3100 1774 3111 λ

1820 1866 2244 1916 consummatum
2274 1855 2471 1918 fuerit,
2501 1860 2717 1920 generat
2747 1857 2995 1905 mortem.
3028 1846 3176 1901 Unde
3203 1853 3389 1898 sanato

1819 1950 2081 2021 superbia:
2127 1956 2336 2001 tumore
2380 1942 2692 2012 resurgitur,
2739 1941 2785 1994 si
2827 1940 3071 1995 voluntas
3101 1953 3220 2008 qua:
3265 1944 3389 1990 ante

1821 2041 2248 2110 experimentum
2277 2035 2446 2091 defuit
2473 2044 2525 2088 ut
2557 2044 2956 2103 permanerctur
2982 2044 3100 2083 cum
3134 2029 3242 2082 Deo
3281 2029 3386 2081 sal-

1824 2141 1930 2187 tem
1961 2137 2080 2199 post
2117 2126 2542 2195 experimentum
2573 2122 2712 2176 adsit
2742 2131 2798 2175 ut
2826 2120 3070 2174 redeatur
3099 2117 3164 2170 ad
3201 2117 3386 2171 Deum.

1823 2221 1879 2278 Si
1922 2229 2100 2275 autem
2147 2215 2361 2286 quidam
2410 2221 2689 2266 moventur
2720 2211 2786 2266 de
2812 2211 2910 2264 hac
2949 2208 3113 2280 primi
3160 2206 3390 2261 hominis

1824 2312 2133 2375 teutatione,
2177 2307 2320 2376 quod
2367 2319 2486 2361 eam
2519 2303 2631 2358 ﬂeri
2679 2301 2979 2371 permiserit
3030 2299 3204 2364 Deus,
3233 2298 3384 2366 quasi

1823 2417 1962 2457 nunc
1989 2416 2093 2454 non
2117 2398 2331 2452 videant
2351 2395 2651 2449 universum
2681 2408 2848 2463 genus
2869 2391 3154 2445 humanum
3181 2387 3385 2443 diaboli

1825 2492 2032 2548 insidiis
2075 2493 2190 2544 sine
2213 2488 2512 2544 cessatione
2543 2485 2755 2549 tentari,
2782 2499 2878 2539 cur
2903 2490 2960 2537 ct
2998 2482 3097 2536 hoc
3127 2481 3391 2552 permittit

1827 2583 2010 2639 Deus!
2055 2598 2122 2635 an
2165 2580 2289 2650 quia
2321 2577 2569 2647 probatur
2591 2586 2648 2631 et
2684 2584 2960 2631 exercetur
2991 2574 3182 2639 virtus,
3225 2580 3283 2627 et
3307 2579 3393 2625 est

1824 2675 2000 2743 palma
2043 2671 2328 2741 gloriosior
2371 2683 2478 2722 non
2515 2665 2854 2721 consensisse
2906 2672 3188 2728 tentatum,
3232 2676 3394 2731 quam

1825 2781 1930 2820 non
1976 2762 2214 2832 potuisse
2256 2759 2485 2822 tentari,
2514 2771 2636 2810 cum
2678 2755 2841 2809 etiam
2887 2752 3011 2823 ipsi,
3052 2753 3141 2820 qui
3179 2751 3396 2806 deserto

1824 2855 2084 2912 Creatore
2112 2861 2236 2908 eunt
2265 2859 2384 2920 post
2413 2855 2753 2914 tentatorem,
2780 2845 2947 2914 magis
2978 2842 3251 2912 magisque
3280 2851 3394 2894 ten-

1799 2954 1942 3016 ,tent
1965 2958 2061 2999 eos
2086 2945 2177 3013 qui
2196 2942 2252 2996 in
2275 2938 2439 2996 verbo
2461 2938 2551 2993 Dei
2583 2933 3259 3005 permanent-prauum“
3287 2931 3394 2985 mis
3447 2949 3467 2955 ..

1826 3046 2010 3091 contra
2037 3031 2385 3101 cupiditatem
2434 3017 2773 3082 devitationis
2804 3023 3126 3091 exemplum,
3161 3030 3220 3076 et
3245 3021 3395 3074 incu-

169 3129 480 3184 melioribus
528 3104 985 3199 sanetioribusque
1035 3126 1294 3182 referatur
1339 3104 1723 3201 [reservatur],
1754 3104 1800 3167 (ἶ
1831 3127 1973 3180 tiant
2008 3131 2198 3178 contra
2237 3119 2541 3188 superbiam
2579 3117 2828 3172 timorem
2862 3113 3041 3184 pium?
3084 3111 3237 3168 Unde
3267 3111 3396 3170 dicit

169 3221 307 3276 illius
332 3222 504 3290 gratia
533 3222 707 3290 potius
734 3235 889 3291 quam
921 3221 1122 3275 meritis
1162 3236 1345 3275 eorum
1380 3239 1393 3274 :
1425 3221 1518 3276 sed
1550 3231 1728 3278 tamen

171 3323 426 3380 quantum
452 3311 536 3366 vel
564 3312 725 3366 donat
747 3325 959 3380 sapere,
984 3312 1063 3366 vel
1093 3311 1222 3365 sinit
1242 3311 1442 3379 dicere,
1469 3329 1573 3366 usu
1599 3313 1731 3368 mihi

172 3404 372 3458 videtur
402 3417 609 3472 magna:
653 3402 824 3478 laudis
869 3401 1106 3456 futurum
1150 3401 1312 3457 fuisse
1359 3404 1648 3470 hominem,
1681 3407 1730 3461 si

176 3504 451 3563 propterea
482 3503 662 3561 posset
683 3493 817 3548 bene
840 3494 1038 3556 vivere,
1064 3493 1188 3562 quia
1211 3507 1368 3546 nemo
1391 3497 1530 3548 male
1554 3496 1730 3549 vivere

174 3587 464 3641 suaderet:
505 3593 712 3640 cumet
756 3586 809 3637 in
841 3593 1025 3638 natura
1069 3598 1245 3653 posse,
1275 3593 1332 3638 et
1374 3583 1427 3638 in
1470 3593 1732 3653 petestste

175 3677 390 3732 haberet
418 3675 658 3750 [habeat]
685 3675 820 3731 velle
849 3690 952 3730 non
978 3676 1280 3730 consentire
1316 3675 1597 3739 suadenti,
1628 3674 1723 3728 ad-

174 3769 382 3839 iuvante
421 3779 601 3823 tamen
630 3769 722 3821 illo
764 3767 852 3836 qui
902 3766 1144 3836 superbis
1180 3766 1411 3832 resistit,
1445 3767 1732 3822 humilibus

175 3868 346 3914 autem
385 3862 482 3914 dat
507 3861 752 3929 gratiam.
783 3859 890 3912 Cur
915 3861 1092 3926 itaque
1131 3858 1323 3911 tentari
1352 3874 1455 3911 non
1506 3859 1729 3921 sineret,

176 3968 331 4020 quem
368 3945 752 4005 consensuium
792 3940 913 4006 esse
956 3949 1110 4022 [ipse]
1151 3951 1503 4016 Iraesciebat?
1529 3950 1635 4005 Cur
1681 3953 1731 4005 id

178 4027 407 4097 facturus
439 4054 584 4097 esset
613 4025 820 4111 propria
852 4043 1119 4096 voluntate
1143 4058 1234 4110 per
1258 4043 1489 4111 culpam,
1517 4053 1571 4096 et
1590 4044 1735 4097 ordi-

177 4136 378 4187 trandus
398 4143 543 4187 esset
571 4133 711 4186 illius
735 4139 979 4199 :Bquttatc
1008 4147 1100 4199 per
1130 4147 1356 4200 gratiam,
1387 4141 1442 4185 ut
1465 4133 1626 4188 etiam
1654 4135 1735 4188 sic

178 4225 479 4281 osteimeret
525 4224 715 4277 anima:
742 4224 1009 4290 superine,
1039 4223 1102 4276 ad
1132 4223 1481 4276 eruditionem
1528 4225 1734 4277 futuro-

180 4327 289 4367 rum
319 4315 648 4375 sanctoruni,
671 4327 828 4379 quam
855 4321 1001 4365 recte
1033 4311 1143 4379 ipse
1175 4320 1410 4365 uteretur
1439 4313 1733 4366 animarum

181 4402 541 4455 voluntatibus
568 4402 725 4454 etiam
754 4403 927 4465 malis,
954 4415 1072 4455 cum
1108 4402 1210 4454 ille
1242 4416 1491 4468 perverse
1521 4414 1733 4458 uteren-

1829 3216 2154 3286 Apostolus:
2186 3211 2546 3267 lntendens'te
2571 3207 2743 3278 ipsum
2771 3221 2837 3260 ne
2861 3214 2918 3260 st
2942 3216 2995 3259 tu
3025 3205 3265 3258 tenteris.
3293 3202 3396 3256 Ii-

1830 3323 1950 3377 rnm
1973 3315 2059 3361 est
2085 3305 2231 3360 enim
2257 3309 2509 3371 quantum
2540 3299 2702 3353 istum
2731 3297 2847 3369 [cur
2867 3305 3041 3350 amen
3070 3292 3194 3364 ista]
3222 3290 3396 3358 humi-

1831 3398 1953 3452 litas
1969 3409 2067 3467 qua
2089 3392 2369 3448 subdimur
2391 3388 2656 3452 Creatori,
2678 3402 2745 3442 ne
2773 3397 3019 3454 tanquam
3047 3382 3165 3449 ejus
3192 3377 3397 3450 adjuto.

1831 3489 1910 3543 rio
1936 3501 2042 3540 non
2069 3493 2287 3553 egentes
2312 3482 2378 3536 de
2409 3480 2604 3534 nostris
2631 3478 2829 3533 viribus
2858 3488 3268 3544 praesumamus,
3299 3486 3394 3539 per

1829 3579 2131 3647 Scripturas
2157 3588 2344 3629 omnes
2392 3571 2600 3625 divinas
2640 3583 2768 3622 cura
2815 3568 3062 3620 continua
3102 3558 3402 3634 [onmihusj

1830 3668 2256 3726 commendatur.
2287 3664 2420 3719 Cum
2449 3678 2577 3731 ergo
2598 3661 2758 3716 etiam
2799 3674 2892 3729 per
2931 3657 3156 3726 injustas
3178 3652 3310 3724 justi
3336 3667 3402 3707 ac

1835 3774 1928 3826 per
1960 3756 2150 3827 impios
2177 3753 2249 3823 pri
2281 3737 2576 3820 jroficiant,
2603 3749 2797 3804 frustra
2821 3748 3035 3809 dicitur,
3066 3760 3173 3798 non
3195 3750 3404 3797 crearet

1835 3851 1974 3904 Deus
2003 3861 2139 3917 quos
2182 3843 2495 3915 praesciebat
2521 3840 2712 3912 [malos
2741 3838 2970 3900 futuros,
2994 3848 3093 3888 nec
3119 3832 3261 3887 enim
3291 3845 3401 3884 non

1832 3951 2038 3993 crearet
2059 3950 2193 4004 quos
2224 3929 2559 4002 praesciebat]
2581 3928 2736 3982 bonis
2763 3926 3090 3994 profuturos,
3119 3930 3177 3976 ut
3207 3931 3262 3976 et
3283 3924 3398 3974 inu-

1833 4029 1953 4082 tiles
2002 4023 2204 4099 [utiles]
2249 4037 2430 4077 eorum
2476 4020 2630 4073 bonis
2680 4014 3034 4070 voluntatibus
3085 4010 3402 4068 exercendis

1833 4112 2295 4177 admonendisque
2322 4115 2626 4169 nascantur,
2655 4114 2709 4158 et
2730 4103 2871 4172 jnstc
2899 4119 2993 4171 pro
3017 4117 3112 4155 sua
3141 4100 3280 4154 mala
3301 4113 3400 4152 vo-
3465 4151 3467 4153 .

1833 4206 2037 4259 luntate
2060 4202 2365 4269 puniantur;
2390 4198 2570 4263 talem,
2595 4195 2857 4264 inquiunt,
2881 4191 3081 4246 faceret
3103 4191 3403 4254 hominem,

1835 4296 1924 4362 qui
1971 4292 2134 4346 nollet
2177 4289 2395 4344 omnino
2447 4301 2688 4355 peccare.
2723 4285 2859 4337 Ecce
2904 4297 3001 4335 nos
3051 4279 3401 4335 concedimus

1839 4383 2112 4437 meliorem
2157 4394 2278 4434 esse
2319 4387 2560 4431 naturam
2589 4389 2705 4444 quae
2741 4373 2957 4428 omnino
2997 4383 3218 4440 peccare
3246 4369 3403 4432 nolit,

181 4503 261 4546 tur
288 4497 492 4548 naturis
523 4494 697 4548 bonis.
727 4493 835 4547 Nec
878 4459 1256 4548 arbitrandum'
1275 4501 1359 4547 est
1404 4494 1544 4562 quod
1589 4505 1729 4550 esset

1835 4472 2126 4527 concedant
2157 4479 2211 4526 et
2248 4469 2350 4539 ipsi
2382 4483 2487 4521 non
2521 4480 2643 4520 esse
2673 4464 2862 4518 malam
2904 4471 3144 4515 naturam
3174 4474 3294 4528 qua:
3321 4459 3404 4514 sic

181 4584 447 4640 hominem
487 4585 791 4653 dejecturus
821 4584 922 4638 iste
950 4593 1195 4648 t-‘ntator,
1239 4584 1338 4637 nisi
1372 4585 1736 4652 praeiessisset

183 4675 434 4728 inanima
485 4672 713 4726 hominis
762 4672 1000 4739 quadam
1047 4672 1204 4725 elatio
1230 4672 1646 4740 comprimenda,
1680 4682 1738 4726 ut

185 4778 272 4830 per
312 4762 734 4817 humiliaﬁonem
777 4761 996 4828 peccati,
1041 4775 1196 4828 quam
1237 4752 1303 4814 de
1332 4777 1390 4814 se
1435 4761 1569 4815 falso
1598 4777 1734 4829 pra-

184 4854 464 4923 sumpserit
508 4853 754 4908 disceret.
802 4849 1090 4904 Verissime
1126 4849 1319 4918 quippe
1367 4851 1564 4903 dictum
1609 4860 1730 4904 est:

186 4947 314 5000 Ante
339 4946 547 5008 ruinam
574 4943 837 4998 exaltatur
861 4955 972 5007 cor,
997 4954 1051 4994 et
1079 4951 1201 4994 ante
1239 4941 1460 5008 gloriam
1487 4943 1738 4995 humilia-

187 5045 288 5102 tur,
310 5044 363 5090 et
390 5035 550 5118 hujus
573 5032 708 5086 forte
755 5031 986 5096 hominis
1013 5046 1117 5084 vox
1148 5042 1228 5084 est
1267 5031 1319 5084 in
1351 5032 1590 5098 psalmo:
1625 5033 1735 5099 Ego

187 5127 291 5188 dixi
334 5127 388 5180 in
431 5122 750 5194 abundantia
795 5136 910 5178 mea
936 5140 950 5174 :
982 5120 1093 5174 Non
1125 5121 1376 5174 movehor
1403 5123 1454 5176 in
1485 5123 1736 5176 szeculnm
1768 5184 1776 5192 κ

187 5213 505 5288 [aeternum].
545 5212 746 5268 Deinde
778 5212 886 5281 jam
934 5223 1181 5279 expertus
1224 5214 1348 5278 quid
1380 5214 1502 5266 mali
1550 5212 1738 5266 habeat

188 5309 406 5375 superba
437 5305 776 5375 priesumptio
807 5292 1030 5370 propria:
1060 5302 1352 5369 potestatis,
1378 5315 1428 5357 et
1458 5305 1583 5371 quid
1611 5303 1733 5356 boui

190 5399 505 5466 adjutorium
525 5396 708 5465 gratim
731 5395 858 5447 Del:
894 5393 1132 5458 Domine,
1165 5393 1353 5461 inquit,
1387 5393 1438 5446 in
1468 5395 1736 5449 voluntate

196 5497 275 5542 tua
303 5487 593 5556 praestitisti
635 5486 810 5538 decori
842 5498 962 5560 m‘co
1001 5485 1268 5547 virtutem,
1301 5484 1535 5536 avertisti
1563 5491 1736 5536 autem

194 5579 371 5632 faciem
402 5588 549 5630 tuam
580 5590 609 5627 a
640 5589 742 5637 me,
784 5586 834 5650 et
865 5573 1032 5627 factus
1073 5590 1184 5627 sum
1234 5575 1612 5638 conturbatus;
1644 5575 1733 5627 sed

196 5685 296 5723 sive
322 5667 447 5723 illud
470 5667 536 5721 de
562 5666 659 5719 hoc
679 5655 911 5733 hr-miuc,
935 5665 1037 5718 sive
1061 5664 1127 5717 de
1148 5664 1249 5718 alio
1272 5664 1467 5717 diuum
1497 5675 1572 5717 est
1600 5662 1733 5733 lsit],

1835 4565 1976 4619 facta
2019 4571 2104 4618 est
2144 4570 2204 4616 ut
2229 4567 2412 4629 posset
2455 4573 2560 4612 non
2589 4571 2806 4625 peccare
2834 4555 2877 4608 si
2909 4554 3098 4616 nollet,
3125 4560 3179 4605 et
3202 4551 3402 4619 justam

1836 4672 1959 4712 esse
1996 4654 2313 4709 sententiam
2355 4665 2454 4716 qua
2495 4648 2673 4715 punita
2701 4655 2782 4700 est
2823 4660 2941 4714 qua:
2971 4644 3264 4707 voluntate,
3294 4656 3402 4694 non

1837 4745 2181 4807 necessitate,
2208 4739 2465 4811 peccavit.
2495 4737 2644 4791 Sicut
2661 4750 2787 4804 ergo
2810 4735 2944 4788 ratio
2967 4747 3092 4786 vera
3118 4732 3273 4785 docet
3294 4745 3405 4782 me-

1845 4838 2032 4891 liorem
2064 4849 2184 4889 esse
2213 4841 2508 4886 creaturam
2561 4841 2716 4896 quam
2749 4839 2962 4894 prorsus
3006 4821 3136 4876 nihil
3177 4821 3405 4874 deieotat

1843 4929 2107 4990 illicitum,
2138 4927 2205 4978 ita
2235 4925 2369 4976 ratio
2393 4937 2512 4975 vera
2533 4919 2876 4973 nihilominus
2904 4916 3057 4970 docet
3076 4915 3232 4968 etiam
3260 4913 3406 4967 illam

1845 5019 2038 5073 bonam
2070 5031 2187 5070 esse
2213 5031 2331 5084 qua:
2363 5014 2520 5065 habet
2542 5013 2592 5063 in
2617 5016 2879 5078 potestate
2909 5007 3144 5061 illicitam
3171 5005 3402 5058 delecta—

1850 5110 2047 5162 tionem
2077 5105 2123 5158 si
2153 5107 2414 5157 exstiterit
2463 5104 2532 5155 ita
2563 5100 2832 5163 cohibere,
2868 5107 2925 5151 ut
2966 5112 3070 5150 non
3116 5095 3289 5148 solum
3334 5095 3404 5146 de

1843 5195 2054 5251 caeteris
2082 5193 2237 5247 licitis
2283 5201 2532 5259 recteque
2557 5188 2729 5253 factis,
2762 5201 2943 5241 verum
2967 5185 3125 5240 etiam
3149 5184 3214 5237 de
3240 5183 3404 5252 ipsius

1845 5301 2021 5357 prava:
2068 5282 2436 5338 delectationis
2486 5279 2810 5333 cohibitiooe
2842 5279 3068 5332 laetetur.
3101 5276 3232 5328 Cum
3274 5287 3404 5341 ergo

1845 5380 1959 5434 hmo
1990 5387 2174 5429 natura
2218 5375 2354 5428 bona
2374 5373 2462 5433 sit,
2493 5372 2580 5424 illa
2613 5370 2818 5435 melior,
2845 5383 2940 5421 cur
2984 5366 3126 5419 illam
3156 5365 3322 5418 solam
3347 5372 3405 5418 ct

1848 5491 1951 5530 non
1992 5482 2267 5539 utramque
2305 5469 2477 5538 potius
2517 5469 2713 5521 laceret
2743 5462 2915 5519 Deus?
2945 5467 3021 5516 Ac
3050 5476 3142 5530 per
3171 5461 3272 5513 hoc
3312 5461 3404 5527 qui

1845 5569 2013 5640 parati
2043 5572 2195 5620 erant
2222 5556 2583 5634 [paraverant]
2609 5559 2676 5614 de
2709 5558 2794 5612 illa
2821 5556 2932 5609 sola
2967 5555 3132 5610 Deum
3164 5551 3401 5616 laudare,

1846 5663 2060 5717 uberius
2091 5674 2210 5715 euut
2240 5656 2432 5710 dcheut
2464 5652 2678 5710 laudare
2699 5649 2764 5706 de
2793 5655 3014 5718 utraque
3047 5664 3059 5701 :
3091 5645 3179 5703 illa
3209 5644 3401 5715 quippe
