3886 6224
526 270 630 325 639

1519 278 1577 328 Ι).
1607 276 1917 331 I'LUGYI‘PH
1962 275 2246 329 ABIlA'I‘iS
2289 270 2600 325 .\FlliC.\-.\'l
3673 274 3761 326 bit)

527 394 612 436 est
638 388 692 436 in
723 385 925 439 sanctis
952 385 1174 453 angelis,
1203 384 1310 435 haec
1342 385 1391 435 in
1420 385 1618 438 sanc.is
1651 386 1972 436 hominibus.
2003 384 2100 446 Qui
2137 387 2178 442 Λ
2209 383 2345 435 unde
2384 393 2437 435 ct
2481 383 2579 448 ipsi
2609 381 2805 449 aliquid
2855 381 3010 437 laceri
3030 392 3088 436 nt
3113 426 3128 450 ,
3175 399 3279 453 quo
3305 383 3570 452 quidquid
3618 385 3760 438 etiam

529 485 707 526 autem
738 473 837 526 sibi
870 485 1043 540 partes
1087 470 1380 539 iniquitatis
1421 472 1716 542 elegerunt,
1750 473 2098 526 laudabilem-

538 576 644 630 qne
675 570 910 612 naturam
943 558 1192 626 culpabili
1235 559 1510 614 voluntate
1558 560 1959 629 depravarunt,
1993 575 2097 611 non

529 654 651 718 quia
688 648 917 716 praesenti
961 659 1119 713 sunt,
1152 648 1273 701 ideo
1299 650 1468 702 creari
1510 652 1727 704 minime
1769 650 2097 713 debuerunt,

532 743 727 794 habent
747 742 886 794 enim
917 749 970 794 et
1000 742 1099 809 ip~i
1131 742 1303 797 locum
1331 758 1508 809 suum,
1540 759 1696 812 quem
1727 746 1777 795 in
1808 742 1966 795 rebus
1997 741 2100 793 im-

531 833 708 900 pleant
739 847 835 900 pro
877 833 1104 885 utilitate
1136 844 1476 897 sanctorum;
1507 848 1626 886 nam
1661 834 1799 886 Deus
1829 844 1925 884 nec
1947 830 2100 897 justi-

528 924 596 976 tia
620 923 932 992 cujusquam
961 925 1091 978 recti
1117 925 1348 978 hominis
1383 935 1524 994 eget,
1555 933 1753 988 quanto
1784 923 1957 976 minus
1993 920 2096 974 ini-

525 1017 726 1082 quitate
775 1015 1058 1083 perversi?
1082 1016 1212 1082 Quis
1247 1025 1422 1069 autem
1453 1016 1628 1068 sobria
1673 1013 2099 1067 consideratione

525 1104 673 1158 dicat
704 1105 893 1158 melius
926 1121 1031 1158 non
1059 1104 1229 1159 creari
1258 1118 1412 1172 quem
1449 1104 1764 1171 prazsciebut
1791 1118 1853 1156 ex
1882 1102 2100 1155 alterius

514 1196 810 1263 iniquitate
857 1211 1012 1264 posse
1051 1195 1266 1263 corrigi,
1315 1209 1473 1263 quam
1506 1202 1714 1248 crearet
1755 1194 1912 1249 etiam
1941 1207 2096 1260 quem

534 1286 855 1353 praesciebat
886 1300 981 1353 pro
1020 1299 1111 1337 sua
1141 1284 1416 1353 iniquitate
1454 1284 1652 1337 debere
1679 1281 1961 1335 dauniari?
1989 1280 2099 1334 Hoc

531 1387 612 1430 est
638 1377 777 1430 enim
813 1377 1027 1428 dicere:
1064 1375 1249 1428 Melius
1279 1389 1381 1430 non
1413 1382 1556 1428 esset
1584 1373 1675 1442 qui
1705 1373 1922 1426 alterius
1954 1372 2096 1426 malo

530 1462 667 1518 beue
700 1463 896 1517 utendo
925 1465 1343 1518 misericorditer
1369 1473 1737 1527 coronaretur,
1770 1477 1926 1531 quant
1955 1469 2099 1516 esset

526 1557 686 1609 eziam
730 1556 901 1610 malus
945 1557 1034 1624 qui
1081 1571 1174 1623 pro
1221 1569 1318 1608 suo
1373 1556 1562 1609 merito
1595 1554 1739 1622 juste
1797 1553 2093 1622 puniretur.

531 1644 665 1698 Cum
701 1645 843 1700 enim
876 1647 1014 1700 ratio
1047 1656 1194 1702 certa
1226 1646 1556 1701 demonstrat
1587 1646 1691 1698 duo
1719 1646 1959 1713 ancdam
1991 1646 2096 1698 nun

2199 472 2530 536 culpabiliter
2573 473 2852 540 eligerent,
2885 474 3032 528 illum
3078 476 3146 532 de
3185 489 3243 529 se
3277 474 3623 527 laudabiliter
3647 488 3761 541 ope-

2199 571 2348 612 rante
2403 561 2736 627 invenirent,
2783 577 2809 614 a
2855 578 2914 617 se
2963 566 3159 632 quippe
3198 565 3400 619 habent
3445 563 3760 618 Voluntatem

2203 650 2416 715 malam,
2449 651 2517 703 ab
2549 652 2637 704 illo
2678 661 2876 718 autem,
2904 663 2958 707 et
2981 665 3221 708 naturam
3253 657 3478 721 bonam,
3506 653 3759 723 etjustam

2204 754 2436 806 prenam,
2472 741 2576 793 sibi
2607 742 2837 795 debitum
2870 743 3063 808 locum,
3095 746 3211 799 aliis
3239 747 3646 801 exercitationis
3681 748 3760 798 ad-

2204 827 2514 881 miniculum
2541 841 2595 882 et
2626 829 2832 884 timoris
2868 834 3189 901 exemplum.
3215 834 3320 888 Sed
3353 845 3562 903 posset,
3586 836 3758 903 inquit,

2198 916 2360 971 etiam
2412 918 2648 985 ipsorum
2697 920 3017 974 voluntatem
3074 923 3125 975 in
3172 923 3366 977 bonum
3413 934 3756 986 convertere,

2206 1008 2454 1074 quoniam
2495 1004 2832 1079 omnipotens
2862 1024 2964 1066 est.
2997 1012 3105 1068 Cur
3132 1030 3256 1086 ergo
3286 1032 3390 1069 nun
3434 1015 3610 1071 fecit?
3649 1015 3756 1081 quia

2204 1098 2391 1152 noluit.
2423 1099 2530 1153 Cur
2551 1102 2783 1154 noluerit
2802 1118 2963 1169 penes
2993 1103 3163 1172 ipsum
3194 1115 3277 1160 est
3303 1125 3313 1159 :
3337 1108 3603 1160 debemus
3629 1104 3755 1158 enim

2205 1202 2308 1239 non
2339 1187 2458 1254 plus
2499 1203 2689 1256 sapere
2718 1206 2876 1259 quam
2927 1203 3138 1260 Oportet
3175 1209 3384 1262 sapere.
3427 1195 3568 1249 Puto
3599 1207 3755 1248 tamen

2202 1279 2359 1346 paulo
2390 1295 2514 1334 an'e
2545 1281 2672 1334 sa‘is
2705 1296 2800 1335 nos
2828 1284 3122 1340 ostendisse
3154 1302 3258 1340 non
3301 1287 3446 1355 parvi
3504 1287 3625 1340 boni
3651 1302 3754 1341 esse

2199 1377 2507 1430 rationalem
2556 1390 2883 1443 creaturam,
2929 1381 3087 1433 etiam
3133 1382 3285 1435 istam
3339 1397 3460 1450 quae
3513 1382 3753 1435 malorum

2197 1473 2593 1535 Comparatione
2634 1477 2786 1522 cavet
2811 1470 3195 1538 malum.Quod
3236 1487 3402 1540 genus
3441 1473 3599 1524 bom-
3625 1487 3688 1524 οτι
3708 1486 3753 1522 a-

2199 1569 2330 1612 turae
2362 1559 2544 1626 utique
2571 1558 2679 1613 non
2711 1571 2870 1627 esset,
2900 1564 2940 1614 si
2988 1566 3224 1616 omnium
3253 1564 3418 1615 malas
3473 1564 3754 1616 voluntates

2199 1649 2337 1703 Dens
2362 1651 2413 1704 iu
2445 1651 2642 1705 bonum
2674 1653 3024 1708 convertisset
3046 1695 3062 1717 ,
3105 1664 3156 1708 et
3186 1655 3312 1708 nulli
3369 1653 3629 1722 iniquitati
3658 1669 3752 1719 με·

525 1733 749 1802 aaqualia
774 1735 930 1800 bona,
963 1737 1056 1789 sed
1089 1749 1251 1788 unum
1280 1736 1558 1802 superius,
1588 1733 1813 1787 alterum
1854 1733 2090 1797 init-rius,
2127 1748 2172 1806 Β
2201 1756 2318 1793 nam
2345 1740 2576 1795 debitam
2604 1741 2886 1811 inﬂigeret,
2908 1758 2969 1798 ac
2993 1745 3070 1798 sic
3093 1760 3196 1797 non
3226 1753 3367 1798 esset
3393 1745 3489 1797 nisi
3513 1744 3677 1797 solum
3705 1747 3732 1795 it

529 1841 636 1879 non
665 1826 965 1895 intelligunt
993 1829 1124 1881 tardi
1156 1827 1318 1882 corde
1345 1843 1464 1881 cum
1485 1828 1671 1882 dicunt
1694 1840 1972 1897 utrumque
1996 1829 2099 1882 tale

526 1929 670 1982 esse,
713 1914 844 1970 nihil
869 1932 926 1970 se
953 1917 1089 1970 aliud
1115 1918 1310 1982 dicere,
1344 1932 1502 1985 quam
1542 1918 1715 1970 solum
1745 1918 1889 1969 illum
1923 1915 2097 1988 [illud]

526 2017 694 2062 esset.
735 2015 809 2062 Ac
840 2009 917 2063 sic
947 2024 1066 2061 cum
1117 2024 1328 2076 aequare
1357 2008 1535 2062 volunt
1581 2023 1808 2076 genera,
1839 2010 2097 2061 bonorutn

526 2113 803 2152 numerum
851 2099 1095 2153 minuunt
1123 2117 1134 2150 :
1163 2109 1218 2153 et
1263 2100 1616 2155 immoderate
1655 2099 1907 2169 "augendo
1937 2116 2095 2153 unum

525 2202 710 2254 genus,
747 2188 972 2241 alterum
1004 2189 1218 2244 tollunt.
1257 2190 1388 2254 Quis
1427 2201 1602 2245 autem
1655 2190 1751 2245 hos
1793 2191 2022 2257 audiret,
2051 2191 2098 2246 si

523 2276 764 2330 dicerent
809 2279 1059 2346 quoniam
1105 2272 1454 2334 excellentior
1501 2295 1691 2336 sensus
1744 2290 1826 2337 est
1882 2282 2095 2336 videndi

523 2381 679 2435 quam
706 2359 990 2434 audiendi,
1032 2379 1260 2438 quatuor
1303 2373 1440 2426 oculi
1484 2384 1664 2428 essent
1700 2382 1754 2427 et
1797 2387 1952 2428 aures
1991 2389 2096 2427 non

522 2460 743 2513 essent?
767 2460 841 2513 Ita
867 2463 910 2515 si
937 2463 1286 2518 excellentior
1308 2473 1391 2518 est
1414 2473 1655 2519 creatura
1683 2463 1771 2518 illa
1800 2463 2094 2532 rationalis,

524 2563 643 2616 qum
689 2551 805 2604 sine
837 2553 995 2606 ullius
1037 2569 1208 2622 ptenze
1238 2557 1657 2624 comparatione,
1709 2556 1825 2611 sine
1867 2557 1971 2611 ulla
2009 2572 2096 2612 su-

525 2639 708 2703 perbia
740 2641 848 2695 Deo
873 2643 1153 2697 subditur:
1185 2643 1284 2697 alia
1308 2643 1524 2716 [aliqua]
1556 2660 1682 2700 vero
1708 2646 1760 2700 in
1792 2645 2093 2701 hominibus

525 2728 596 2780 ita
623 2740 800 2785 creata
851 2743 953 2797 est,
995 2741 1051 2786 ut
1080 2734 1131 2788 in
1159 2749 1218 2788 se
1261 2734 1352 2789 Dei
1397 2733 1718 2790 beneﬁcium
1770 2749 1878 2790 non
1926 2737 2095 2805 possit

525 2810 835 2887 agnoscere,
868 2822 966 2877 nisi
996 2824 1216 2880 alterius
1258 2824 1492 2879 videndo
1520 2825 1860 2896 supplicium,
1890 2834 1947 2880 ut
1986 2840 2094 2880 non

524 2927 551 2964 a
579 2921 686 2965 tum
718 2915 921 2980 sapiat,
952 2915 1048 2970 sed
1079 2919 1291 2983 timeat,
1325 2915 1464 2971 idem
1495 2931 1603 2971 non
1631 2917 1698 2972 de
1739 2931 1797 2971 se
1827 2915 2086 2986 praeﬁdat,

527 3004 620 3056 sed
649 3005 880 3058 conﬁdat
910 3006 961 3058 in
1011 3006 1204 3071 Deum;
1248 3006 1366 3076 quis
1406 3015 1554 3061 recte
1603 3006 1906 3076 intelligens
1949 3005 2093 3060 dicat

2199 1830 2288 1883 iud
2319 1846 2490 1899 genus
2521 1832 2660 1900 quod
2693 1833 2832 1885 nullo
2869 1833 2952 1887 vel
2987 1836 3184 1902 peccati
3215 1836 3295 1890 vel
3327 1835 3572 1904 supplicii
3603 1839 3753 1889 malo.

2198 1937 2317 1977 rum
2340 1923 2740 1989 comparatione
2771 1923 3049 1992 proﬁceret
3074 1943 3087 1978 :
3115 1927 3182 1979 ita
3214 1927 3357 1979 velut
3393 1936 3548 1980 aucta
3581 1943 3750 1980 nume-

2197 2013 2422 2066 rositate
2448 2013 2846 2068 cxcellentioris
2873 2016 3107 2083 generis,
3141 2016 3375 2085 ipsorum
3397 2033 3646 2084 generum
3672 2019 3751 2070 bo-

2200 2115 2390 2155 norum
2424 2117 2676 2157 numerus
2707 2103 3052 2160 minueretur.
3080 2106 3238 2175 Ergo,
3272 2107 3536 2176 inquiunt,
3564 2119 3643 2161 est
3668 2107 3750 2158 ali-

2199 2192 2324 2260 quid
2370 2192 2422 2246 itl
2470 2193 2718 2257 o,eribus
2772 2193 2863 2248 Dei
2898 2195 3036 2264 quod
3078 2197 3299 2250 alterius
3348 2199 3485 2250 malo
3533 2197 3756 2264 indigeat

2198 2298 2302 2351 quo
2333 2282 2571 2351 proﬁciat
2606 2281 2671 2336 ad
2704 2286 2929 2338 bonum?
2963 2286 3107 2341 Itane
3145 2286 3537 2342 obsurduerunt
3585 2298 3637 2341 et
3660 2303 3748 2339 ε)-

2199 2376 2383 2427 czecati
2409 2384 2533 2427 sunt
2557 2373 2819 2441 homines,
2845 2377 3024 2430 nescio
3053 2393 3156 2445 quo
3185 2378 3366 2432 studio
3391 2379 3750 2442 contentiores,

2201 2471 2258 2515 ut
2285 2479 2387 2515 non
2416 2463 2631 2517 audiant
2658 2465 2740 2518 vel
2773 2466 2984 2518 videant
3021 2468 3336 2536 quibusdam
3381 2473 3574 2539 punitis
3605 2484 3751 2535 quam

2198 2551 2408 2620 plurimi
2421 2553 2596 2622 corrig
2613 2561 2756 2607 intur
2771 2555 2793 2607 ?
2808 2554 2936 2620 Quis
2954 2556 3097 2609 enim
3118 2571 3371 2626 paganus,
3392 2560 3509 2629 quis
3524 2559 3744 2622 Judzus,

2196 2643 2315 2710 quis
2336 2641 2635 2713 haereticus,
2662 2661 2765 2698 non
2790 2646 2959 2701 hocin
2986 2646 3144 2701 dumo
3167 2658 3263 2702 Sua
3284 2649 3519 2718 quotidie
3541 2649 3750 2718 probet?

2200 2732 2391 2788 Verum
2420 2749 2538 2789 cum
2572 2738 2778 2791 venitur
2798 2736 2864 2790 ad
2893 2737 3307 2806 disputationem
3335 2741 3748 2810 inquisitionem-

2195 2839 2296 2894 que
2326 2827 2582 2893 veritatis,
2605 2828 2790 2882 nulunt
2825 2828 3100 2884 advertere
3125 2845 3316 2885 sensus
3342 2846 3467 2885 suos
3499 2833 3746 2892 homines,

2195 2926 2260 2966 ex
2290 2928 2395 2980 quo
2420 2928 2581 2981 Opere
2607 2912 2800 2968 divina:
2831 2913 3177 2982 providentia
3201 2917 3254 2969 in
3284 2931 3380 2972 eos
3398 2917 3571 2972 veniat
3592 2917 3747 2984 impo-

2196 3003 2384 3057 nendae
2415 3003 2703 3058 commotio
2745 3003 3072 3073 disciplina,
3117 3007 3242 3059 utsi
3285 3022 3391 3060 non
3430 3009 3746 3075 carriguntur

525 3096 647 3149 t.lis
677 3111 796 3177 esse
823 3096 919 3151 ieta
955 3099 1128 3167 qualis
1159 3099 1282 3164 illa,
1315 3114 1414 3154 nec
1457 3097 1631 3153 videat
1677 3112 1738 3152 se
1767 3097 1898 3151 nihil
1949 3096 2092 3150 aliud
2124 3110 2168 3173 (ς
2197 3097 2284 3164 qui
2335 3096 2642 3164 puniuntur,
2695 3111 2876 3151 eorum
2916 3108 3093 3152 tamen
3133 3099 3381 3166 exemplo
3425 3101 3598 3153 caeteri
3648 3113 3744 3151 rne-

525 3186 700 3242 dicere
741 3203 897 3257 quam
945 3203 1049 3242 non
1094 3198 1241 3244 esset
1286 3189 1408 3255 ista,
1454 3188 1547 3243 scd
1599 3187 1715 3244 sola
1759 3195 1902 3243 esset
1955 3186 2094 3242 illa?

529 3278 680 3341 Quod
710 3279 754 3331 si
787 3279 1053 3333 inerudite
1081 3289 1239 3349 atque
1269 3280 1582 3348 insipienter
1605 3278 1816 3340 dicitur,
1845 3292 1941 3332 cur
1967 3292 2094 3346 ergo

526 3382 632 3421 non
657 3377 867 3423 crearet
896 3369 1032 3424 Deus
1061 3370 1222 3426 etiam
1251 3385 1386 3439 quos
1410 3371 1576 3425 malos
1598 3368 1803 3422 futuros
1824 3383 1943 3424 esse
1966 3382 2097 3438 prte-

527 3460 750 3528 sciebat,
783 3463 969 3518 volens
1015 3463 1301 3518 ostendere
1336 3465 1468 3518 iram
1498 3471 1554 3518 et
1597 3463 1962 3516 demonstrare
2001 3476 2095 3530 po-

528 3552 750 3606 tentiam
779 3567 949 3621 suam,
985 3563 1041 3609 et
1058 3556 1127 3610 ob
1147 3557 1248 3610 hoc
1276 3559 1546 3610 sustinens
1575 3557 1626 3610 in
1656 3555 1820 3608 multa
1841 3554 2094 3622 patientia

530 3657 657 3697 vasa
686 3646 778 3698 irae
804 3660 920 3714 quae
964 3649 1194 3714 perlecta
1222 3656 1346 3702 sunt
1374 3650 1425 3701 in
1456 3648 1827 3716 perditionem,
1859 3654 1916 3700 ut
1945 3656 2094 3701 notas

530 3731 638 3803 3a
661 3734 856 3789 laceret
881 3736 1092 3790 divitias
1117 3738 1301 3807 gloria:
1323 3752 1431 3792 sua:
1463 3740 1513 3792 in
1541 3752 1660 3791 vasa
1687 3727 2088 3802 misericordia,

531 3839 649 3892 qua:
683 3825 890 3890 paravit
921 3826 970 3879 in
995 3827 1239 3896 gloriam,
1281 3827 1357 3882 sic
1387 3829 1528 3881 cnim
1560 3830 1647 3897 qui
1675 3829 1952 3898 gloriatur,
1983 3843 2090 3882 non

532 3915 634 3967 nisi
675 3915 725 3968 in
759 3915 980 3971 Domino
1021 3917 1297 3987 gloriatur,
1342 3934 1462 3974 cum
1493 3920 1763 3989 cognoscit
1795 3934 1900 3973 non
1938 3934 2092 3973 suum

531 4006 624 4058 sed
652 4007 791 4060 illius
814 4023 953 4073 esse,
984 4020 1090 4063 non
1120 4009 1290 4064 solum
1318 4018 1373 4063 ut
1410 4013 1499 4077 sit,
1526 4013 1872 4065 verumetiam
1901 4019 1957 4064 ut
1985 4025 2090 4063 non

528 4097 629 4150 nisi
674 4097 739 4150 ab
770 4097 862 4152 illo
889 4099 1025 4154 bene
1051 4097 1154 4154 sibi
1188 4099 1288 4165 sit,
1320 4093 1482 4169 aquo
1510 4100 1669 4155 habet
1695 4110 1753 4154 ut
1791 4100 1899 4154 sit?
1927 4099 2093 4154 Nimis

531 4185 712 4254 itaque
759 4186 1059 4256 importune
1101 4190 1292 4245 dicitur
1320 4205 1332 4243 :
1363 4191 1478 4244 Non
1518 4201 1699 4246 essent
1737 4192 1928 4260 quibus
1955 4191 2094 4244 Deus

531 4283 730 4330 tantam
764 4278 1186 4333 benciicientiam
1229 4281 1608 4335 misericordia:
1651 4295 1762 4334 suae
1791 4279 2048 4335 tribueret
2071 4319 2086 4344 ,

530 4369 574 4420 si
609 4368 764 4422 aliter
791 4383 908 4423 esse
938 4385 1042 4423 non
1077 4379 1292 4438 possent
1322 4373 1420 4425 nisi
1450 4381 1628 4426 essent
1657 4382 1706 4426 et
1737 4371 1789 4425 hi
1820 4371 1873 4424 in
1900 4371 2091 4441 quibus

530 4456 776 4511 vindictae
800 4458 1062 4526 justitiam
1095 4460 1505 4515 demonstraret.
1537 4461 1644 4515 Cur
1669 4459 1808 4515 enim
1836 4475 1940 4514 non
1965 4467 2093 4514 utri-

529 4560 634 4613 que
690 4547 866 4615 potius
909 4559 1090 4603 essent
1115 4591 1129 4614 ,
1169 4558 1380 4619 quando
1418 4554 1470 4604 in
1513 4551 1751 4621 utrisque
1795 4561 1849 4606 et
1885 4552 2092 4607 bonitas

535 4635 626 4688 Dei
649 4646 700 4689 et
727 4640 945 4705 aequitas
969 4639 1089 4709 jure
1120 4641 1462 4708 praedicatur?
1483 4642 1553 4695 At
1579 4641 1718 4695 enim
1744 4642 1788 4696 si
1819 4641 1954 4696 Deus
1978 4643 2088 4696 vel—

534 4724 630 4790 let,
659 4727 816 4780 etiam
845 4719 935 4781 isti
957 4731 1079 4784 boni
1111 4741 1320 4798 essent;
1367 4742 1565 4801 quanto
1610 4731 1797 4787 melius
1827 4732 1925 4785 hoc
1953 4731 2092 4787 Deus

537 4814 704 4867 voluit
734 4819 958 4885 utquod
987 4820 1182 4876 vellent
1210 4831 1389 4877 essent
1420 4840 1432 4874 :
1472 4822 1564 4877 sed
1596 4822 1720 4876 boni
1761 4838 1865 4875 non
1899 4823 2092 4877 infruc-

535 4917 708 4975 tuose,
740 4911 864 4963 mali
891 4923 1065 4966 autem
1096 4915 1308 4982 impune
1348 4931 1452 4969 non
1481 4925 1682 4982 essent,
1713 4925 1765 4968 et
1793 4915 1845 4966 in
1874 4931 1939 4968 eo
1977 4922 2093 4981 ipso

531 5003 648 5054 aliis
674 5004 830 5055 utili-s
851 5008 1060 5057 essent!
1090 5005 1194 5060 Sed
1217 5007 1525 5075 prresciebat
1545 5009 1683 5075 quod
1710 5021 1891 5060 eorum
1919 5005 2093 5057 futura

539 5095 792 5166 [factura]
834 5105 976 5149 esset
1003 5097 1247 5151 voluntas
1291 5099 1448 5153 mala.
1485 5098 1801 5151 Praesciebat
1845 5111 2003 5160 sane,
2035 5104 2090 5149 et

530 5188 652 5254 quia
695 5187 798 5240 falli
833 5203 938 5241 non
970 5199 1142 5256 potest
1182 5188 1297 5255 ejus
1327 5189 1679 5256 pra-scientia,
1722 5188 1841 5242 ideo
1874 5204 1977 5239 non
2014 5187 2092 5254 ip-

529 5275 679 5339 sius,
723 5276 814 5329 sed
853 5293 1036 5330 eorum
1080 5289 1162 5332 est
1199 5279 1442 5332 voluntas
1482 5281 1637 5331 mala.
1681 5278 1786 5332 Cur
1828 5293 1955 5345 ergo
1995 5292 2088 5330 eos

530 5366 733 5420 creavit
774 5381 907 5434 quos
955 5369 1084 5421 tales
1128 5367 1335 5422 futurus
1376 5382 1494 5421 eSse
1541 5368 1881 5435 prmsciebat?
1911 5365 2042 5429 Quia
2069 5405 2083 5430 ,

531 5459 668 5508 sicut
699 5455 940 5522 prtevidit
983 5457 1111 5526 quid
1159 5457 1280 5510 mali
1325 5465 1503 5512 essent
1551 5457 1771 5523 facturi,
1815 5459 1890 5511 sic
1932 5457 2089 5511 etiam

534 5547 774 5614 przcvidit
804 5549 868 5602 de
899 5550 1051 5602 maliv
1083 5549 1234 5603 factis
1265 5564 1449 5603 eorum
1491 5547 1613 5615 quid
1655 5548 1777 5601 boni
1807 5557 1949 5601 esset
1980 5547 2091 5614 ipse

539 5633 781 5694 tacturus
841 5655 854 5691 :
910 5641 987 5695 sic
1016 5643 1158 5696 enim
1204 5656 1297 5695 eos
1347 5641 1503 5704 iecit,
1555 5648 1610 5693 ut
1655 5640 1730 5693 cis
1771 5637 2090 5708 relinqueret

2199 3197 2380 3254 tuant,
2416 3189 2693 3257 valeatque
2734 3189 2799 3242 ad
2828 3203 3014 3243 eorum
3056 3193 3283 3243 salutem
3322 3189 3464 3259 justa
3505 3190 3744 3257 pernicies

2195 3279 2443 3333 aliorum.
2476 3279 2607 3334 Num
2635 3277 2926 3351 [Nunquid]
2947 3281 3087 3334 enim
3110 3281 3326 3335 malitiae
3352 3295 3534 3336 eoium
3565 3281 3642 3336 vel
3664 3293 3743 3333 ne-

2196 3369 2378 3439 quilla:
2416 3369 2552 3422 Deus
2579 3375 2766 3422 auctor
2791 3376 2903 3433 est,
2944 3368 3011 3422 de
3036 3383 3261 3438 quorum
3281 3369 3423 3437 justa
3455 3383 3606 3437 pu‘na
3630 3383 3742 3421 con-

2196 3460 2343 3524 sulit,
2371 3459 2559 3528 quibus
2589 3459 2688 3512 hoc
2715 3458 2872 3512 modo
2894 3459 3282 3513 consulendum
3313 3474 3432 3515 esse
3454 3459 3745 3512 constituit?

2196 3568 2300 3606 non
2325 3553 2524 3621 utique,
2553 3553 2645 3606 sed
2676 3565 2795 3606 cum
2817 3566 2910 3606 eos
2934 3550 3076 3606 vitiis
3105 3553 3334 3621 propriis
3353 3552 3515 3606 malos
3543 3552 3737 3605 futuros

2195 3656 2312 3696 esse
2339 3641 2628 3711 pmsciret,
2653 3656 2756 3694 non
2779 3655 2872 3696 eos
2898 3649 3283 3708 tamencreare
3300 3641 3521 3706 destitit,
3547 3642 3740 3694 utilzlati

2195 3732 2454 3802 deputans
2481 3746 2663 3786 eorum
2701 3745 2834 3800 quos
2861 3733 2912 3784 in
2957 3732 3058 3786 hoc
3085 3745 3281 3800 genere
3311 3731 3426 3803 [ita]
3449 3733 3662 3793 creavit,
3690 3741 3740 3783 ut

2197 3823 2261 3878 ad
2288 3823 2482 3878 bonum
2507 3825 2764 3891 prolicere
2786 3823 2885 3877 nisi
2913 3823 3173 3876 malorum
3216 3823 3609 3892 comparatione
3635 3838 3732 3875 non

2197 3921 2432 3981 possent.
2467 3912 2523 3967 Si
2545 3912 2820 3984 enimnon
2847 3902 3044 3975 essent,
3071 3909 3202 3965 nulli
3230 3913 3306 3966 rei
3334 3914 3516 3980 utique
3537 3914 3737 3980 proles-

2195 4011 2314 4057 sent
2343 4021 2355 4056 :
2390 4018 2642 4071 parumne
2670 4004 2792 4056 boni
2832 4012 3005 4057 actum
3029 4013 3134 4070 est,
3169 4014 3226 4058 ut
3255 4005 3362 4058 sint
3388 4005 3476 4073 qui
3505 4013 3643 4058 certe
3671 4003 3739 4054 illi

2194 4095 2371 4163 generi
2403 4093 2558 4148 utiles
2587 4095 2747 4146 sunt?
2770 4093 2920 4159 Quod
2952 4109 3117 4162 genus
3157 4094 3399 4162 quisquis
3432 4107 3536 4147 non
3563 4094 3663 4144 vult
3689 4101 3736 4142 ut

2193 4185 2280 4247 sit,
2307 4184 2433 4239 nihil
2460 4183 2600 4238 aliud
2637 4183 2763 4252 agit,
2797 4183 2976 4238 nisiut
3005 4183 3121 4252 ipse
3154 4185 3204 4237 in
3234 4199 3300 4238 eo
3326 4199 3430 4238 non
3459 4185 3542 4237 sit.
3571 4183 3738 4247 mgna

2194 4290 2354 4343 opera
2402 4276 2628 4338 Domini,
2659 4276 2915 4343 exquisita
2968 4274 3021 4327 in
3066 4289 3253 4328 omnes
3294 4275 3579 4340 voluntates
3613 4276 3733 4341 ejus.

2195 4366 2454 4422 Przcvidet
2481 4368 2645 4419 bonos
2679 4367 2902 4431 futuros,
2927 4375 2977 4418 et
3005 4374 3180 4428 creat;
3203 4363 3458 4432 praevidet
3485 4365 3639 4418 malos
3667 4361 3733 4414 lu-

2122 4470 2167 4529 D
2195 4467 2363 4522 turos,
2386 4467 2441 4514 et
2461 4467 2628 4525 creat,
2659 4459 2890 4526 seipsum
2917 4457 2981 4510 ad
3008 4456 3288 4511 fruendum
3317 4457 3554 4526 prmbens
3579 4457 3733 4516 bonis,

2193 4549 2352 4601 multa
2405 4564 2679 4602 munerum
2708 4562 2922 4600 suorum
2955 4548 3213 4616 largiens,
3248 4555 3303 4600 et
3348 4549 3495 4600 malis
3545 4547 3731 4599 miseri-

2191 4639 2423 4692 Corditer
2445 4635 2895 4706 ignoscens,juste
2909 4637 3172 4690 ulciscens
3199 4638 3433 4706 itemque
3462 4637 3730 4689 miseri-cur-

2192 4728 2330 4780 diter
2357 4729 2637 4791 ulciscens,
2659 4727 2798 4795 jusle
2823 4729 3126 4792 ignescens,
3149 4727 3282 4779 nihil
3307 4739 3541 4780 metuens
3561 4725 3624 4778 de
3645 4739 3728 4777 cu-

2188 4821 2430 4887 jusquam
2455 4818 2675 4880 malitia,
2697 4816 2824 4869 nihil
2851 4817 3091 4886 indigens
3111 4818 3178 4870 de
3201 4816 3504 4883 cujusquam
3521 4815 3727 4882 juStitia,

2194 4911 2322 4962 nihil
2371 4910 2471 4962 sibi
2499 4909 2782 4962 consulens
2809 4908 2966 4960 etiam
3011 4908 3078 4961 de
3109 4910 3280 4975 penis
3325 4908 3591 4960 malorum.
3635 4906 3730 4958 Cur

2193 5014 2321 5070 ergo
2368 5011 2474 5052 non
2498 5000 2826 5066 permitteret
2857 4998 3047 5050 tentari
3097 4999 3369 5051 hominem
3390 5035 3404 5061 ,
3432 4997 3516 5050 illa
3565 5003 3725 5049 tenta-

2195 5092 2339 5146 tione
2377 5089 2705 5158 prodeundum
2752 5087 3146 5158 [probandum],
3187 5087 3616 5146 convincendum,
3644 5099 3725 5150 pu-

2189 5182 2440 5236 niendum
2459 5221 2474 5242 .
2501 5193 2620 5235 cum
2639 5179 2863 5248 superba
2885 5179 3311 5247 concupiscentia
3337 5177 3548 5243 propria:
3569 5183 3725 5242 potes-

2189 5275 2312 5326 tatis
2343 5272 2480 5341 quod
2509 5279 2824 5339 conceperat
2844 5279 3075 5338 pareret,
3097 5282 3301 5334 suoque
3332 5266 3435 5318 fetu
3463 5263 3724 5318 confunde-

2189 5371 2355 5426 retur,
2376 5364 2624 5429 justoque
2652 5360 2910 5428 supplicio
2938 5373 2965 5409 a
2989 5357 3250 5423 superbia
3265 5366 3423 5422 atque
3451 5356 3723 5408 iuubediea-

2192 5454 2276 5506 tiaz
2326 5452 2467 5505 lttz-lt)
2514 5458 2755 5517 posteros
2791 5447 3118 5506 deierreret,
3157 5443 3350 5512 qn.bns
3390 5459 3446 5496 i-a
3475 5442 3718 5496 SCl'lbﬂhh

2189 5555 2240 5597 ct
2269 5541 2622 5594 annuntianda
2655 5537 3011 5608 parabantur?
3056 5535 3110 5589 Si
3151 5544 3329 5588 autem
3376 5534 3612 5605 quatritnr
3639 5544 3720 5583 cur

2189 5633 2517 5704 puti-simum
2552 5647 2643 5703 per
2688 5637 2987 5697 serpentem
3017 5626 3260 5681 diabolus
3299 5635 3500 5680 tentare
3528 5621 3716 5692 pennis-
