3886 6224
81 230 190 282 ως
1291 227 1718 285 russaunus.
1759 224 1908 279 CM’.
1957 228 2064 281 xu.
3211 192 3216 196 ’
3244 235 3349 289 eis

81 356 184 396 sus
229 341 347 408 sit,
396 342 504 411 jam
553 341 655 398 loc
704 340 1036 411 signiﬁcandi
1088 340 1254 408 gratia
1305 341 1498 394 factum
1539 354 1682 402 esse,
1716 339 1758 394 A
1792 335 1986 391 liiendo
2016 339 2179 406 igitur
2225 339 2470 404 invidus,
2519 355 2624 395 non
2674 339 2961 395 invidendo
3006 344 3229 413 Quisque
3268 361 3350 401 su-

82 445 263 496 qucm
318 449 426 487 non
473 433 760 486 admoneat
805 432 1077 500 Scriptura
1117 441 1276 486 tanta:
1325 433 1678 498 auctoritatis,
1786 430 1980 498 perbus
2002 438 2102 484 est.
2138 428 2325 484 Merito
2353 430 2561 485 initium
2602 433 2777 487 omnis
2810 435 3014 502 peccati
3046 437 3353 502 superbiam

85 531 272 576 tanta
307 522 601 575 divinitatis
624 521 956 574 documentis
985 535 1148 589 agens
1197 522 1247 574 in
1294 522 1676 589 prophetando,
1785 518 2056 587 Scriptura
2085 518 2325 573 deﬁnivit
2353 521 2567 575 dicens:
2602 521 2810 576 Initium
2836 525 3008 579 omnis
3040 527 3241 596 peccati
3270 543 3360 583 su-

76 615 323 678 quantis
354 612 553 666 ell'ectis
577 610 686 678 jam
721 612 948 664 mundus
987 610 1238 679 impletus
1289 611 1407 663 est?
1435 611 1548 664 Non
1577 628 1682 678 quo
1783 609 1987 677 perbia.
2028 610 2124 663 Cui
2171 610 2479 664 testimonio
2531 627 2634 665 non
2666 612 3099 670 ineonvenicuter
3147 628 3360 687 aptatur

90 705 355 760 diabolus
378 705 573 773 aliquid
597 704 660 756 ad
686 704 1085 759 instructionem
1118 714 1358 758 nostram
1382 703 1684 772 signiﬁcare
1785 701 1944 753 etiam
1975 700 2098 755 illud
2126 703 2265 767 quod
2291 704 2574 771 Apostolus
2601 705 2702 760 ait:
2732 706 2896 761 Radix
2929 710 3162 764 omnium
3191 712 3360 765 malo-

83 797 365 862 voluerit,
399 796 492 850 sed
517 810 636 848 cum
665 795 942 849 accederet
971 796 1035 847 ad
1069 796 1394 858 tentandum,
1427 809 1530 847 non
1565 808 1684 862 pos-
1785 809 1902 847 rum
1933 802 2016 848 est
2058 795 2305 858 avaritia,
2343 796 2386 849 si
2429 791 2703 851 avaritiam
2736 801 3063 867 generalem
3093 803 3360 873 intelliga-

85 899 176 943 set
195 887 312 942 nisi
345 890 653 956 permissus,
674 903 796 939 num
822 903 914 955 per
929 887 1069 940 aliud
1094 896 1269 955 posset
1291 886 1389 939 nisi
1415 900 1506 953 per
1526 900 1679 954 quem
1787 899 1926 951 mus,
1951 899 2052 955 qua
2076 885 2299 955 quisque
2321 888 2520 955 appetit
2547 887 2742 957 aliquid
2766 890 2994 958 amplius
3022 907 3178 959 quam
3200 907 3358 960 opor-

91 981 529 1050 permittebatur
554 979 840 1035 accedere?
861 981 1123 1048 Quidquid
1159 980 1318 1048 igitur
1356 995 1576 1048 serpens
1599 980 1686 1033 ille
1789 984 1865 1032 tet
1893 987 2112 1046 propter
2133 979 2506 1034 excellentiam
2538 994 2711 1044 suam,
2736 989 2791 1034 et
2811 981 3096 1049 quemdam
3129 986 3358 1052 propria:

87 1072 456 1143 signiﬁcavit,
489 1074 535 1126 ei
562 1072 902 1141 providentia:
949 1073 1284 1125 tribuendum
1315 1079 1419 1139 est,
1452 1072 1551 1125 sub
1581 1086 1685 1139 qua
1788 1068 1865 1121 rei
1897 1083 2156 1123 amorem.
2180 1069 2276 1122 Cui
2301 1069 2569 1138 sapienter
2590 1084 2781 1124 nomen
2807 1070 2988 1125 Latina
3021 1074 3192 1140 lingua
3224 1074 3360 1129 indi-

88 1173 145 1218 et
173 1165 305 1232 ipse
337 1163 579 1218 diabolus
609 1178 758 1217 suam
790 1162 1002 1230 quidem
1033 1161 1199 1216 habet
1225 1161 1563 1230 cupiditatem
1594 1175 1688 1214 no~
1789 1156 1898 1222 dit,
1926 1162 2047 1210 cum
2094 1158 2381 1226 appellavit
2423 1159 2710 1228 privatam,
2745 1160 2883 1228 quod
2935 1163 3105 1229 potius
3135 1177 3164 1215 a
3196 1163 3362 1218 detri-

88 1250 286 1314 cenili,
317 1251 621 1304 facultatem
653 1259 828 1302 autem
862 1263 965 1301 non
991 1249 1091 1302 nisi
1119 1265 1234 1318 qua:
1271 1249 1425 1302 datur
1466 1248 1530 1301 ad
1563 1249 1686 1300 sub-
1790 1248 1894 1318 35
1925 1257 2104 1301 mento
2131 1264 2287 1318 quam
2319 1250 2386 1303 ab
2412 1251 2745 1304 incremento
2774 1251 2974 1306 dictum
3001 1255 3197 1306 elucet.
3226 1255 3359 1307 0m-

91 1344 371 1397 rertenda
410 1357 472 1396 ac
505 1341 769 1410 perdenda
799 1355 922 1394 vasa
970 1342 1084 1407 ire,
1107 1345 1170 1394 ad
1201 1340 1527 1395 buuiilianda
1574 1340 1689 1395 sive

94 1433 391 1501 probanda
423 1449 546 1487 vasa
592 1432 993 1488 misericordia).
1044 1434 1237 1486 batura
1269 1433 1442 1500 itaque
1471 1446 1691 1500 serpen-

97 1536 169 1578 ts
223 1525 381 1579 unde
435 1523 506 1577 sit
533 1524 796 1577 novimus.
843 1522 1102 1576 Produxit
1131 1533 1270 1576 terra
1319 1523 1371 1576 in
1404 1523 1566 1577 verba
1600 1521 1690 1575 Dei

101 1616 297 1671 omnia
334 1630 522 1685 pecora
553 1624 605 1668 ct
627 1613 823 1669 bestias
851 1623 903 1667 et
951 1625 1246 1682 serpentes,
1272 1628 1389 1681 qua:
1444 1611 1688 1666 universa

1790 1341 1876 1394 nis
1905 1339 2048 1393 enim
2081 1337 2308 1408 privatio
2338 1340 2522 1395 minuit
2554 1357 2568 1407 ;
2601 1343 2742 1417 unde
2773 1342 2951 1412 itaque
2980 1347 3092 1399 vult
3122 1347 3361 1401 eminere

1791 1427 2037 1499 superbia
2056 1469 2071 1496 ,
2105 1430 2228 1484 inde
2268 1432 2320 1485 in
2350 1433 2622 1501 angustias
2651 1420 3053 1503 egestatemque
3081 1437 3360 1491 contrudi-

1793 1529 1902 1588 tur,
1934 1538 2054 1578 eum
2086 1537 2151 1577 ex
2180 1524 2451 1578 communi
2480 1524 2544 1578 ad
2577 1526 2851 1594 proprium
2881 1525 3142 1582 damnoso
3182 1544 3363 1584 amore

1792 1612 2068 1681 redigitur.
2092 1612 2349 1681 Specialis
2377 1623 2552 1669 autem
2579 1615 2822 1682 avaritia,
2847 1631 2967 1684 qua:
2995 1617 3243 1671 usitatius
3266 1633 3361 1688 ap-

108 1723 236 1760 uea
249 1716 371 1759 tura
398 1706 599 1760 habens
625 1707 675 1758 in
717 1718 775 1759 se
797 1704 1026 1758 animam
1049 1704 1218 1757 vivam
1244 1743 1259 1771 ,
1308 1702 1693 1769 irrationalem,
1726 1704 1772 1764 B
1800 1704 2023 1773 pellatur
2051 1719 2200 1759 amor
2232 1707 2498 1774 peeunim,
2529 1707 2680 1775 cujus
2708 1708 2922 1763 nomine
2954 1711 3240 1779 Apostolus
3267 1727 3362 1780 per

102 1797 384 1851 universe
417 1795 655 1850 rationali
688 1802 952 1849 creatura:
979 1833 994 1859 ,
1025 1796 1134 1849 sive
1166 1795 1318 1848 bonae
1344 1835 1359 1860 ,
1389 1796 1505 1848 sive
1537 1793 1688 1848 make

103 1889 436 1953 vnluatatis,
464 1887 570 1958 legi
605 1888 772 1942 divini
798 1887 1000 1941 ordinis
1022 1887 1230 1941 subdita
1259 1896 1367 1952 est;
1398 1886 1523 1954 quid
1565 1899 1694 1954 ergo

103 1987 335 2042 nitrum,
368 1979 410 2032 si
443 1993 536 2048 per
562 1989 863 2047 serpentem
894 1978 1087 2047 aliquid
1117 1993 1272 2047 agerc
1296 1977 1588 2046 permissus
1611 1983 1693 2029 est

104 2070 403 2137 diabolus,
437 2085 558 2124 cum
588 2070 845 2123 daemonia
879 2067 929 2122 in
983 2069 1400 2138 porcos~intrare
1445 2066 1694 2120 Christus

107 2163 226 2229 ipse
257 2161 602 2230 permiserit?
629 2159 787 2229 Magis
808 2159 876 2214 de
905 2161 1017 2228 ipsa
1047 2167 1233 2213 natura
1260 2157 1453 2212 diaboli
1475 2171 1695 2224 scrupu-

107 2251 283 2307 losius
315 2251 484 2321 quaeri
515 2250 668 2315 solet,
701 2264 856 2320 quam
891 2258 1052 2304 totam
1081 2249 1290 2319 quidem
1319 2247 1579 2311 haeretici,
1614 2245 1694 2299 oi-

109 2341 250 2396 l'ensi
279 2343 525 2396 molestia
554 2342 703 2396 mala:
733 2341 1018 2395 voluntatis
1059 2341 1196 2410 ejus.
1219 2340 1456 2394 alienare
1497 2353 1698 2394 conan-

109 2441 196 2486 tur
224 2450 256 2486 a
281 2443 532 2487 creatura
557 2431 750 2486 summi
782 2440 836 2486 et
864 2432 976 2487 veri
1009 2431 1122 2497 Dei,
1156 2439 1208 2486 et
1231 2431 1455 2484 alterum
1493 2430 1543 2484 ei
1571 2428 1698 2482 dare

120 2525 477 2594 principitttn,
500 2524 646 2595 quod
672 2526 743 2579 sit
771 2534 956 2579 contra
987 2525 1184 2590 Deum;
1215 2538 1320 2578 non
1343 2524 1486 2577 enim
1518 2521 1701 2574 valent

112 2615 422 2684 inte'ligere
469 2628 628 2668 omne
657 2615 796 2684 quod
825 2621 934 2679 est,
971 2615 1024 2668 in
1065 2621 1315 2684 quantum
1349 2614 1523 2682 aliqua
1571 2617 1698 2671 sub-

115 2715 318 2772 stantia
347 2722 449 2779 est,
480 2723 537 2770 et
562 2714 756 2768 bonum
785 2728 925 2779 esse,
952 2723 1007 2768 et
1035 2713 1132 2768 nisi
1163 2714 1230 2767 ab
1254 2713 1342 2768 illo
1369 2728 1498 2768 vero
1532 2715 1639 2770 Deo
1669 2731 1699 2770 a

114 2823 221 2876 quo
251 2820 418 2861 omne
456 2805 652 2861 bonum
694 2814 778 2860 est
816 2820 935 2861 esse
977 2821 1082 2859 non
1117 2819 1312 2873 posse;
1347 2807 1541 2860 malam
1571 2822 1701 2863 vero

120 2901 455 2955 voluntatem
487 2898 785 2954 inordinate
812 2899 1050 2961 moveri.
1084 2899 1220 2953 bona
1251 2893 1508 2953 inferiora
1537 2910 1699 2968 supe-

119 2996 358 3050 rioribus
403 2981 784 3063 prreponendo,
827 3004 986 3061 atque
1018 2992 1087 3045 ita
1117 2991 1312 3046 factum
1362 3007 1480 3046 esse
1507 2999 1565 3046 ut
1608 3006 1697 3045 ra-

1794 1798 2023 1865 speciem
2051 1811 2220 1867 genus
2246 1797 2568 1868 signiﬁcans,
2598 1800 2948 1855 univcrsalem
2969 1803 3240 1856 avaritiam
3272 1820 3364 1857 vo-

1798 1887 1944 1942 lebat
1973 1888 2195 1959 intelligi
2225 1888 2448 1944 dicendo
2476 1907 2488 1943 :
2523 1890 2692 1946 Radix
2718 1893 2952 1947 omnium
2987 1896 3244 1950 malorum
3273 1907 3358 1951 est

1795 1978 2052 2042 avaritia;
2093 1979 2191 2032 hac
2232 1978 2400 2050 [hinc]
2436 1982 2574 2033 enim
2622 1989 2675 2036 et
2722 1982 2968 2037 diabolus
2998 1984 3232 2050 cecidit,
3267 1987 3358 2054 qui

1796 2070 1979 2141 utique
2009 2087 2112 2126 non
2145 2073 2341 2127 amavit
2368 2075 2666 2142 pecuniam,
2695 2075 2789 2131 sed
2831 2078 3097 2146 propriam
3137 2079 3366 2149 petesta~

1799 2169 1927 2215 tem.
1962 2160 2191 2216 Proinde
2220 2177 2503 2230 pervcrsus
2535 2164 2618 2218 sui
2665 2180 2817 2220 amor
2855 2167 3026 2235 privat
3062 2179 3243 2224 sancta
3275 2186 3365 2224 so-

1796 2254 1991 2309 cietate
2024 2255 2289 2324 turgidum
2313 2257 2583 2324 spiritum,
2604 2272 2834 2328 eumque
2862 2271 3098 2316 coarctat
3135 2262 3365 2330 miseria,

1793 2343 1905 2412 jam
1931 2359 2025 2413 per
2046 2343 2379 2414 iniquitatem
2407 2347 2586 2401 satiari
2609 2350 2932 2414 cupientem.
2958 2350 3091 2405 Hinc
3119 2351 3226 2406 alio
3252 2354 3368 2408 loco

1799 2451 1919 2490 cum
1951 2437 2174 2493 dixisset
2198 2455 2211 2490 :
2242 2438 2408 2492 Erunt
2430 2439 2570 2492 enim
2599 2437 2841 2495 homines
2866 2441 3073 2510 seipsos
3098 2453 3363 2509 amantes,

1799 2529 2050 2583 continuo
2077 2529 2303 2597 subjecit
2327 2540 2591 2584 amatores
2623 2532 2882 2600 pecuniae,
2919 2533 2986 2586 ab
3011 2534 3096 2588 illa
3125 2537 3366 2605 generali

1801 2623 2046 2687 avaritia,
2067 2622 2217 2693 cujus
2241 2623 2486 2691 superbia
2516 2633 2672 2692 caput
2691 2632 2792 2688 est,
2823 2624 2888 2679 ad
2921 2625 3055 2681 hanc
3080 2628 3366 2697 specialem

1803 2711 2156 2777 descendens,
2181 2727 2298 2780 qua:
2331 2714 2539 2783 propria
2581 2715 2852 2768 hominum
2883 2723 2990 2770 est.
3020 2717 3200 2787 Neque
3225 2719 3368 2774 enim

1775 2817 1777 2819 ·
1804 2810 1986 2876 essent
2014 2803 2173 2857 etiam
2207 2803 2450 2858 homines
2472 2813 2737 2860 amatores
2768 2807 3028 2876 pecunim,
3071 2810 3171 2863 nisi
3217 2825 3282 2866 eo
3312 2827 3370 2867 se

1804 2886 2054 2962 putarent
2099 2894 2522 2960 cxcellentiores,
2579 2911 2686 2965 quo
2737 2896 2978 2954 ditiores.
3029 2900 3126 2954 Cui
3181 2887 3367 2959 morbo

1804 2984 2072 3038 contraria
2107 2983 2338 3039 charitas
2382 2999 2487 3055 non
2516 2986 2707 3054 quaerit
2736 3001 2853 3056 quze
2895 3002 2989 3042 sua
3031 2997 3173 3052 sunt.
3206 2989 3257 3043 id
3287 3000 3371 3045 est

120 3086 343 3144 tionalis
371 3057 1019 3154 creaturasspiritus,-sua
1065 3091 1327 3152 potestate
1373 3091 1587 3152 pr0pter
1610 3099 1701 3138 ει·
1731 3057 1777 3120 c
1809 3090 1912 3130 non
1955 3077 2152 3145 Privata
2181 3076 2496 3132 excellentia
2530 3078 2768 3143 Ιωιεῐυη
2795 3078 2989 3133 ηιθτίιο
3019 3094 3146 3150 ergo
3181 3089 3236 3135 et
3266 3096 3371 3138 nun

121 3175 434 3232 cellentiam
475 3176 806 3240 delectatus,
838 3182 1157 3230 tumesceret
1206 3175 1449 3243 superbia
1471 3216 1486 3239 ,
1531 3175 1701 3243 prius-

125 3283 282 3337 quam
312 3266 535 3321 caderet
569 3280 599 3320 a
626 3263 953 3320 beatitudine
982 3263 1232 3333 spiritalis
1261 3265 1508 3332 paradisi,
1534 3275 1588 3320 et
1620 3266 1700 3318 iii-

125 3360 362 3414 videntia
391 3357 813 3413 contabesceret.
841 3355 904 3409 ln‘
924 3369 1032 3424 quo
1060 3364 1236 3409 tamen
1267 3355 1463 3408 bonum
1493 3364 1574 3410 est
1604 3356 1702 3408 hnc

126 3450 300 3518 ipsum
347 3449 489 3518 quod
527 3447 675 3513 vivit,
708 3455 762 3501 et
796 3447 1028 3501 viviﬁcat
1057 3460 1272 3515 corpus,
1312 3447 1426 3500 sive
1473 3447 1701 3513 aerium,

127 3542 265 3594 sicut
295 3539 468 3608 ipsius
495 3537 689 3592 diaboli
719 3537 798 3591 vel
826 3536 1126 3590 daemonum
1165 3537 1416 3605 spiritus;
1449 3536 1559 3592 sive
1595 3548 1703 3590 ter-

130 3647 322 3686 renum
343 3671 359 3696 ,
392 3630 531 3683 sicut
559 3627 784 3682 hominis
811 3627 984 3681 anima
1013 3627 1247 3695 cujusvis
1283 3628 1441 3681 etiam
1488 3629 1702 3696 maligni

130 3734 290 3792 atque
324 3719 580 3790 perversi.
613 3718 685 3772 Ita
713 3719 836 3772 dum
868 3720 1055 3772 nolunt
1081 3717 1306 3789 [volunt]
1336 3720 1530 3788 aliquid
1561 3719 1700 3788 quod

137 3817 279 3870 Deus
331 3814 518 3868 fecerit
548 3812 762 3881 propria
802 3811 1083 3865 Voluntate
1121 3825 1360 3878 peccare,
1398 3809 1560 3879 ipsius
1613 3811 1705 3866 Dei

133 3903 503 3958 substantiam
519 3901 708 3956 dicunt
731 3901 901 3969 primo
924 3901 1242 3955 necessitate
1262 3909 1313 3954 et
1338 3909 1457 3970 post
1480 3902 1708 3970 inexpia-

137 3995 313 4050 bi'iter
340 3995 621 4049 voluntate
644 4002 949 4060 corruptam
977 3999 1135 4059 atque
1163 4005 1499 4058 perversam;
1525 3991 1619 4045 sed
1639 3991 1707 4045 de

138 4088 360 4144 istorum
393 4083 796 4140 dementissime
823 4096 1008 4136 errore
1037 4082 1170 4135 alias
1198 4081 1304 4149 jam
1350 4081 1514 4134 multa
1551 4080 1709 4134 dixi-

138 4194 282 4237 mus.
309 4179 366 4234 ln
401 4179 504 4232 hoc
531 4185 705 4231 autem
737 4189 901 4244 opere
927 4173 1271 4242 quaerendum
1301 4181 1385 4226 est
1415 4172 1706 4227 secundum

139 4282 382 4328 sanctam
397 4271 723 4338 Scripturam
739 4266 865 4336 quid
881 4265 946 4319 de
963 4265 1176 4319 diabolo
1188 4263 1472 4318 dicendum
1489 4263 1578 4318 sit.
1597 4265 1709 4317 Pri-

141 4380 226 4418 mo
251 4374 434 4419 utrum
455 4363 524 4415 ab
547 4361 694 4414 initio
717 4359 883 4428 ipsius
907 4356 1109 4420 mundi,
1133 4371 1224 4410 sua
1250 4364 1509 4424 potestate
1533 4355 1706 4408 delec—

143 4463 283 4510 tatus
304 4453 574 4509 abstiterit
597 4450 662 4504 ab
681 4450 770 4503 illa
794 4447 1050 4502 societate
1071 4457 1123 4503 et
1143 4447 1423 4513 charitate,
1447 4462 1547 4516 qua
1568 4447 1706 4500 beati

142 4555 266 4600 sunt
292 4543 470 4613 angeli
513 4542 601 4610 qui
631 4541 875 4594 fruuntur
905 4539 1013 4592 Deo
1033 4580 1046 4602 ,
1075 4553 1140 4590 an
1174 4538 1348 4605 aliquo
1381 4545 1619 4604 tempore
1657 4537 1707 4589 in

145 4646 324 4692 sancto
351 4644 493 4689 φαμι
526 4632 685 4686 fuerit
712 4629 1020 4698 angelorum
1048 4628 1205 4682 etiam
1238 4627 1350 4694 ipse
1379 4626 1578 4694 pariter
1597 4625 1654 4693 ju
1687 4655 1710 4664 -

145 4738 228 4782 tus
256 4736 311 4781 et
342 4726 542 4795 pariter
573 4723 775 4776 beatus.
811 4719 1059 4773 Nonnulli
1086 4719 1224 4772 enim
1254 4718 1436 4769 dicunt
1464 4716 1634 4784 ipsum
1662 4715 1708 4767 ei

147 4818 308 4873 fuisse
335 4831 520 4870 casum
549 4829 576 4865 a
607 4811 856 4882 supernis
884 4811 1127 4872 sedibus,
1160 4809 1300 4878 quod
1334 4807 1586 4862 inviderit
1617 4807 1712 4858 bo-

150 4909 274 4961 niini
303 4907 444 4960 facto
465 4905 528 4958 ad
555 4904 842 4972 imaginem
870 4901 982 4954 Dei.
1011 4901 1172 4954 Porro
1196 4909 1373 4953 autem
1405 4898 1600 4951 invidia
1629 4913 1714 4951 se-

149 5002 322 5067 quitur
351 4997 679 5065 superbiam,
711 5010 814 5046 non
844 4992 1114 5060 przecedit.
1141 4992 1252 5044 Non
1280 4991 1419 5044 enim
1443 5004 1600 5042 causa
1624 5004 1711 5040 su-

151 5088 425 5158 perbiendi
447 5095 532 5141 est
553 5086 752 5140 invidia
775 5081 1138 5154 [invidentia],
1153 5083 1245 5136 sed
1266 5095 1423 5134 causa
1444 5079 1713 5133 invidendi

151 5179 415 5247 superbia.
449 5177 583 5231 Cum
627 5175 786 5244 igitur
816 5173 1060 5242 superbia
1102 5176 1172 5225 sit
1201 5187 1347 5226 amor
1377 5171 1714 5225 excellentia:

153 5272 400 5339 proprire,
416 5268 613 5323 invidia
630 5280 759 5320 vero
772 5266 840 5319 sit
859 5263 1040 5318 odium
1066 5264 1330 5318 felicitatis
1356 5263 1565 5318 aliena).
1587 5261 1711 5328 quid

155 5365 287 5418 unde
328 5375 579 5418 nascatur
623 5361 753 5414 satis
796 5359 847 5413 in
881 5369 1121 5426 promptu
1154 5369 1273 5412 est:
1306 5356 1533 5410 amando
1573 5345 1712 5409 enini

157 5457 368 5525 quisque
390 5454 764 5509 excellentiam
788 5465 961 5515 suam,
986 5451 1066 5503 vel
1091 5450 1301 5518 paribus
1325 5449 1546 5512 invidet,
1571 5449 1710 5517 quod

156 5545 202 5599 ei
223 5552 596 5614 comqueutur;
630 5543 710 5596 vel
743 5541 1098 5603 inferioribus,
1130 5555 1196 5594 ne
1225 5541 1319 5593 sibi
1343 5549 1713 5607 cmequentur;

161 5636 237 5691 vel
263 5632 659 5705 superioribus.
702 5631 842 5699 quod
881 5631 959 5686 eis
1001 5645 1103 5684 non
1145 5639 1471 5698 comquetur.
1515 5630 1714 5700 Super-

1805 3168 2036 3222 inﬁatur.
2070 3168 2136 3224 Hi
2173 3169 2280 3224 duo
2315 3184 2527 3225 amores
2566 3184 2791 3240 quorum
2833 3170 2969 3226 alter
3003 3184 3220 3227 sanctus
3264 3183 3372 3241 est,

1803 3261 1938 3314 alter
1964 3260 2309 3325 immundus;
2339 3263 2475 3318 alter
2501 3261 2739 3329 socialis,
2777 3262 2910 3317 alter
2933 3264 3202 3333 privatus;
3232 3265 3371 3321 alter

1803 3351 2071 3407 communi
2102 3352 2312 3408 utilitati
2340 3354 2628 3409 consulens
2658 3363 2875 3424 propter
2895 3369 3176 3422 supernam
3204 3357 3373 3413 socie-

1806 3455 1990 3510 tatem,
2027 3446 2163 3500 alter
2197 3446 2358 3500 etiam
2399 3460 2512 3500 rem
2570 3460 2906 3501 communem
2953 3447 3005 3502 in
3056 3458 3374 3517 potestatem

1806 3534 2072 3603 propriam
2113 3534 2357 3602 redigens
2407 3545 2626 3609 propter
2679 3546 3012 3604 arrogantem
3052 3537 3374 3593 dominatio-

1807 3641 1961 3684 nem;
2012 3625 2148 3680 alter
2174 3625 2448 3691 subditus;
2477 3626 2613 3680 alter
2639 3625 2864 3680 aemulus
2906 3626 3017 3682 Deo
3043 3645 3058 3693 ;
3089 3630 3226 3682 alter
3255 3640 3393 3685 tran-

1805 3717 2021 3784 quillus,
2047 3717 2183 3770 alter
2209 3715 2573 3780 turbulentus;
2601 3715 2738 3771 alter
2765 3717 3039 3784 paciﬁcus,
3067 3719 3203 3773 alter
3224 3720 3371 3774 sedi-

1810 3811 2008 3873 tiosus;
2031 3809 2164 3862 alter
2185 3809 2463 3862 veritatem
2489 3807 2735 3862 laudibus
2751 3810 3038 3863 errantium
3065 3812 3368 3880 praeferens,

1809 3902 1945 3955 alter
1967 3901 2344 3971 quoquomndo
2367 3900 2538 3955 laudis
2558 3900 2778 3966 avidus;
2804 3903 2939 3955 alter
2959 3903 3216 3969 amicalis,
3239 3905 3375 3958 alter

1811 3991 2054 4056 invidus;
2087 3991 2221 4045 alter
2251 3992 2352 4045 hoc
2383 3991 2565 4045 volens
2599 3992 2842 4059 proximo
2871 3991 3011 4058 quod
3058 3993 3188 4056 sibi.
3241 3995 3376 4048 alter

1811 4083 2074 4150 subjicere
2104 4083 2401 4152 proximum
2426 4083 2558 4148 sibi;
2587 4084 2719 4138 alter
2745 4094 2959 4152 propter
2982 4085 3209 4153 proximi
3237 4086 3378 4140 utili-

1813 4183 1973 4229 tatem
2003 4189 2192 4244 regens
2237 4174 2560 4242 proximum,
2600 4173 2734 4228 alter
2773 4184 2987 4244 propter
3014 4191 3196 4238 suam,
3229 4186 3280 4230 et
3322 4177 3375 4231 hi

1813 4269 1920 4323 duo
1942 4268 2158 4322 ordines
2180 4277 2563 4336 praecesserunt
2595 4267 2644 4321 in
2670 4267 2908 4335 angelis;
2941 4267 3077 4319 alter
3109 4267 3160 4320 in
3194 4267 3370 4332 bonis.

1816 4363 1949 4416 alter
1980 4362 2033 4415 in
2065 4362 2250 4426 malis,
2292 4369 2345 4414 et
2389 4361 2750 4414 distinxerunt
2787 4359 3029 4413 conditas
3078 4360 3130 4413 in
3176 4375 3378 4428 genere

1817 4457 2049 4508 humano
2093 4453 2334 4507 civitates
2368 4452 2518 4517 duas,
2559 4451 2659 4505 sub
2697 4451 2994 4504 admirabili
3025 4461 3080 4505 et
3116 4451 3378 4506 ineffabili

1819 4544 2152 4614 providentia
2180 4543 2271 4598 Dei
2298 4552 2487 4596 cuncta
2511 4558 2627 4610 qua:
2647 4551 2791 4596 creat
2819 4542 3018 4611 [creata
3041 4542 3186 4611 suut|
3209 4542 3380 4594 admi-

1819 4637 2118 4701 tiistrantis,
2181 4639 2403 4689 alteram
2445 4635 2727 4702 justorum,
2774 4632 2996 4684 alteram
3043 4632 3378 4699 iniquarum:

1817 4743 2038 4798 quarum
2067 4730 2224 4780 etiam
2256 4725 2481 4794 quadam
2515 4721 2789 4790 temporali
2820 4720 3200 4775 commixtione
3227 4734 3383 4787 pera-

1821 4823 1960 4890 gitur
1987 4821 2262 4883 szeculum,
2295 4818 2462 4871 donec
2500 4815 2683 4868 ultimo
2711 4813 2911 4881 judicio
2943 4819 3291 4880 separentur:
3325 4820 3383 4866 et

1821 4912 1985 4965 altera
2016 4909 2296 4978 conjuncta
2328 4907 2531 4975 angelis
2562 4905 2746 4968 bonis,
2781 4903 2834 4956 in
2867 4917 3029 4970 regno
3060 4900 3200 4972 [cum
3233 4898 3382 4969 rege]

1817 5018 1914 5058 suo
1961 5005 2122 5055 vitam
2171 5007 2526 5068 consequatur
2568 5007 2844 5059 mternam,
2889 4994 3054 5047 altera
3099 4991 3382 5060 conjuncta

1818 5095 2022 5164 angelis
2051 5093 2220 5157 malis,
2257 5092 2308 5145 in
2334 5092 2508 5159 ignem
2537 5103 2658 5142 cum
2691 5101 2814 5156 rege
2841 5099 2938 5139 suo
2959 5085 3202 5138 mittatur
3229 5091 3385 5137 ster-

1820 5203 1967 5242 num.

2405 5270 2628 5326 CAPUT
2668 5268 2778 5323 XL.

1824 5367 1896 5420 De
1922 5369 2059 5438 ligno
2085 5363 2308 5417 scientiae
2335 5361 2451 5414 boni
2465 5360 2689 5482 (eitlntaii,
2718 5375 2778 5410 ea:
2818 5355 2945 5410 libro
2988 5370 3076 5407 vm
3109 5354 3171 5405 de
3199 5351 3383 5405 Genesi

2431 5447 2460 5482 ο
2551 5440 2768 5481 itteram.

2431 5440 2498 5482 ad
2528 5440 2744 5482 litteram
2755 5468 2768 5480 .

1896 5537 2143 5606 Sequitur
2159 5543 2215 5587 ut
2244 5531 2520 5585 videamus
2532 5528 2752 5596 deligno
2778 5502 3014 5580 scientia:
3034 5521 3385 5591 dignoscendi

1827 5630 2020 5684 bonum
2048 5635 2101 5681 et
2128 5625 2351 5679 malum:
2382 5634 2596 5691 prorsus
2612 5627 2663 5673 et
2695 5618 2794 5672 hoc
2816 5617 3010 5685 lignum
3035 5620 3150 5668 erat
3178 5610 3387 5666 visibile
