3886 6224
511 283 616 338 M3

1537 287 1598 342 Il.
1634 285 1947 342 EUGYI‘PII
1991 284 2282 365 ABBATIS
2322 284 2634 337 AFRICANI

3649 286 3760 339 GH

508 409 562 450 et
581 398 878 464 corporale,
899 397 1032 449 sicut
1060 396 1278 451 arbores
1298 405 1538 454 exterat:
1563 401 1706 470 quod
1729 418 1857 471 ergo
1879 403 2078 470 lignum
2112 407 2154 461 Α
2183 399 2528 466 quando'ibet
2569 411 2890 469 tat-geretur,
2921 418 3088 472 quare
3127 402 3450 470 prohibitum
3494 410 3598 460 est,
3649 403 3756 454 nisi

510 497 784 542 essetnon
816 497 890 540 est
924 488 1291 553 dubitandum,
1323 490 1417 544 sed
1445 505 1541 545 cur
1569 493 1668 547 hoc
1693 485 1885 547 nomen
1924 508 2079 546 acce-

511 583 646 650 perit
690 578 1084 648 requirendum.
1127 581 1253 636 Mihi
1286 595 1460 638 autem
1507 587 1667 637 etiam
1713 597 1871 653 atque
1917 589 2075 640 et'am

509 665 864 720 Consideranti
896 669 999 721 dici
1045 687 1148 722 non
1196 682 1409 740 potest,
1439 683 1695 742 quantum
1746 675 1948 740 placeat
1990 673 2075 726 illa

503 757 799 820 sententia,
835 773 937 811 non
979 759 1142 815 l'nis-e
1186 763 1330 816 illam
1373 765 1617 818 arborem
1660 765 1783 817 cibo
1829 763 2075 830 noxiam;

505 861 678 914 neque
709 850 848 904 enim
882 853 969 921 qni
1000 853 1196 907 iecerat
1223 855 1400 908 omnia
1443 856 1576 908 bona
1607 855 1789 919 valde,
1822 855 1874 907 in
1924 870 2078 924 para-

503 939 622 992 rliso
667 940 958 996 instituerit
1002 944 1198 1012 aliquid
1231 945 1389 1010 mali;
1422 944 1512 1000 sed
1561 947 1755 998 malum
1789 946 1949 1000 fuisse
1981 946 2078 1000 ho-

505 1028 634 1084 mini
669 1036 1144 1098 transgrcssionem
1182 1035 1450 1102 praecepti.
1487 1036 1780 1104 Oportebat
1808 1048 1984 1093 autem
2017 1049 2076 1093 nt

501 1116 685 1182 homo,
717 1122 816 1175 sub
845 1123 1066 1176 Domino
1095 1124 1201 1178 Deo
1229 1128 1452 1193 potitus,
1486 1128 1731 1184 alit-unde
1757 1131 2072 1198 prohibere-

499 1220 604 1272 tur,
637 1223 693 1264 ut
724 1214 770 1266 ei
816 1217 1149 1282 promerendi
1201 1217 1478 1272 Dominum
1527 1236 1680 1274 suum
1722 1223 1891 1279 virtus
1930 1232 2074 1278 esset

503 1298 959 1365 ipsaohedientia,
992 1319 1149 1372 quam
1193 1321 1406 1374 possunt
1449 1310 1729 1363 verissime
1774 1311 1955 1366 dicere
1986 1329 2074 1367 so-

499 1392 604 1444 lam
648 1407 766 1446 es.~e
813 1394 1059 1449 virtutem
1107 1399 1254 1450 omni
1297 1407 1554 1453 creaturae
1601 1403 1846 1457 rationali
1895 1404 2070 1472 agenti

498 1486 596 1539 sub
631 1486 719 1538 Dei
747 1497 1039 1553 potestate:
1073 1489 1407 1559 primumque
1436 1506 1559 1546 e~se
1585 1501 1638 1546 et
1675 1494 1964 1547 maximum
1989 1497 2068 1548 vi-

496 1575 629 1628 tium
663 1576 906 1640 turnoris,
935 1577 997 1630 ad
1026 1580 1229 1632 ruinam
1261 1595 1354 1634 sua
1387 1590 1489 1649 pot.
1512 1592 1648 1636 state
1689 1583 1821 1638 velle
1850 1585 1944 1648 uti,
1977 1599 2072 1639 en-

495 1665 576 1735 jus
630 1669 742 1722 vitii
795 1685 985 1723 nomen
1035 1680 1115 1723 est
1158 1671 1538 1726 inobedientia.
1593 1674 1705 1727 Non
1756 1687 1898 1729 esset
1943 1691 2072 1745 ergo

2179 498 2237 541 ut
2266 489 2432 556 ipsius
2461 507 2552 555 per
2581 506 2638 545 se
2672 494 2863 547 bonum
2893 494 3209 549 obedientia:
3237 503 3290 547 et
3334 493 3502 561 ipsius
3541 491 3754 545 malum

2179 595 2274 648 per
2303 596 2362 634 se
2395 583 2766 637 inohedienlitc
2811 585 3223 638 monstraretur?
3267 584 3498 650 denique
3541 595 3572 633 a
3621 597 3754 644 pee-

2176 680 2332 723 cante
2364 672 2491 724 nihil
2534 672 2674 726 aliud
2718 675 3008 740 appetitum
3039 683 3143 735 est,
3175 675 3273 727 nisi
3325 689 3430 726 non
3481 687 3603 726 esse
3648 674 3753 726 Sub

2178 758 2573 825 dominatione,
2606 765 2813 829 quando
2855 763 2980 817 illud
3025 764 3276 818 amissum
3319 774 3399 818 est
3451 764 3502 816 in
3537 779 3649 833 quo
3680 781 3751 818 ne

2176 852 2509 905 amitteretur
2539 853 2650 907 sola
2682 854 2900 909 deberet
2931 853 3102 922 jussio
3141 854 3464 908 dominantis
3513 855 3748 918 attendi,

2174 955 2292 1008 qu:e
2316 941 2360 994 si
2394 942 2506 996 sola
2538 944 2900 999 attenderetur
2930 945 3053 1012 quid
3093 945 3235 998 aliud
3284 960 3445 1014 quam
3500 945 3591 999 Dei
3646 961 3748 995 vo-

2176 1031 2351 1084 luntas
2381 1035 2776 1088 attentleretur?
2804 1035 2925 1102 quid
2966 1035 3105 1088 aliud
3145 1051 3302 1102 quam
3353 1035 3444 1089 Dei
3494 1036 3746 1088 voluntas

2173 1127 2476 1179 amaretur?
2523 1126 2647 1195 quid
2687 1127 2830 1181 aliud
2876 1142 3033 1194 quam
3087 1127 3176 1181 Dei
3207 1129 3448 1180 voluntas
3494 1127 3746 1181 humanu-

2173 1218 2436 1272 voluntati
2471 1222 2897 1289 pmponeretur?
2924 1220 3175 1273 Dominus
3201 1220 3414 1286 quidem
3445 1236 3541 1272 cur
3564 1220 3586 1286 j
3613 1233 3746 1272 Isse-

2174 1308 2246 1361 rit
2272 1308 2491 1376 viderit,
2523 1309 2822 1364 faciendum
2871 1320 2953 1364 est
2978 1325 3007 1364 a
3035 1311 3301 1364 serviente
3353 1311 3494 1380 quod
3539 1311 3699 1379 jussit
3726 1353 3739 1369 ,

2172 1409 2226 1452 et
2255 1409 2378 1452 tunc
2405 1397 2542 1454 forte
2573 1399 2856 1454 videndum
2894 1410 2977 1455 est
3001 1417 3028 1452 a
3054 1411 3392 1468 promerente
3429 1416 3527 1454 cur
3561 1401 3739 1470 jusse-

2173 1490 2260 1541 rit.
2287 1488 2391 1545 Sed
2422 1497 2598 1544 tamen
2623 1499 2909 1544 utcansam
2935 1491 3186 1560 jussiouis
3218 1491 3372 1560 hujus
3403 1508 3508 1545 non
3536 1494 3739 1546 diutius

2173 1580 2540 1648 requiramus,
2572 1582 2616 1635 si
2650 1582 2762 1636 htrc
2795 1580 2903 1651 ipsa
2934 1598 3122 1653 magna
3161 1593 3245 1638 est
3288 1583 3487 1637 utilitas
3534 1583 3738 1639 homini

2175 1670 2314 1737 quod
2340 1671 2450 1727 Deo
2478 1675 2668 1742 servit,
2702 1673 2940 1742 jubendo
2966 1673 3105 1729 Deus
3137 1676 3263 1730 utile
3311 1678 3434 1730 facit
3479 1678 3734 1744 quidquid

494 1756 635 1811 unde
665 1773 724 1811 se
761 1760 920 1812 homo
945 1760 1223 1813 Dominum
1255 1763 1450 1818 habere
1479 1767 1737 1836 cogitaret
1763 1778 1921 1836 atque
1952 1784 2073 1822 scn-
2108 1761 2153 1820 B
2178 1760 2372 1830 iubere
2403 1764 2655 1829 voluerit,
2687 1764 2761 1837 de
2784 1781 2886 1834 quo
2913 1768 3250 1821 metuendum
3289 1784 3393 1822 non
3425 1776 3507 1822 est
3555 1785 3622 1821 ne
3655 1771 3736 1836 ju-

493 1851 635 1914 tiret,
674 1851 770 1902 nisi
803 1851 850 1902 ei
881 1850 1078 1918 aliquid
1105 1851 1401 1919 jnberetur.
1436 1855 1611 1908 Arbor
1633 1858 1809 1923 itaque
1851 1858 1935 1910 illa
1965 1874 2069 1912 non

491 1947 610 1993 erat
661 1940 817 2004 mala,
870 1941 964 1995 sed
1013 1943 1394 2009 appellataest
1438 1946 1672 1999 scientia:
1723 1947 2068 2017 (lignovcendi

492 2029 690 2082 bonum
720 2039 773 2083 et
800 2031 993 2084 rnalnm
1013 2073 1026 2094 ,
1059 2033 1179 2101 quia
1212 2035 1255 2086 si
1285 2043 1400 2103 post
1429 2035 1839 2102 prohibitionem
1875 2054 1939 2093 ex
1982 2039 2067 2095 illa

495 2118 658 2172 homo
688 2121 889 2185 ederet,
926 2121 978 2174 in
1013 2121 1099 2174 illa
1131 2131 1245 2176 erat
1274 2123 1524 2190 praecepti
1571 2125 1742 2178 futura
1778 2136 2070 2195 transgres-

495 2211 611 2276 sio,
647 2213 700 2266 in
729 2229 829 2279 qua
864 2214 1020 2267 homo
1054 2229 1148 2283 per
1175 2217 1601 2284 experimentum
1639 2233 1809 2286 poma:
1839 2219 2069 2275 disceret

491 2301 615 2368 quid
640 2301 923 2356 interesset
955 2303 1091 2356 inter
1114 2304 1432 2360 obedientize
1461 2306 1657 2361 bonum
1683 2318 1734 2361 et
1761 2310 2068 2366 inobedien-

488 2393 574 2444 tite
604 2393 821 2444 malum.
849 2393 1075 2449 Proinde
1104 2403 1156 2448 et
1185 2395 1283 2449 hoc
1311 2412 1414 2450 non
1442 2398 1492 2451 in
1527 2398 1690 2468 ligura
1711 2399 1746 2454 d
1768 2412 1934 2465 ctum,
1969 2402 2065 2456 sed

488 2493 614 2535 vere
662 2486 927 2551 quoddam
975 2484 1170 2552 lignum
1219 2472 1588 2553 accipiendum
1637 2500 1757 2552 est;
1814 2493 1898 2545 cui
1958 2509 2063 2548 non

489 2577 556 2628 de
588 2574 760 2627 fructu
804 2576 883 2628 vel
927 2590 1086 2642 pomo
1125 2575 1261 2644 quod
1310 2577 1431 2632 inde
1474 2591 1800 2644 nasceretur,
1853 2582 1947 2637 sed
1995 2597 2061 2638 ex

496 2665 608 2732 ipsa
641 2681 699 2719 re
730 2680 918 2718 nomen
951 2666 1250 2732 impositum
1289 2676 1370 2723 est
1407 2683 1526 2738 qua:
1569 2670 1662 2725 illo
1704 2679 1892 2727 contra
1929 2675 2064 2729 veti-

492 2767 602 2810 tum
633 2766 772 2809 tacto
804 2757 974 2811 fuerat
998 2769 1264 2814 secutura.

1077 2933 1302 2989 CAPUT
1343 2934 1476 2991 XLI.

488 3045 612 3100 Item
644 3047 705 3099 de
733 3046 909 3099 eodem
934 3046 1092 3115 ligno,
1121 3063 1185 3100 ea:
1211 3047 1385 3100 eodem
1418 3048 1546 3101 libro
1569 3065 1658 3103 vnt
1684 3051 1749 3106 de
1778 3051 1964 3108 Genesi
1992 3055 2060 3108 ad

1143 3118 1386 3173 litteram.

556 3227 611 3285 Si
641 3230 840 3296 aliquid
875 3231 996 3283 mali
1021 3239 1167 3286 esset
1193 3231 1390 3301 lignum
1424 3230 1577 3301 illud,
1605 3234 1745 3288 unde
1791 3235 2059 3303 prohibuit

488 3317 758 3372 hominem
793 3319 952 3382 Deus,
981 3320 1097 3390 ejus
1118 3321 1288 3390 ipsius
1331 3322 1454 3378 mali
1499 3333 1688 3378 natura
1736 3334 2055 3381 venenatum

487 3409 758 3464 videretur
784 3409 849 3463 ad
879 3420 1126 3467 mortem.
1159 3410 1288 3479 Quia
1323 3428 1448 3468 vero
1478 3413 1617 3484 ligna
1657 3416 1832 3469 omnia
1864 3417 1916 3472 in
1959 3432 2056 3486 pa-

486 3499 663 3553 radiso
693 3501 826 3553 bona
857 3500 1205 3568 plantaverat,
1234 3502 1325 3572 qui
1357 3502 1483 3557 fecit
1504 3505 1682 3558 omnia
1711 3504 1847 3559 bona
1877 3507 2054 3572 valde,

486 3603 586 3643 nec
612 3589 715 3642 ulla
747 3589 816 3641 ibi
843 3599 1028 3643 natura
1057 3591 1178 3643 mali
1211 3599 1347 3656 erat,
1381 3592 1501 3660 quia
1530 3609 1793 3662 nusquam
1825 3604 1906 3649 est
1931 3595 2056 3648 mali

485 3681 590 3731 ulla
638 3692 856 3732 natura:
903 3679 1040 3748 quod
1087 3679 1395 3750 diligentius
1441 3682 1486 3736 si
1531 3685 1783 3737 Dominus
1833 3684 2059 3739 voluerit

486 3771 832 3834 disseremus,
865 3784 984 3823 cum
1011 3770 1081 3824 de
1109 3771 1198 3824 illo
1229 3781 1475 3840 serpente
1497 3774 1676 3829 dicere
1715 3776 2056 3844 coeperimus.

489 3862 572 3914 Ab
601 3877 666 3914 eo
697 3862 838 3930 ligno
861 3864 998 3929 quod
1030 3863 1224 3915 malum
1256 3879 1358 3917 non
1390 3875 1501 3918 erat
1532 3867 1828 3933 prohibitus
1849 3879 1952 3937 est,
1994 3879 2052 3925 ut

488 3954 602 4021 ipsa
631 3968 723 4021 per
749 3967 806 4007 se
837 3953 1089 4022 prazcepti
1119 3957 1455 4008 conservatio
1485 3956 1678 4011 bonum
1712 3959 1786 4012 illi
1816 3968 1979 4031 esset,
2002 3970 2056 4014 et

487 4044 846 4111 transgressio
879 4045 1100 4100 rnalnm.
1131 4045 1237 4097 Nec
1260 4045 1430 4113 potuit
1453 4046 1645 4100 melius
1673 4058 1725 4101 et
1753 4048 2056 4118 diligentius

492 4133 845 4186 demonstrari
880 4131 1283 4202 [commendari]
1313 4119 1567 4202 quantum
1599 4136 1798 4190 malum
1829 4139 1898 4190 sit
1941 4139 2054 4193 sola

486 4222 871 4284 luobedieutia,
924 4237 1043 4275 cum
1084 4223 1205 4276 ideo
1251 4238 1374 4278 reus
1417 4224 1710 4294 iniquitatis
1755 4227 1922 4281 iactus
1971 4236 2056 4283 est

485 4315 671 4378 homo,
713 4315 836 4381 quia
881 4329 996 4368 eam
1030 4329 1140 4367 rem
1187 4317 1354 4383 tetigit
1393 4326 1576 4370 contra
1620 4318 2053 4388 prohibitionem,

483 4421 642 4474 quam
671 4405 712 4458 si
739 4419 841 4457 non
872 4403 1166 4471 prohibitus
1191 4404 1470 4474 tetigisset,
1496 4421 1599 4459 non
1628 4409 1810 4477 utique
1839 4423 2052 4477 peccas-

2176 1852 2302 1906 here
2331 1853 2472 1922 quod
2505 1854 2692 1909 inutile
2733 1868 2814 1909 cst
2846 1857 3029 1924 possit.
3063 1856 3168 1912 Nec
3210 1858 3324 1911 ﬁeri
3360 1870 3528 1924 potest
3559 1869 3614 1911 nt
3647 1876 3737 1910 ro.

2175 1944 2351 1996 lnntas
2383 1946 2592 2012 propria
2623 1960 2725 1999 non
2754 1947 2939 2015 grandi
2971 1949 3135 2002 ru'nm
3163 1949 3400 2016 pondere
3434 1962 3595 2016 super
3638 1951 3730 2000 hn-

2174 2033 2372 2088 mincm
2405 2034 2581 2103 cadat,
2612 2035 2655 2088 si
2683 2051 2798 2089 eam
2830 2036 3082 2090 voluntati
3105 2037 3396 2104 superioris
3426 2039 3729 2091 ernllendo

2172 2135 2472 2192 przeponat.
2507 2126 2618 2181 Hoc
2640 2137 2988 2197 expertus-est
3017 2127 3174 2182 homo
3215 2138 3566 2182 contemnens
3593 2145 3724 2196 pra--

2168 2228 2380 2286 ceptum
2415 2217 2536 2282 Dei,
2575 2228 2628 2272 et
2676 2219 2776 2272 hoc
2804 2219 3164 2287 experimento
3191 2218 3376 2272 didicit
3408 2220 3532 2289 quid
3567 2220 3728 2273 inti-r~

2169 2316 2310 2363 esset
2347 2309 2484 2364 inter
2531 2308 2724 2363 bonum
2769 2318 2822 2365 et
2861 2310 3075 2373 malum,
3123 2310 3566 2364 bonum'scilicet
3609 2314 3729 2364 ote-

2168 2400 2404 2467 dientite,
2438 2403 2633 2456 malum
2653 2412 2823 2457 antem
2847 2402 3236 2468 inobedientite,
3261 2405 3312 2457 id
3340 2416 3420 2458 cst
3447 2403 3726 2473 superbia»,

2168 2491 2540 2554 contumaciae,
2575 2507 2838 2561 pervcrsze
2881 2493 3190 2547 imitationis
3219 2493 3340 2557 Dei,
3371 2504 3426 2548 et
3455 2497 3624 2548 noxia:
3670 2495 3728 2548 li—

2163 2576 2414 2634 bertatis.
2446 2579 2556 2634 Hoc
2585 2591 2760 2636 autem
2793 2585 2841 2634 in
2871 2596 2975 2651 quo
2998 2582 3139 2652 ligno
3167 2583 3410 2637 accidere
3450 2595 3640 2652 potuit,
3662 2599 3725 2638 es

2164 2665 2280 2735 ipsa
2323 2683 2413 2733 re,
2449 2678 2503 2722 ut
2527 2669 2635 2737 jam
2678 2685 2833 2740 supra
2877 2671 3073 2725 dictum
3117 2678 3218 2735 est,
3262 2687 3459 2727 nomen
3501 2675 3725 2742 occepit.

2164 2757 2362 2811 Malum
2391 2759 2530 2813 enim
2559 2761 2657 2814 nisi
2687 2761 3058 2830 experimento
3088 2777 3192 2816 non
3231 2763 3577 2827 sentiremus,
3603 2765 3721 2833 quia

2165 2850 2366 2903 nullum
2406 2861 2553 2905 esset
2593 2841 2659 2905 si
2686 2867 2791 2906 non
2833 2851 3161 2907 fecissemus.
3207 2851 3392 2922 Neque
3434 2854 3575 2907 enim
3622 2854 3721 2909 ulta

2163 2947 2348 2995 natura
2379 2941 2624 3005 maliest,
2649 2942 2741 2997 sed
2765 2944 2980 2998 amissio
3003 2945 3124 2999 boni
3153 2943 3254 2998 hoc
3279 2959 3471 2999 nomen
3497 2947 3720 3016 accepit.

2163 3033 2364 3086 Bonum
2392 3035 2590 3102 quippe
2614 3033 3042 3090 incommutabile
3097 3035 3233 3090 Deus
3271 3044 3375 3100 est,
3435 3037 3594 3090 homo
3635 3051 3720 3090 au-

2085 3135 2129 3196 c
2165 3134 2302 3190 tem,
2340 3136 2595 3195 quantum
2638 3126 2701 3182 ad
2743 3128 2858 3196 ejus
2899 3135 3140 3182 naturam
3181 3127 3233 3181 in
3279 3142 3384 3198 qua
3422 3143 3542 3183 cum
3590 3130 3720 3183 Deus

2159 3215 2396 3270 condidit
2434 3219 2685 3286 pertinet,
2731 3218 2922 3273 bonum
2969 3229 3051 3272 est
3094 3219 3334 3288 quidem,
3392 3219 3483 3274 sed
3524 3219 3722 3274 incom-

2159 3305 2414 3360 mutabile
2453 3320 2556 3360 non
2605 3317 2686 3362 est
2726 3317 2782 3362 ut
2813 3307 2972 3362 Deus.
3009 3307 3256 3363 Mutabile
3305 3318 3484 3363 autem
3528 3309 3716 3362 bonum

2157 3398 2298 3467 quod
2328 3409 2409 3454 est
2440 3409 2557 3468 post
2588 3398 3020 3455 incommutabile
3057 3401 3272 3466 bonum,
3305 3401 3493 3455 melius
3524 3401 3716 3454 bonum

2158 3489 2214 3544 lit
2250 3505 2370 3544 cum
2412 3490 2550 3544 bono
2581 3490 2994 3546 incommutabili
3025 3492 3332 3559 adhmserit,
3379 3494 3597 3547 amando
3630 3503 3714 3546 at-

2156 3596 2262 3651 que
2290 3582 2571 3636 serviendo
2602 3582 2897 3637 rationabili
2939 3593 2991 3637 et
3024 3585 3236 3652 propria
3273 3585 3563 3642 voluntate.
3594 3584 3716 3638 ideo

2157 3671 2351 3739 quippe
2389 3679 2440 3724 et
2485 3669 2598 3724 haec
2637 3665 2783 3740 [hoc]
2829 3669 3002 3740 magni
3046 3671 3165 3726 boni
3216 3679 3402 3725 natura
3450 3680 3550 3736 est,
3593 3672 3713 3739 quia

2156 3763 2264 3832 36
2303 3771 2359 3815 et
2399 3763 2500 3816 hoc
2543 3763 2746 3831 accepit
2775 3772 2829 3815 ut
2871 3763 3034 3830 possit
3059 3761 3254 3816 summi
3284 3761 3409 3816 boui
3446 3761 3713 3815 adherere

2155 3864 2382 3915 naturae,
2431 3853 2573 3914 quod
2614 3854 2657 3906 si
2715 3852 2965 3916 noluerit,
2997 3852 3138 3907 bono
3158 3866 3217 3907 se
3240 3852 3432 3920 privat,
3461 3861 3513 3906 et
3538 3850 3631 3904 hoc
3660 3849 3710 3905 ei

2159 3945 2357 3997 malum
2406 3953 2509 4008 est,
2575 3943 2714 3999 unde
2768 3959 2858 4011 per
2873 3944 3130 4013 justitiam
3159 3943 3255 3999 Dei
3273 3945 3435 3999 etiam
3456 3944 3709 3996 cruciatus

2154 4034 2518 4101 consequitur.
2549 4033 2684 4100 Quid
2700 4035 2842 4088 enim
2891 4045 2995 4087 tam
3027 4034 3287 4103 iniquum,
3317 4047 3474 4103 quam
3500 4042 3555 4086 ut
3580 4032 3708 4086 bene

2154 4127 2222 4177 sit
2277 4123 2538 4179 desertori
2590 4124 2754 4178 boni?
2784 4122 2966 4191 Neque
2996 4124 3104 4178 ullo
3128 4122 3287 4177 modo
3317 4123 3431 4176 ﬁeri
3461 4130 3626 4192 potest
3653 4130 3704 4174 ut

2156 4217 2230 4270 ita
2263 4216 2352 4281 sit,
2376 4215 2471 4270 sed
2503 4216 2784 4283 aliquando
2801 4216 2983 4270 amissi
3005 4215 3294 4284 superioris
3319 4213 3442 4269 boni
3467 4229 3569 4268 non
3591 4225 3702 4266 sen-

2155 4313 2280 4365 titur
2311 4312 2528 4370 malum,
2560 4323 2680 4362 cum
2710 4309 2930 4362 habetur
2949 4306 3088 4377 quod
3117 4315 3354 4360 amatum
3394 4314 3474 4361 est
3501 4302 3701 4358 inferius

2156 4403 2378 4456 bonum.
2412 4401 2516 4455 Sed
2545 4400 2720 4454 divina
2753 4400 2956 4470 justitia
2983 4408 3063 4454 est
3093 4407 3147 4452 ut
3172 4399 3262 4467 qui
3292 4397 3564 4453 voluntate
3581 4395 3700 4448 arni-

488 4506 597 4552 set.
632 4496 760 4548 Nam
792 4495 879 4563 qui
907 4494 1032 4548 dicit
1059 4537 1072 4569 ,
1101 4496 1247 4549 verbi
1284 4499 1449 4565 gratia
1477 4538 1491 4562 ,
1529 4496 1643 4551 Noli
1676 4508 1888 4567 tangere
1915 4498 2051 4554 hanc
2077 4488 2128 4547 D
2152 4493 2220 4545 sit
2272 4491 2412 4560 quod
2468 4505 2647 4544 amare
2691 4490 2892 4557 debuit,
2943 4489 3149 4543 amittat
3195 4502 3319 4543 cum
3366 4487 3547 4542 dolore
3570 4483 3696 4555 Quod

481 4587 728 4648 herbam,
756 4585 799 4638 si
837 4586 969 4638 forte
998 4599 1261 4640 venenosa
1289 4595 1391 4655 est,
1419 4597 1754 4656 mortemque
1799 4603 2048 4656 praenuno

480 4679 624 4730 tiaris
669 4678 712 4728 si
754 4676 1000 4744 tetigerit,
1052 4677 1292 4746 sequitur
1339 4693 1552 4747 quoque
1599 4678 1858 4752 [quidem]
1907 4695 2051 4735 mors

481 4774 905 4832 contemptorem
938 4767 1207 4835 prtecepti,
1249 4767 1342 4822 sed
1373 4768 1534 4822 etiam
1579 4769 1624 4822 si
1668 4784 1826 4824 nemo
1868 4771 2052 4835 prohi-

484 4857 690 4910 buisset
717 4865 872 4921 atque
903 4855 992 4910 ille
1014 4856 1295 4932 tetigisset,
1327 4856 1673 4913 nihilominus
1703 4860 1887 4929 utique
1930 4876 2048 4916 mo-

485 4953 698 5002 reretur
723 4962 734 4996 :
761 4944 849 4998 illa
872 4945 1065 5013 quippe
1087 4960 1173 5000 res
1200 4949 1469 5002 contraria
1491 4949 1648 5004 saluti
1676 4951 1901 5019 vitmque
1929 4952 2051 5021 ejus

489 5057 593 5096 non
622 5049 788 5106 esset,
820 5039 933 5092 sive
954 5038 1076 5093 inde
1101 5048 1390 5105 vetaretur,
1432 5042 1546 5097 sive
1589 5057 1694 5096 non
1736 5051 2046 5098 vetaretur:

483 5133 611 5186 item
635 5145 756 5185 cum
785 5130 1011 5198 quisque
1039 5129 1285 5198 prohibet
1314 5146 1434 5187 eam
1463 5148 1576 5188 rem
1605 5133 1770 5202 tangi,
1800 5148 1917 5202 qua:
1946 5149 2050 5188 non

482 5220 696 5289 quidem
724 5219 980 5287 tangenti,
1003 5219 1094 5274 sed
1120 5218 1192 5273 illi
1215 5222 1302 5290 qui
1324 5223 1592 5290 prohibuit
1613 5225 1852 5288 obesset,
1882 5227 2047 5292 velut,

484 5316 528 5366 ai
557 5311 835 5382 quisquam
869 5310 919 5364 in
949 5309 1180 5363 alienam
1224 5313 1501 5378 pecuniam
1547 5313 1783 5368 misisset
1831 5330 2044 5368 manum

484 5402 784 5470 prohibitus
812 5401 879 5454 ab
905 5414 970 5456 eo
1000 5399 1151 5466 cujus
1190 5408 1306 5455 erat
1336 5401 1421 5454 illa
1454 5401 1698 5470 pecunia,
1735 5405 1856 5459 ideo
1905 5415 2049 5460 esset

485 5493 756 5558 prohibito
807 5502 1102 5562 peccaturo,
1144 5493 1270 5562 quia
1317 5493 1615 5562 prohibenti
1669 5507 1877 5566 poterat
1929 5513 2047 5553 esse

483 5582 819 5636 damnosum.
851 5582 981 5636 Cum
1013 5598 1142 5637 vero
1175 5583 1299 5637 illud
1336 5585 1567 5652 tangitur
1606 5587 1742 5655 quod
1789 5602 1886 5642 nec
1930 5597 2048 5641 tan-

486 5672 632 5738 genti
657 5673 888 5740 obesset,
919 5678 963 5728 si
994 5691 1098 5729 non
1121 5676 1497 5745 prohiberetur
1525 5692 1591 5732 ne
1619 5679 1863 5748 cuiquam
1890 5680 2061 5750 alteri,

2155 4584 2383 4643 amavit,
2435 4580 2558 4634 dum
2611 4588 2914 4634 naturarum
2962 4588 3173 4632 creator
3217 4575 3415 4639 ubique
3459 4575 3694 4629 laudetur.

2156 4672 2344 4728 Adhuc
2374 4672 2516 4724 enim
2544 4681 2621 4724 eSt
2639 4670 2856 4735 bonum,
2875 4668 3014 4737 quod
3047 4668 3192 4722 dolet
3215 4668 3471 4721 amissum
3497 4668 3692 4725 bonurn,

2161 4779 2282 4818 nam
2315 4764 2415 4817 nisi
2463 4761 2674 4830 aliquod
2707 4763 2899 4817 bonum
2931 4761 3276 4815 remansisset
3295 4760 3348 4813 in
3373 4769 3569 4822 natura,
3589 4757 3691 4809 aulo

2155 4856 2237 4910 lus
2268 4855 2388 4909 boni
2417 4853 2596 4908 am'ssi
2632 4852 2783 4906 dolor
2809 4860 2949 4906 esset
2980 4852 3030 4905 in
3065 4865 3239 4919 paena.
3269 4849 3368 4904 Cui
3399 4860 3564 4904 autem
3585 4847 3691 4900 sine

2156 4950 2277 5002 mali
2300 4948 2666 5017 esperimenlo
2687 4947 2856 5018 placet
2877 4945 3089 5010 bonum,
3117 4945 3168 5000 id
3198 4955 3282 5000 est
3311 4943 3412 5017 [ut]
3438 4955 3688 5008 antequam

2158 5042 2279 5096 boni
2334 5041 2674 5095 amissionem
2724 5039 2934 5102 sentiat,
2986 5038 3147 5107 eligat
3178 5045 3364 5090 tenere
3393 5051 3457 5088 ne
3482 5032 3683 5090 amittat,

2156 5147 2311 5199 supra
2345 5128 2544 5201 [super]
2572 5142 2755 5182 omnes
2781 5126 3019 5181 homines
3063 5126 3428 5194 przedicandus
3452 5133 3547 5179 est.
3588 5120 3682 5175 Sed

2151 5221 2253 5275 hoc
2304 5221 2404 5274 nisi
2450 5219 2720 5288 cujusdam
2766 5217 3048 5287 singularis
3101 5215 3274 5270 laudis
3308 5225 3466 5279 esset,
3496 5228 3586 5267 non
3613 5211 3682 5264 illi

2152 5327 2314 5380 puero
2358 5311 2674 5364 tribueretur
2716 5311 2801 5377 qui
2845 5322 2911 5362 ex
2951 5321 3146 5374 genere
3189 5305 3349 5360 lsrael
3389 5304 3547 5358 lactus
3573 5303 3681 5354 Em-

2151 5402 2357 5456 manuel
2390 5400 2660 5454 nobiscum
2711 5399 2882 5462 Deus,
2928 5395 3293 5449 reconciliavit
3331 5409 3425 5448 nos
3460 5393 3557 5445 Deo
3593 5390 3678 5441 ho-

2151 5491 2350 5544 minum
2377 5497 2432 5542 et
2460 5487 2556 5541 Dei
2588 5486 2745 5539 homo
2774 5484 3061 5547 mediator;
3091 5481 3321 5536 Verbum
3351 5481 3480 5550 apud
3512 5479 3676 5537 Deum,

2149 5575 2274 5636 caro
2317 5590 2488 5633 autem
2541 5577 2677 5646 apud
2710 5590 2826 5641 nos;
2875 5575 3106 5629 Verbum
3133 5588 3261 5628 caro
3284 5574 3418 5628 inter
3441 5573 3582 5626 Deum
3630 5579 3677 5620 ct

2152 5687 2266 5726 nos.
2306 5672 2376 5723 De
2404 5671 2496 5722 illo
2523 5669 2713 5736 quippe
2743 5667 2997 5737 prooheta
3025 5664 3153 5721 dicit
3183 5655 3196 5720 ὲ
3235 5666 3529 5734 Priusquam
3556 5660 3674 5715 sciat
