3886 6224
91 235 192 289 645

1241 225 1670 284 TllESAURUS.
1693 229 1864 293 Δ(ιλιι.
1909 204 2070 288 xLu.

3230 238 3329 295 668

88 363 216 420 μισ-ι’
258 350 457 405 bonum
497 356 592 402 aut
643 345 864 409 malum,
918 350 1223 398 contemnet
1274 343 1557 411 malitiam,
1609 357 1664 400 ut
1695 350 1741 407 Λ
1769 361 1892 402 cum
1915 349 2108 402 dicitur
2138 357 2436 420 peccatum,
2464 351 2552 407 vel
2582 350 2804 421 malum,
2855 360 3104 420 tanquam
3135 351 3345 421 signum

88 449 243 512 eligat
297 445 516 497 bonum.
565 437 847 506 Quomodo
874 439 1014 507 quod
1048 438 1219 492 nescit
1242 448 1332 491 aut
1360 439 1663 493 cantemnit

85 544 173 588 aut
216 534 403 603 eligit,
455 531 557 586 uisi
611 531 733 599 quia
785 527 899 583 hac
937 530 1044 583 duo
1072 528 1333 592 sciuntur,
1367 529 1525 582 aliter
1570 545 1666 597 per

87 630 418 700 prudentiam
470 627 615 688 boni,
647 627 801 681 aliter
826 640 927 694 per
957 624 1343 694 experientiam
1376 623 1535 677 mali?
1563 624 1663 678 l‘er

91 720 416 789 prudentiain
464 718 586 772 boni
633 717 828 772 malum
880 717 1073 780 scitur,
1131 715 1231 768 etsi
1263 729 1372 769 non
1411 713 1659 769 sentitur.

88 813 321 866 Tenetur
349 809 492 864 enim
535 809 734 864 bonum
784 821 851 861 ne
903 805 1195 860 amissione
1244 805 1362 873 ejus
1406 805 1665 860 sentiatur

89 900 306 954 malum.
353 901 482 955 Item
527 914 572 968 pi
595 914 621 952 r
649 897 1033 967 experientiam
1069 896 1194 949 mali
1241 897 1410 950 scitur
1441 897 1661 962 bonum,

85 994 335 1061 quoniam
384 991 511 1062 quid
554 992 793 1044 amiserit
847 989 1033 1054 sentit,
1067 988 1150 1042 cui
1183 988 1252 1043 de
1295 988 1436 1043 bono
1462 989 1665 1042 amisso

92 1087 227 1139 male
255 1084 436 1138 fuerit.
470 1069 781 1151 Priusquam
815 1081 977 1134 sciret
1006 1094 1135 1148 ergo
1178 1094 1310 1144 puer
1329 1078 1662 1148 experientia

94 1177 206 1246 [per
253 1172 663 1243 experientiam]
710 1179 800 1224 ant
821 1173 1016 1224 bonum
1043 1184 1150 1237 quo
1170 1177 1400 1232 careret,
1433 1180 1524 1221 aut
1552 1185 1666 1222 ma-

95 1269 200 1319 lum
228 1265 369 1335 quod
390 1264 518 1318 boni
541 1263 826 1316 amissione
847 1260 1094 1325 sentiret,
1118 1260 1442 1328 contempsit
1468 1261 1665 1314 malum

95 1365 148 1409 ut
170 1355 396 1424 eligeret
417 1353 639 1417 bonum,
653 1349 704 1406 id
717 1358 797 1406 est
814 1349 982 1404 noluit
997 1349 1244 1403 amittere
1255 1348 1397 1419 quod
1417 1349 1664 1417 habebnt,

93 1462 184 1500 nec
199 1445 398 1499 sentire
411 1442 540 1518 [Εά.
556 1441 705 1507 Ben.,
722 1457 786 1494 ne
797 1437 1044 1510 sentiret]
1060 1439 1352 1493 amittendo
1365 1439 1504 1510 quod
1520 1441 1672 1493 amit-

95 1547 157 1590 te:
174 1552 204 1592 e
247 1552 354 1590 non
379 1534 574 1590 debeat
592 1528 884 1606 [debebat].
907 1531 1192 1600 Singulare
1210 1532 1514 1601 exemplum
1537 1533 1668 1588 ohe-

95 1634 329 1698 dientize,
349 1630 642 1702 quippequi
662 1645 764 1684 non
788 1629 936 1684 venit
958 1629 1130 1682 facere
1152 1627 1477 1683 voluntatem
1491 1644 1666 1695 suam,

1768 440 1888 508 ejus
1919 441 2241 510 intelligeret
2281 441 2424 511 quod
2459 454 2637 499 mente
2665 445 3014 500 discerneret.
3062 445 3171 500 Nos
3200 446 3341 501 enim

1767 531 2039 598 quomodo
2067 531 2412 599 intelligimus
2441 547 2562 586 cum
2586 533 2783 589 dicitur
2816 539 3160 602 resurrectio,
3189 553 3346 606 quam

1768 637 2039 690 nunquam
2067 624 2276 691 experti
2300 623 2527 676 sumus?
2553 622 2738 678 Nonne
2760 627 2880 692 quia
2925 627 3188 682 sentimus
3216 629 3344 699 quid

1766 713 1837 766 sit
1885 715 2087 777 vivere,
2136 713 2254 783 ejus
2304 713 2380 768 rei
2412 698 2776 783 privationem
2811 731 3067 771 vocamus
3090 698 3343 784 mortem,

1770 804 1912 858 unde
1954 805 2157 859 reditus
2185 805 2252 858 ad
2284 805 2334 858 id
2362 805 2502 875 quod
2545 809 2806 862 sentimus
2841 850 2859 877 ,
2893 811 3346 866 resurrectionem

1768 893 2133 965 appellamus,
2177 907 2230 951 et
2271 898 2315 952 si
2362 913 2469 968 quo
2513 899 2620 952 alio
2661 900 2880 954 nomine
2932 901 2984 954 in
3031 917 3345 971 quacunque

1771 990 1946 1058 lingua
1971 990 2027 1048 id
2059 991 2233 1060 ipsum
2266 992 2599 1060 appellatur?
2626 992 2784 1046 Menti
2819 993 2999 1063 utique
3026 992 3234 1064 signum
3266 996 3346 1050 in-

1767 1084 2012 1134 sinuatur
2043 1083 2093 1134 in
2124 1096 2256 1136 voce
2288 1078 2616 1151 loquentium
2638 1124 2652 1145 ,
2684 1099 2792 1152 quo
2820 1093 3046 1140 sonante
3093 1096 3352 1155 agnosi-at

1769 1172 1909 1242 quod
1956 1175 2119 1228 etiam
2161 1174 2279 1230 sine
2316 1176 2470 1244 signo
2515 1177 2819 1249 cogitaret:
2878 1179 3069 1232 mirum
3095 1191 3179 1236 est
3205 1182 3350 1235 enim

1768 1266 2216 1335 quemadmodum
2248 1275 2424 1322 rerum
2468 1264 2601 1338 quas
2622 1267 2783 1323 habet
2811 1270 3151 1326 amissionem
3182 1276 3346 1328 etiam

1769 1357 2047 1427 inexperta
2096 1371 2283 1413 natura
2323 1359 2556 1426 devitet;
2615 1361 2735 1430 quis
2774 1361 2914 1416 enim
2946 1378 3141 1433 pecora
3167 1365 3351 1422 docuit

1769 1449 2144 1504 devitationem
2170 1451 2378 1517 mortis,
2400 1450 2499 1505 nisi
2524 1467 2718 1507 sensus
2741 1452 2897 1507 vitze?
2918 1454 3048 1521 Quis
3071 1456 3349 1525 parvulum

1772 1555 1996 1608 puerum
2018 1541 2389 1596 adhaerescere
2416 1543 2594 1611 bajnlo
2628 1559 2727 1598 suo
2755 1544 2799 1599 si
2825 1560 2946 1600 eum
2976 1546 3133 1601 fuerit
3153 1562 3218 1602 ex
3241 1551 3351 1603 alto

1765 1632 1947 1702 jacere
1998 1636 2230 1689 minatus
2274 1635 2634 1707 [minitatus]?
2673 1637 2830 1704 Quod
2859 1654 2923 1693 ex
2955 1642 3186 1709 quodam
3218 1651 3355 1696 tem-

108 1723 193 1777 sed
210 1701 536 1776 voluntatem
559 1719 674 1788 ejus
695 1732 724 1773 a
745 1734 850 1788 quo
871 1719 1068 1772 missus
1089 1726 1189 1782 est,
1207 1733 1310 1772 non
1328 1718 1467 1772 sicut
1483 1719 1670 1787 illequi
1705 1701 1746 1761 Β
1770 1701 1908 1793 pure
1941 1725 2148 1795 incipit.
2172 1701 2475 1783 sed-tamen
2501 1701 2788 1800 antequam
2822 1701 3021 1800 aliquid
3051 1733 3353 1802 lmjusmodi

104 1818 260 1886 elegit
291 1816 465 1869 facere
493 1813 822 1868 voluntatem
843 1826 1014 1876 suam,
1039 1826 1144 1864 non
1169 1810 1286 1881 ejus
1307 1827 1334 1863 a
1366 1826 1472 1882 quo
1500 1810 1668 1866 factus

99 1918 196 1963 eat.
225 1907 414 1962 Hei-ito
441 1907 579 1961 sicut
608 1919 704 1974 per
729 1903 885 1959 unius
916 1901 1330 1957 inobedientiam
1363 1909 1670 1972 peccatores

99 1998 366 2054 censtituti
410 2006 536 2052 sunt
578 1995 754 2059 mulli,
796 1995 864 2048 ita
913 2001 967 2049 et
1009 2007 1102 2062 per
1128 1993 1284 2047 unius
1314 1993 1668 2048 obedientiam

99 2089 218 2158 justi
245 2087 648 2142 constituuntur
677 2085 851 2139 multi.
883 2084 1015 2152 Quia
1045 2085 1183 2138 sicut
1203 2084 1256 2138 in
1291 2084 1456 2138 Adam
1484 2099 1670 2140 omnes

105 2184 420 2245 moriuntur,
468 2183 548 2235 sic
590 2187 646 2250 et
689 2180 741 2233 in
769 2177 982 2234 Christo
1018 2193 1205 2232 omnes
1235 2177 1666 2233 viviﬁcabuntur.

105 2273 316 2326 Frustra
367 2282 544 2326 autem
597 2269 831 2324 nonnulli
859 2278 1015 2324 acute
1060 2269 1235 2323 obtuSi
1266 2277 1412 2334 sunt,
1442 2282 1563 2323 cum
1587 2283 1670 2322 re-

101 2363 316 2429 quirnnt
364 2359 632 2429 quomodo
677 2359 908 2427 potuerit
951 2358 1204 2427 appellari
1246 2358 1443 2428 lignum
1481 2358 1670 2428 digno-

103 2452 312 2506 srentim
361 2451 482 2505 boni
519 2459 572 2505 et
618 2450 763 2514 mali,
814 2459 1097 2515 antequam
1131 2449 1181 2502 in
1212 2463 1277 2502 eo
1309 2459 1670 2516 transgressus

105 2550 241 2595 esset
298 2541 454 2595 homo
505 2550 847 2608 przcceptum,
900 2548 1058 2608 atque
1087 2538 1200 2606 ipsa
1230 2538 1556 2607 experientia
1585 2540 1669 2593 di-

103 2641 380 2698 gnoscreet
426 2629 552 2699 quid
582 2631 864 2685 interesset
910 2630 1048 2683 inter
1076 2630 1273 2685 bonum
1307 2630 1446 2699 quod
1493 2631 1672 2684 amisit

105 2732 154 2776 et
181 2722 373 2776 malum
412 2721 554 2791 quod
599 2722 831 2792 admisit.
878 2721 1099 2790 Lignum
1139 2723 1282 2776 enim
1332 2722 1435 2784 tale
1475 2732 1668 2777 nomen

106 2814 322 2880 accepit,
348 2821 403 2866 ut
431 2827 498 2866 eo
520 2811 808 2865 secundum
839 2812 1251 2879 prohibitionem
1282 2827 1386 2864 non
1409 2822 1548 2865 tacto
1577 2826 1667 2866 ca-

109 2894 481 2978 vereinrqnod
511 2917 574 2956 eo
597 2911 779 2955 contra
814 2902 1224 2970 prohibitionem
1258 2911 1402 2956 tacto
1443 2906 1670 2957 sentire-

109 3005 207 3049 tur.
251 2995 434 3064 Neque
471 2994 611 3049 enim
653 2996 776 3064 quia
807 2995 925 3049 inde
952 3003 1134 3048 contra
1167 3007 1488 3065 praeceptum
1521 3011 1670 3050 man-

107 3086 447 3151 ducaveruet,
504 3087 622 3141 ideo
670 3086 862 3141 factum
909 3097 990 3141 est
1039 3085 1169 3154 illud
1225 3089 1424 3154 lignum
1483 3088 1667 3157 digno-
1697 3073 1742 3135 C

111 3180 322 3232 scentis:
364 3178 487 3232 booi
520 3186 575 3232 et
598 3178 744 3241 mali,
786 3177 879 3231 sed
917 3178 1097 3246 utique
1124 3177 1329 3231 etiamsi
1359 3179 1670 3233 obedientes

108 3279 280 3324 εδει-ιιι
306 3278 359 3323 et
389 3267 521 3322 nihil
554 3266 675 3323 inde
701 3277 886 3322 contra
936 3277 1256 3335 prmceptum
1299 3278 1664 3338 usurpassent,

110 3360 156 3413 id
207 3368 351 3413 recte
398 3370 679 3414 vocaretur
724 3359 862 3428 quod
905 3357 974 3411 ibi
1012 3360 1092 3413 eis
1131 3360 1395 3414 accideret
1426 3362 1468 3415 si
1513 3376 1668 3415 usur-

111 3461 350 3519 passent;
379 3449 828 3519 quemadmodum
858 3451 900 3502 si
934 3460 1216 3504 vocaretur
1245 3451 1405 3504 arbor
1425 3452 1672 3505 saturita-

111 3543 193 3607 tis,
221 3541 359 3611 quod
392 3540 515 3594 inde
547 3550 765 3607 possent
798 3539 1040 3594 homines
1065 3541 1293 3593 saturari
1317 3583 1331 3606 ,
1357 3542 1594 3610 nunquid
1627 3544 1671 3596 si

111 3647 260 3685 nemo
280 3633 615 3701 accessisset,
635 3631 753 3684 ideo
777 3646 965 3685 nomen
991 3631 1120 3684 illud
1144 3634 1669 3702 essetiucongrnum.

112 3725 548 3796 quandoquidem,
577 3739 695 3777 cum
723 3723 1038 3777 accederent
1057 3733 1112 3777 et
1133 3735 1521 3790 saturaremur,
1547 3736 1672 3779 tunc

115 3818 395 3882 probarent
441 3818 658 3885 quando
711 3815 808 3869 hoc
855 3815 1037 3889 [quam
1069 3813 1205 3885 hwc]
1230 3827 1372 3871 recte
1398 3817 1560 3871 arbor
1584 3819 1671 3871 illa

113 3914 426 3966 vocaretur?
459 3911 522 3963 Et
550 3910 838 3979 quomodo,
875 3910 1140 3978 inquiunt,
1173 3910 1493 3978 intelligeret
1517 3911 1674 3964 homo

111 4003 241 4069 quod
271 4004 319 4056 ei
352 4001 626 4056 dicebatur
657 4001 849 4066 lignum
881 3999 1263 4068 dignosccnlia:
1294 4000 1626 4055 bonietniali
1656 4043 1671 4063 ,

111 4095 315 4162 quando
343 4095 510 4162 ipsum
539 4094 734 4146 malum
763 4093 888 4160 quid
937 4102 1078 4145 esset
1105 4091 1323 4144 omnino
1370 4094 1674 4146 nesciebat?

116 4189 215 4238 lloc
260 4188 348 4256 qui
401 4187 612 4254 sapiunt
643 4198 825 4252 parum
872 4182 1149 4236 attendunt
1178 4184 1622 4252 quemadmodum
1646 4202 1672 4236 a

113 4277 382 4330 contrariis
414 4276 550 4329 notis
579 4277 656 4329 sic
687 4275 940 4342 pleraque
973 4274 1336 4344 intelligantur
1386 4277 1585 4343 ignota,
1621 4285 1678 4329 nt

112 4372 260 4424 etiam
313 4372 467 4424 verba
511 4384 686 4422 rerum
717 4383 834 4437 qua:
879 4382 984 4420 non
1015 4379 1141 4420 sunt
1171 4382 1292 4420 cum
1325 4368 1374 4420 in
1410 4368 1676 4434 loquendo

116 4460 514 4531 interponuntur
539 4460 715 4512 nullus
740 4459 933 4526 caligct
957 4458 1171 4511 auditor
1196 4458 1320 4526 (hoc
1348 4460 1487 4510 enim
1521 4459 1660 4526 quod
1698 4447 1743 4504 D

114 4554 319 4606 omnino
349 4566 452 4606 non
479 4560 580 4613 est,
611 4550 740 4603 nihil
777 4552 1049 4616 vocatur),
1078 4557 1132 4602 ct
1161 4548 1253 4600 lias
1283 4549 1413 4600 duas
1443 4548 1670 4618 syllabas

114 4658 260 4697 nemo
307 4657 408 4696 non
458 4641 705 4709 intelligit
757 4640 842 4708 qni
901 4640 1085 4693 Latine
1143 4638 1289 4692 audit
1335 4647 1390 4692 et
1440 4639 1672 4707 loquitur

114 4738 270 4805 (unde
299 4737 398 4791 υἱθί
423 4751 538 4789 cum
563 4749 748 4789 sensus
787 4734 1020 4788 intuetur
1051 4731 1102 4788 id
1133 4733 1273 4802 quod
1317 4743 1429 4796 est,
1473 4743 1524 4788 et
1558 4733 1672 4802 ejus

115 4836 399 4904 prlvatione
425 4834 550 4904 quid
582 4835 740 4888 etiam
774 4849 876 4886 non
908 4835 975 4886 sit
1000 4831 1262 4901 agnoscit)
1287 4873 1301 4895 ,
1332 4832 1409 4884 sic
1435 4843 1485 4884 et
1519 4832 1676 4884 inane

115 4945 225 4983 eum
253 4929 464 4992 dicitur,
495 4926 747 4980 intuendo
773 4925 1013 4993 corporis
1061 4924 1465 4992 plenitudinem,
1496 4925 1671 4991 priva-

116 5024 248 5076 tione
273 5021 389 5090 ejus
414 5030 662 5087 tanquam
685 5017 956 5070 contraria
991 5017 1118 5083 quid
1150 5016 1356 5069 dicatur
1382 5016 1537 5068 inane
1589 5015 1670 5068 in-

115 5113 427 5179 telligimus,
484 5111 620 5163 sicut
671 5106 919 5161 audiendi
972 5119 1132 5160 sensu
1164 5147 1179 5166 ,
1231 5121 1333 5158 non
1384 5105 1552 5157 solum
1604 5107 1670 5157 de

116 5203 320 5256 vocibus
343 5243 358 5267 ,
391 5215 569 5254 verum
612 5200 768 5252 etiam
794 5197 862 5251 de
892 5197 1107 5252 silentio
1131 5189 1447 5265 judicamns.
1481 5196 1567 5250 S-c
1605 5211 1668 5249 ex

117 5295 212 5346 vita
257 5310 373 5362 quae
423 5293 592 5346 inerat
634 5290 832 5343 homini
889 5300 1067 5357 posset
1106 5288 1221 5357 ejus
1244 5303 1432 5341 cavere
1463 5300 1670 5340 contru-

119 5385 263 5448 rium,
299 5385 346 5437 id
380 5394 461 5438 est
486 5386 603 5435 vita:
628 5381 997 5449 privationem,
1029 5393 1148 5446 quze
1180 5392 1323 5431 mars
1350 5387 1586 5440 vocatur,
1621 5386 1674 5429 et

120 5475 269 5540 ipsam
293 5489 507 5528 causam
530 5487 628 5541 qua
651 5471 897 5540 perderet
919 5469 1059 5538 quod
1089 5468 1321 5531 amabat,
1343 5465 1394 5520 id
1416 5474 1496 5521 est.
1517 5467 1676 5536 quod-

122 5568 232 5619 lihet
262 5565 454 5619 factum
483 5579 634 5616 suum
667 5577 770 5628 quo
802 5561 951 5615 ﬁeret
981 5569 1037 5614 ut
1059 5559 1324 5613 amitteret
1349 5560 1534 5624 vitam,
1557 5560 1672 5628 qni-

124 5658 330 5712 buslihet
361 5655 579 5727 syllabis
606 5653 985 5724 appellaretur,
1013 5649 1460 5720 quemadmodum
1490 5648 1672 5705 Latine

1771 1824 2025 1882 expertus
2074 1818 2163 1871 sit.
2208 1816 2298 1872 Sic
2347 1833 2475 1889 ergo
2513 1819 2618 1874 illis
2656 1820 2844 1890 primis
2883 1821 3186 1878 hominibus
3235 1835 3341 1880 tam

1775 1909 1880 1962 vita
1914 1919 2030 1965 erat
2051 1910 2242 1976 dulcis,
2267 1927 2427 1981 quam
2462 1912 2700 1982 profecto
2728 1914 2975 1977 amittere
3021 1916 3349 1984 devitabani,

1773 2000 1933 2071 idque
1979 2003 2150 2072 ipsum
2192 2003 2600 2073 quibuscunque
2647 2005 2818 2060 modis
2849 2007 2931 2060 vel
2962 2007 3109 2062 sonis
3149 2011 3265 2078 sign
3293 2011 3347 2062 ti-

1773 2101 1982 2147 cantem
2008 2093 2174 2147 Deum
2207 2093 2506 2162 intelligere
2527 2105 2790 2165 poterant.
2827 2097 2935 2152 Nec
2953 2098 3109 2153 aliter
3132 2101 3210 2154 eis
3235 2115 3350 2170 pos-

1773 2194 1855 2240 set
1879 2185 2192 2255 persuaderi
2216 2188 2631 2255 peccatum,nisi
2658 2193 2807 2259 prius
2830 2192 3238 2258 persuaderetur
3257 2210 3354 2248 eos

1772 2294 1840 2333 ex
1885 2279 1978 2334 illo
2026 2279 2168 2334 facto
2223 2296 2328 2335 non
2357 2297 2479 2336 esse
2511 2285 2799 2338 morituros
2825 2300 2839 2336 :
2866 2283 2916 2338 id
2937 2293 3018 2339 est
3050 2285 3181 2341 illud
3209 2288 3352 2357 quod

1777 2367 2043 2424 habebant
2063 2379 2116 2424 et
2135 2385 2195 2426 se
2218 2371 2412 2424 habere
2433 2371 2738 2441 gaudebant
2758 2389 2861 2428 non
2883 2375 3355 2433 amissurosllnde

1773 2473 1873 2512 suo
1911 2460 2030 2513 loco
2075 2459 2398 2529 loquendum
2444 2469 2548 2517 est.
2581 2462 2874 2519 Advertant
2904 2466 3111 2536 itaque,
3139 2469 3184 2522 si
3213 2485 3300 2538 qui
3323 2485 3351 2525 s

1776 2560 1958 2604 movet
1993 2552 2263 2620 quomodo
2308 2553 2574 2620 potuerint
2602 2553 2902 2623 intelligere
2934 2555 3216 2626 inexperta
3257 2576 3353 2613 nu-

1775 2641 2070 2696 minantem
2119 2642 2201 2696 vel
2257 2642 2547 2696 minantem
2581 2643 2768 2708 Deum,
2792 2655 2846 2698 et
2871 2645 3081 2700 videant
3111 2663 3208 2701 nos
3233 2663 3353 2702 om-

1777 2735 1920 2787 nitnn
1953 2733 2350 2804 inexpertorum
2383 2736 2616 2799 nomina,
2662 2751 2765 2790 non
2810 2736 2909 2789 nisi
2955 2751 3019 2809 ex
3063 2740 3352 2795 contrariis

1773 2843 1890 2894 qua:
1913 2828 2021 2896 jam
2053 2829 2314 2893 novimus,
2343 2829 2387 2882 si
2417 2830 2770 2897 privatinnnm
2800 2841 2944 2895 sunt,
2989 2842 3076 2886 aut
3099 2849 3162 2886 ex
3193 2835 3346 2888 simi-

1777 2921 1939 2987 llius,
1972 2921 2016 2974 si
2046 2921 2492 2990 spreierumsunt
2514 2962 2528 2986 ,
2559 2923 2675 2978 sine
2701 2923 2813 2977 ullo
2840 2936 2972 2978 aestu
3001 2924 3352 2980 dubitationis

1775 3026 2086 3080 agnoscere.

2345 3176 2570 3232 CAPUT
2618 3175 2775 3230 XLII.

1776 3288 1854 3342 De
1881 3288 2115 3354 bipertito
2146 3304 2294 3356 opere
2321 3289 2655 3356 providentia:
2683 3287 2799 3351 Dei,
2830 3301 2875 3343 et
2903 3292 2954 3343 in
2993 3292 3104 3358 ipso
3157 3292 3355 3348 homine

1844 3360 2017 3431 eadem
2071 3360 2270 3431 gemina
2321 3359 2482 3431 diuini
2525 3361 2889 3413 moderaminis
2937 3363 3258 3431 operatione,
3288 3381 3351 3419 ea:

1846 3430 1974 3482 libro
2007 3426 2098 3481 vni
2121 3434 2182 3481 de
2203 3426 2387 3481 Genesi
2415 3429 2482 3479 ad
2511 3430 2750 3482 litteram.

1848 3539 1979 3593 llinc
2026 3539 2136 3606 jam
2185 3540 2234 3590 in
2282 3537 2455 3606 ipsum
2512 3540 2768 3593 mundum
2824 3540 2967 3594 velut
2990 3542 3041 3595 in
3069 3544 3352 3611 quamdam

1777 3644 2022 3701 magnam
2053 3622 2307 3683 arborem
2357 3643 2536 3684 rerum
2584 3631 2771 3684 oculus
2795 3632 3132 3701 cogitationis
3157 3636 3354 3689 attolli-

1778 3733 1882 3782 tur,
1915 3722 2149 3791 atquein
2177 3721 2290 3789 ipso
2312 3735 2522 3789 quoque
2550 3723 2760 3788 Semina
2788 3723 3029 3789 operatio
3063 3724 3352 3780 Providen-

1777 3815 1863 3868 tia:
1895 3813 2154 3881 reperitur
2183 3828 2199 3865 :
2232 3813 2421 3882 partim
2463 3811 2738 3878 naturalis,
2794 3813 2982 3880 paztim
3022 3815 3345 3870 voluntaria.

1777 3907 2045 3962 Naturalis
2092 3905 2306 3975 quidem
2350 3918 2443 3973 per
2487 3903 2749 3957 occultam
2797 3904 2887 3957 Dei
2937 3906 3353 3962 administratio-

1780 4012 1919 4061 nem,
1969 4010 2070 4065 qua
2126 3994 2284 4047 etiam
2319 3993 2474 4061 lignis
2505 4002 2555 4047 et
2588 3991 2767 4046 herbis
2811 3993 2898 4045 dat
2932 3993 3347 4058 incrementum;

1779 4089 2076 4141 voluntaria
2123 4099 2251 4140 vero
2306 4099 2400 4152 per
2430 4083 2738 4152 angelorum
2786 4097 2948 4151 Opera
2970 4093 3024 4138 et
3054 4082 3348 4141 hominum.

1780 4181 2086 4236 Secundum
2118 4178 2259 4231 illam
2283 4176 2507 4244 primam
2540 4173 2778 4228 cmlestia
2801 4176 3047 4241 superius
3087 4175 3350 4243 ordinari,

1781 4268 2105 4336 interiusque
2148 4265 2422 4319 terrestria
2476 4263 2758 4316 luminaria
2813 4263 3096 4331 sideraque
3128 4265 3348 4333 fulgere,

1781 4362 1886 4418 diei
1945 4358 2223 4427 noctisque
2266 4358 2412 4410 vices
2448 4355 2657 4424 agitari,
2681 4356 2828 4423 aquis
2859 4366 3053 4410 terram
3079 4357 3348 4413 fundatam

1771 4455 1989 4515 interlui
2041 4464 2202 4522 atque
2247 4450 2544 4514 circumlui,
2575 4465 2755 4504 aerem
2807 4452 2962 4506 latius
3011 4454 3347 4520 superlundi,

1772 4551 1987 4605 arbusta
2043 4554 2097 4600 et
2151 4543 2401 4597 animalia
2444 4541 2647 4609 concipi
2688 4548 2740 4595 et
2799 4542 2966 4604 nasci,
3000 4551 3051 4596 et
3078 4556 3346 4609 crescere,

1773 4651 2077 4699 senescere,
2101 4633 2368 4696 occidere,
2402 4640 2456 4685 et
2486 4630 2741 4700 quidquid
2774 4631 2916 4684 aliud
2967 4632 3019 4686 in
3067 4633 3224 4687 rebus
3269 4634 3348 4689 in-

1777 4735 1973 4789 teriore
2021 4729 2354 4797 naturalique
2397 4735 2543 4779 motu
2584 4727 2807 4794 geritur.
2855 4725 2908 4779 ln
2941 4725 3038 4780 hac
3068 4737 3243 4781 autem
3271 4730 3348 4781 at-

1778 4836 1886 4878 tera
1909 4825 2058 4892 signa
2091 4822 2227 4881 dari.
2254 4818 2456 4879 doceri,
2489 4824 2543 4871 et
2568 4816 2699 4871 disci
2733 4816 2979 4887 [dlSt‘Cl'C]
2998 4858 3011 4880 ,
3037 4832 3191 4886 agros
3219 4821 3342 4885 coli,

1773 4917 2059 4970 societates
2076 4909 2466 4972 administrari,
2490 4917 2631 4961 artes
2663 4921 2914 4960 exercere
2944 4906 3246 4979 [exerceri],
3294 4921 3348 4964 et

1773 5021 2000 5075 quaeque
2029 5004 2132 5057 alia
2156 5003 2268 5055 sive
2290 5002 2342 5053 in
2374 5013 2604 5064 superna
2645 4999 2901 5051 societate
2939 5008 3185 5068 aguntur,
3235 5002 3348 5055 sive

1774 5099 1823 5152 in
1859 5099 1958 5151 hac
1986 5105 2191 5150 terrena
2222 5102 2379 5160 atque
2412 5089 2643 5154 mortali,
2677 5091 2746 5143 ita
2792 5098 2851 5142 ut
2903 5089 3057 5144 bonis
3101 5093 3342 5147 consula-

1773 5198 1879 5250 tur,
1902 5196 1955 5240 et
1980 5202 2072 5255 per
2098 5185 2396 5238 nescientes
2425 5182 2614 5245 malos,
2645 5181 2804 5249 inque
2832 5181 2946 5248 ipso
2970 5181 3180 5236 homine
3201 5197 3346 5237 eam-

1775 5283 1893 5333 dem
1925 5277 2188 5345 gemiuam
2223 5272 2573 5326 Providentia:
2604 5273 2784 5338 vigere
2813 5272 3103 5340 potentiam
3130 5293 3138 5325 :
3173 5275 3346 5344 primo

1774 5387 1898 5440 erga
1928 5383 2119 5438 corpus
2149 5367 2252 5437 37
2280 5366 2596 5428 naturalem,
2621 5364 2825 5418 scilicet
2855 5377 2921 5418 eo
2949 5375 3093 5419 motu
3124 5380 3231 5435 quo
3261 5367 3341 5432 lit,

1779 5480 1881 5532 quo
1911 5464 2134 5527 crescit,
2166 5475 2268 5528 qna
2301 5459 2563 5522 senescit;
2596 5458 2948 5511 voluntariam
2980 5474 3106 5513 vero
3135 5473 3237 5527 qua
3268 5459 3342 5513 illi

1777 5556 1840 5607 ad
1889 5555 2105 5616 vietum,
2158 5559 2519 5619 tegumentum
2551 5547 2985 5614 curationemqne
3025 5547 3340 5602 con~ulitnr.

1776 5646 2031 5700 Similiter
2062 5658 2184 5712 erga
2212 5644 2443 5696 animam
2475 5641 2789 5696 naturaliter
2818 5641 2991 5709 agitur
3021 5651 3075 5694 ut
3107 5644 3263 5705 vivat,
3288 5650 3344 5694 ut
