3886 6224
540 215 635 270 till

1567 212 1624 267 D.
1664 212 1979 266 liUCYf‘f‘lI
2019 212 2307 268 ABEATIS
2342 215 2657 271 AFRICANI

3707 230 3810 284 ΓΗ

534 327 766 382 sentiat:
810 325 1106 380 voluntarie
1152 338 1276 378 vero
1325 330 1383 374 ut
1427 322 1614 387 discat,
1673 334 1732 377 ut
1786 325 2104 378 consentiat.
2139 330 2183 383 Α
2217 336 2426 393 tempus
2448 339 2501 382 et
2525 331 2698 383 locum
2726 341 2900 387 movet
2925 349 3142 402 corpus,
3173 337 3283 405 ipsc
3317 347 3523 390 tantum
3554 355 3652 406 per
3678 351 3814 393 ιειιε-

537 423 686 476 Sicut
710 431 883 474 autem
909 423 958 470 in
985 419 1173 469 arbore
1201 415 1250 466 id
1276 416 1386 481 agit
1410 414 1730 482 agricultura
1788 413 2106 479 forinsecus,

543 523 601 566 nt
626 513 754 569 illud
787 509 1022 577 proﬁciat
1049 507 1189 575 quod
1219 505 1420 573 geritur
1451 506 1792 571 intrinsecus,
1819 508 1896 561 sic
1934 507 1984 560 in
2018 508 2106 559 hu-

540 602 682 653 tnine
702 588 990 650 secundum
1024 608 1215 663 corpus
1247 595 1296 649 ei
1326 593 1468 663 quod
1511 595 1828 648 intrinsecus
1856 595 1966 664 agit
2019 609 2112 648 na-

540 697 656 740 tura
702 684 887 746 servit,
943 686 1278 737 extrinsecus
1329 683 1616 738 medicina.
1653 683 1888 748 Itemque
1917 698 2113 737 secun-

538 778 662 829 dum
694 776 925 828 animam
958 784 1011 827 ut
1041 760 1227 827 natura
1262 772 1590 829 beatificetur
1617 772 1957 837 intrinsecus,
1989 774 2117 828 doc-

541 867 680 918 trina
714 864 1045 918 ministratur
1075 865 1428 918 extrinseeus.
1459 863 1606 929 Quod
1628 872 1804 916 autem
1843 863 1908 915 ad
1955 864 2116 917 arbo-

540 973 651 1010 rem
683 957 895 1011 colendi
925 955 1264 1026 negligentia,
1302 956 1398 1007 hoc
1432 955 1496 1007 ad
1529 968 1720 1022 cmpus
1751 955 1997 1009 medendi
2039 955 2118 1008 in-
2162 987 2165 990 -

539 1051 709 1113 curia,
746 1051 846 1103 hoc
871 1050 936 1104 ad
959 1051 1188 1103 animam
1237 1048 1473 1102 discendi
1505 1048 1730 1117 segnitia
1758 1065 1770 1100 :
1801 1059 1856 1103 et
1887 1051 2026 1118 quod
2051 1051 2118 1104 ad

543 1141 793 1194 arborum
825 1142 1016 1194 humor
1037 1139 1256 1205 inutilis,
1293 1139 1391 1193 hoc
1419 1140 1483 1193 ad
1513 1154 1705 1209 corpus
1736 1141 1906 1194 victus
1927 1123 2118 1196 exitia-

545 1233 692 1300 bilis,
727 1234 826 1286 hoc
849 1232 912 1285 ad
952 1233 1180 1286 animam
1209 1232 1485 1298 persuasio
1523 1232 1837 1300 iniquitatis.
1865 1233 2121 1288 Deusita-

549 1339 655 1392 que
680 1338 838 1391 super
863 1324 1036 1376 omnia
1060 1322 1149 1390 qui
1175 1321 1416 1376 condidit
1442 1322 1640 1382 omnia.
1674 1333 1730 1377 et
1759 1325 1891 1392 regit
1918 1328 2117 1392 omnia,

547 1430 733 1470 omnes
754 1423 969 1468 naturas
992 1414 1162 1468 bonus
1186 1411 1398 1486 [bonas]
1423 1422 1589 1478 creat,
1616 1429 1802 1468 omnes
1824 1414 2122 1471 voluntates

545 1510 715 1579 justus
744 1508 972 1562 ordinat.
1023 1506 1160 1574 Quid
1186 1521 1313 1575 ergo
1343 1506 1598 1561 abhorret
1622 1522 1652 1561 a
1687 1522 1834 1572 vero,
1868 1508 1910 1561 si
1933 1509 2120 1563 creda-

547 1617 665 1658 mus
686 1602 953 1658 hominem
988 1601 1060 1656 ita
1088 1603 1141 1655 in
1171 1601 1417 1671 paradiso
1445 1602 1816 1676 constitutum,
1850 1612 1906 1655 ut
1933 1617 2121 1670 opera-

2219 433 2317 486 pus
2352 431 2528 474 motus
2559 423 2807 477 conditus
2855 427 3094 494 spiritus,
3130 430 3198 481 ita
3246 445 3342 496 per
3373 443 3586 494 tempus
3635 449 3815 486 movet

2214 507 2488 561 conditum
2529 511 2772 578 spiritum
2824 512 2938 578 ipse
2986 531 3082 568 nec
3117 533 3206 582 per
3237 527 3450 583 tempus
3479 535 3581 575 nec
3613 537 3715 586 per
3742 523 3814 574 In-

2220 611 2548 652 cummotus
2593 603 2838 655 conititur
2892 606 3153 670 spiritus:
3203 609 3296 662 sed
3330 609 3551 676 spiritus
3595 622 3813 665 creatus

2220 697 2399 741 movet
2445 692 2683 757 seipsum
2717 707 2810 758 per
2851 701 3086 760 tempus,
3133 707 3181 750 et
3235 714 3330 765 per
3379 709 3590 767 tempus
3635 703 3704 753 ad
3751 702 3800 753 lo

2223 794 2343 833 cum
2372 795 2568 860 corpus
2594 798 2607 834 :
2637 784 2857 850 spiritus
2885 795 3060 838 autent
3094 801 3304 841 creator
3336 802 3516 845 movet
3546 795 3810 860 seip-um,

2229 866 2343 921 sine
2370 876 2610 936 tempore
2646 887 2708 926 ac
2751 875 2888 940 loco,
2920 886 3093 930 movet
3124 879 3398 932 conditum
3441 882 3690 949 spiritum
3723 897 3812 946 ter

2231 969 2442 1026 tempus
2471 963 2588 1016 sine
2645 965 2784 1030 loco,
2817 979 2994 1021 movet
3042 984 3234 1036 corpus
3285 988 3378 1037 per
3409 983 3620 1041 tempus
3649 988 3703 1028 et
3736 979 3805 1028 l-t-

2227 1065 2374 1106 cum.
2421 1052 2680 1118 Quocirca
2728 1057 2969 1126 quisquis
3013 1060 3312 1129 intelligere
3355 1074 3576 1118 conatur
3628 1083 3806 1134 queru-

2223 1142 2508 1196 admodum
2565 1153 2796 1200 mternus
2845 1164 2968 1203 vere
3013 1159 3067 1203 et
3106 1167 3228 1204 vere
3285 1154 3606 1209 immortalis
3652 1161 3804 1223 atque

2227 1230 2681 1289 incommutabilis
2712 1238 2848 1290 Deus
2879 1240 2991 1307 ipse
3020 1280 3034 1306 ,
3069 1257 3167 1296 nec
3215 1258 3309 1311 per
3354 1243 3531 1297 locum
3564 1261 3667 1299 nec
3721 1263 3805 1314 per

2235 1332 2446 1392 tempus
2500 1337 2718 1392 motus,
2772 1340 2983 1384 moveat
3035 1334 3402 1403 temporaliter
3452 1346 3507 1390 et
3568 1338 3806 1390 localiter

2227 1426 2528 1471 creaturam
2558 1433 2734 1484 suam,
2780 1437 2883 1474 non
2935 1437 3057 1476 eum
3089 1433 3214 1491 pulo
3242 1436 3402 1492 posse
3438 1431 3675 1495 assequi,
3708 1430 3804 1481 nisi

2230 1509 2378 1576 prius
2405 1510 2731 1564 intellexerit
2758 1514 3204 1581 quemadmodum
3229 1517 3432 1580 anima,
3461 1518 3558 1572 hoc
3586 1528 3673 1574 est
3702 1521 3806 1579 Spi-

2235 1600 2372 1652 ritus
2395 1610 2629 1664 creatus,
2657 1617 2761 1656 non
2793 1619 2887 1672 per
2909 1604 3105 1670 locum,
3129 1607 3221 1660 scd
3245 1615 3450 1662 tantum
3482 1625 3573 1677 per
3602 1621 3805 1678 tempus

545 1701 696 1748 retur
739 1692 1115 1761 agriculturam
1139 1729 1158 1756 ,
1188 1705 1292 1743 non
1340 1689 1519 1744 labore
1545 1691 1750 1754 servili,
1774 1691 1866 1745 sed
1895 1691 2117 1745 honesta
2153 1689 2199 1746 Β
2227 1699 2405 1744 motus
2430 1729 2445 1755 ,
2468 1702 2682 1746 moveat
2709 1708 2904 1763 corpus
2934 1710 3026 1764 per
3051 1706 3255 1766 tempus
3277 1707 3331 1753 et
3360 1699 3555 1754 locum.
3578 1701 3637 1756 Si
3667 1717 3709 1755 e.
3738 1703 3798 1754 im

547 1784 711 1838 animi
764 1782 1067 1851 voluptate?
1122 1781 1258 1848 Quid
1285 1781 1430 1834 enim
1462 1781 1563 1836 hoc
1595 1797 1754 1851 opere
1782 1782 2120 1838 innocentius

549 1873 896 1926 vacantibus?
919 1880 923 1883 '
949 1879 1007 1926 et
1051 1869 1178 1939 quid
1235 1869 1444 1938 plenius
1471 1885 1656 1939 magna
1689 1871 2122 1927 consideratione

554 1962 936 2032 prudentibus?

1128 2094 1353 2151 CAPUT
1394 2093 1578 2151 XLIII.

551 2188 701 2253 Quod
729 2197 916 2240 artemo
936 2187 1207 2255 υἷι-ἔπεισε,
1228 2203 1318 2240 nec
1347 2186 1767 2256 protemporr'bus
1788 2201 1882 2256 nec
1899 2202 1990 2252 pro
2014 2187 2124 2239 loco

616 2269 775 2382 7301a,
808 2269 1000 2312 moveat
1042 2269 1350 2322 creaturam,
1381 2273 1445 2311 ea:
1483 2257 1614 2310 libro
1657 2273 1723 2309 vn
1755 2257 1816 2309 de
1845 2255 2025 2310 Genesi
2054 2258 2124 2309 ad

640 2340 865 2382 atteram.

640 2340 865 2382 atteram.

617 2443 852 2498 Dicimus
881 2432 1062 2511 itaque
1090 2455 1358 2496 summum
1390 2442 1589 2510 ipsum,
1622 2457 1829 2505 verum,
1871 2459 2035 2497 unum
2061 2457 2125 2498 ac

550 2533 721 2587 solum
751 2533 917 2585 Deum
950 2532 1159 2585 Patrem
1192 2541 1245 2586 et
1275 2531 1465 2586 Filium
1497 2541 1548 2585 et
1575 2531 1828 2599 Spiritum
1855 2543 2122 2599 sanctum,

553 2623 603 2677 td
633 2631 716 2678 est
737 2623 902 2676 Deum
934 2623 1269 2689 Verbumque
1292 2621 1430 2691 ejus,
1457 2632 1510 2677 et
1540 2622 1816 2691 utriusque
1837 2625 2124 2693 Spiritum,

554 2712 865 2766 Trinitatem
898 2711 1086 2781 ipsam,
1132 2727 1306 2782 neque
1348 2711 1650 2777 confusam,
1683 2729 1855 2782 neque
1903 2729 2124 2785 separa-

553 2814 658 2858 tam
679 2845 694 2868 ,
726 2805 890 2858 Deum
916 2804 1003 2874 qui
1035 2804 1182 2858 solus
1209 2805 1372 2860 habet
1398 2805 1846 2861 immortalitatem
1878 2818 1929 2861 et
1953 2810 2126 2863 lucem

553 2897 758 2951 habitat
799 2896 1241 2965 inaccessibilem,
1272 2911 1428 2966 quem
1462 2913 1620 2954 nemo
1658 2898 1928 2953 hominum
1973 2899 2122 2967 vidit,

553 3002 649 3041 nec
679 2988 861 3042 videre
890 2995 1083 3054 potest,
1109 3001 1209 3042 nec
1237 2987 1473 3042 locorum
1498 2989 1579 3043 vel
1606 2988 1775 3055 finito,
1801 2989 1884 3043 vel
1915 2989 2124 3043 infinito

552 3080 724 3148 spatio
750 3078 1034 3142 cantineri,
1060 3093 1159 3132 nec
1191 3087 1490 3148 temporum
1524 3079 1604 3134 vel
1632 3081 1780 3134 linito
1804 3081 1884 3135 vel
1916 3081 2124 3134 infinito

554 3170 822 3225 volumine
853 3169 1042 3223 variari
1069 3186 1082 3235 ;
1109 3183 1283 3236 neque
1314 3169 1456 3223 enim
1487 3179 1569 3223 est
1601 3171 1650 3223 in
1679 3171 1797 3236 eius
1830 3171 2126 3225 substantia

553 3275 655 3330 qua
685 3260 824 3313 Deus
845 3268 946 3324 est,
978 3257 1118 3326 quod
1148 3258 1359 3312 brevius
1382 3259 1452 3312 sit
1481 3258 1532 3312 in
1562 3271 1710 3328 parte
1733 3274 1888 3327 quam
1915 3262 1965 3313 in
1993 3271 2126 3328 toto,

554 3353 690 3407 sicut
718 3365 935 3405 necesse
962 3358 1046 3404 est
1069 3365 1190 3425 esse
1220 3349 1309 3421 [de
1341 3349 1447 3421 his]
1477 3367 1598 3422 quae
1627 3352 1677 3407 in
1710 3354 1839 3408 lucis
1865 3364 2007 3419 sum,
2039 3364 2129 3410 aut

555 3445 654 3496 fuit
677 3444 728 3497 in
761 3443 877 3511 ejus
894 3443 1183 3495 substantia
1209 3443 1346 3511 quod
1367 3443 1475 3511 jam
1501 3457 1604 3498 non
1627 3453 1730 3510 est,
1756 3445 1837 3499 vel
1865 3447 1967 3501 erit
1988 3447 2130 3516 quod

555 3534 787 3587 nondum
833 3541 934 3593 est,
964 3533 1094 3586 sicut
1127 3532 1178 3585 iu
1209 3534 1409 3586 naturis
1448 3548 1565 3599 qua:
1609 3545 1832 3604 possunt
1871 3539 2124 3603 temporis

557 3621 959 3677 mutabilitatem
990 3621 1116 3688 pali.
1151 3621 1247 3676 llic
1273 3637 1401 3690 ergo
1446 3623 1863 3680 incommutabili
1915 3630 2129 3682 aeterni-

557 3721 665 3766 tate
695 3712 900 3774 vivens,
947 3711 1148 3765 creavit
1176 3712 1352 3766 omnia
1387 3711 1563 3768 simul.
1601 3714 1676 3767 Ex
1717 3717 1909 3782 quibus
1949 3734 2131 3773 curre-

558 3812 675 3856 rent
707 3810 968 3867 tempora,
1000 3811 1054 3854 et
1089 3800 1439 3869 implerentur
1466 3803 1601 3866 loca,
1648 3806 2132 3875 Iemporalibusque

557 3905 613 3950 et
654 3895 911 3948 localibus
956 3908 1132 3946 rerum
1178 3892 1412 3946 motibus
1459 3895 1648 3946 saecula
1683 3897 2041 3951 volvercntur.
2077 3900 2128 3952 In

556 3988 751 4058 quibus
781 3985 937 4040 rebus
966 3983 1205 4051 quaedam
1237 3981 1520 4050 spiritalia,
1554 3986 1796 4051 quaedam
1833 3988 2128 4056 corporalia

557 4078 817 4141 condidit,
865 4075 1100 4128 formans
1145 4073 1447 4138 materiam,
1494 4090 1649 4143 quam
1684 4092 1780 4130 nec
1824 4078 1980 4138 alius,
2034 4094 2131 4133 nec

558 4171 719 4233 ullus,
757 4167 847 4221 sed
879 4167 1095 4220 omnino
1129 4166 1241 4233 ipse
1273 4164 1551 4218 informem
1584 4181 1645 4220 ac
1687 4167 2014 4223 formabiletn
2048 4170 2131 4222 in-

559 4262 752 4329 stituit,
779 4267 837 4310 ut
864 4255 1232 4311 formationem
1255 4268 1400 4307 suam
1427 4271 1530 4308 non
1553 4267 1791 4324 tempore
1813 4259 2131 4328 sed-orig‘ne

558 4351 899 4426 praeveniret.
931 4345 1238 4415 Spiritalem
1297 4355 1473 4426 autem
1516 4357 1811 4399 creaturam
1863 4351 2126 4415 corporali

560 4440 870 4512 prmposuit,
908 4435 1047 4505 quod
1081 4433 1332 4501 spiritalis
1362 4435 1727 4488 tantummodo
1770 4451 1864 4502 per
1891 4446 2126 4504 tempora

561 4533 752 4588 mutari
782 4537 979 4598 posset,
1009 4524 1303 4594 corporalis
1326 4532 1500 4576 autem
1528 4541 1620 4591 per
1647 4538 1881 4593 tempora
1909 4538 1962 4580 et
1991 4530 2124 4582 loca.

564 4621 802 4689 Exempli
832 4619 970 4674 enim
1013 4616 1198 4686 gratia,
1233 4630 1330 4683 per
1372 4624 1581 4682 tempus
1625 4629 1865 4669 movetur
1893 4620 2124 4682 animus,

563 4720 648 4774 vel
692 4714 1082 4772 reminiscendo
1129 4710 1269 4780 quod
1321 4709 1520 4764 oblitus
1567 4723 1699 4772 erat,
1751 4713 1830 4764 vel
1877 4713 2130 4764 discendo

562 4812 702 4885 quod
737 4809 1026 4871 nesciebat,
1053 4805 1137 4858 vel
1184 4803 1416 4858 volendo
1443 4803 1581 4871 quod
1616 4803 1823 4856 nolebat
1852 4821 1865 4856 :
1895 4819 1986 4872 per
2016 4807 2129 4858 loca

562 4919 740 4961 autem
784 4911 996 4966 corpus.
1028 4899 1107 4949 vel
1138 4911 1165 4948 a
1197 4905 1334 4950 terra
1368 4896 1418 4948 in
1466 4895 1683 4957 malum,
1731 4895 1811 4947 vel
1852 4911 1878 4946 a
1909 4897 2046 4949 caelo
2078 4898 2128 4949 in

2230 1785 2373 1851 quod
2401 1787 2450 1838 in
2476 1801 2535 1839 se
2560 1788 2674 1856 ipso
2703 1790 2876 1856 agitur
2901 1804 3094 1857 capere
3113 1791 3348 1846 nondum
3383 1805 3578 1860 potest,
3610 1808 3800 1863 quanto

2243 1882 2421 1936 minus
2470 1883 2596 1938 illud
2645 1886 2783 1954 quod
2813 1901 2968 1956 supra
3000 1888 3118 1941 est?
3148 1887 3349 1942 Affecta
3395 1890 3588 1959 quippe
3633 1891 3800 1945 anima

2239 1973 2527 2027 carnalium
2548 1991 2796 2029 sensuum
2829 1979 3234 2044 consuetudine,
3252 1982 3414 2034 etiam
3438 1983 3667 2050 seipsarn
3687 1998 3797 2035 cum

2229 2077 2464 2134 corpore
2510 2079 2606 2132 per
2637 2064 2808 2120 locum
2856 2068 3055 2121 moveri
3086 2078 3264 2136 putat,
3293 2070 3418 2122 dum
3445 2069 3495 2124 id
3517 2085 3607 2138 per
3637 2074 3798 2124 locum

2240 2165 2439 2211 movet.
2469 2157 2597 2223 Qua:
2628 2158 2673 2210 si
2721 2157 2886 2226 possit
2931 2159 3210 2229 diligenter
3255 2161 3522 2230 inspicee
3561 2171 3798 2229 tanquam

2236 2244 2481 2300 cardines
2521 2247 2880 2300 membrorum
2923 2249 3162 2316 corporis
3213 2251 3326 2314 sui,
3359 2251 3797 2317 quemadmodum

2231 2334 2556 2388 articulatim
2585 2336 2831 2404 diSpOa’ill
2869 2339 2995 2403 sint,
3034 2353 3061 2390 a
3091 2338 3280 2405 quibus
3312 2339 3461 2392 initia
3511 2341 3795 2392 morionum

2229 2429 2487 2492 nitantur,
2512 2429 2749 2482 inveniet
2774 2443 2834 2482 ea
2869 2445 2985 2498 qua:
3014 2444 3107 2496 per
3129 2430 3299 2497 spatia
3321 2431 3558 2484 locorum
3589 2445 3797 2484 moveu-

2230 2528 2316 2574 tur
2344 2520 2442 2573 nisi
2482 2520 2548 2573 ab
2577 2522 2656 2574 eis
2695 2535 2813 2588 qum
2844 2522 2963 2574 loco
3000 2521 3099 2574 fixa
3132 2531 3254 2577 sunt
3289 2539 3392 2576 non
3438 2526 3664 2577 mOvcri.
3694 2525 3794 2576 Non

2226 2613 2368 2666 enim
2403 2621 2649 2666 movetur
2692 2610 2839 2665 s‘olus
2878 2613 3095 2682 digitus,
3135 2614 3233 2668 nisi
3289 2630 3479 2669 manus
3533 2615 3633 2668 fixa
3681 2617 3795 2669 sita

2227 2704 2379 2772 cujus
2406 2703 2634 2757 articulo
2668 2704 2813 2758 velut
2864 2704 3088 2759 immoto
3116 2705 3336 2760 cardine
3380 2717 3656 2760 moveatur
3685 2723 3697 2757 :
3728 2707 3795 2759 sic

2229 2803 2341 2849 tota
2374 2796 2549 2864 palma
2582 2796 2649 2849 ab
2675 2797 2901 2851 articqu
2930 2797 3117 2861 cubiti,
3146 2798 3224 2851 sic
3251 2798 3460 2853 cubitus
3487 2801 3557 2852 ab
3583 2800 3794 2853 articulo

2231 2887 2438 2942 humeri
2462 2933 2476 2957 ,
2508 2889 2761 2942 humerus
2790 2903 2818 2942 a
2849 2889 3065 2957 scapula
3097 2899 3508 2944 commovetur:
3541 2891 3792 2942 stantibus

2230 2979 2420 3047 utique
2448 2979 2757 3032 cardinibus
2802 2978 2996 3047 quibus
3043 2979 3210 3033 motio
3256 2978 3478 3043 nitatur,
3513 2981 3552 3032 it
3580 2994 3675 3048 per
3704 2979 3794 3032 imi

2153 3047 2198 3110 ο
2230 3070 2458 3137 spatium
2491 3068 2631 3136 quod
2671 3079 2944 3122 movetur:
2971 3069 3048 3123 sic
3078 3069 3266 3136 plantzc
3299 3071 3352 3124 in
3377 3070 3478 3122 talo
3501 3047 3588 3124 est
3607 3072 3789 3123 articu-

2230 3158 2334 3224 lus,
2360 3173 2466 3228 quo
2489 3167 2667 3213 Stante
2697 3170 2939 3213 movetur
2964 3177 2978 3224 ;
3013 3160 3093 3212 sic
3114 3160 3284 3213 cruris
3315 3160 3366 3212 in
3398 3175 3532 3230 genu
3561 3169 3615 3213 et
3644 3159 3791 3213 totius

2231 3248 2385 3318 pedis
2414 3249 2466 3302 in
2490 3262 2624 3303 coxa
2649 3267 2660 3299 :
2691 3257 2746 3302 et
2776 3247 2975 3301 nullius
3001 3248 3228 3301 membri
3258 3262 3436 3303 metus
3459 3251 3682 3304 omnino
3701 3256 3787 3307 est.

2229 3356 2389 3410 quem
2413 3342 2666 3395 voluntas
2690 3351 2887 3408 movet,
2913 3340 3015 3393 nisi
3043 3339 3110 3394 ab
3135 3340 3314 3409 aliquo
3345 3341 3551 3394 articuli
3582 3340 3789 3413 [articu-

2242 3430 2364 3501 lari]
2388 3432 2604 3486 cardine
2624 3447 2780 3500 quem
2807 3439 2969 3484 nutus
2991 3429 3230 3498 ejusdem
3258 3431 3543 3484 voluntatis
3566 3432 3791 3496 primitus

2234 3522 2364 3590 figit,
2387 3532 2443 3575 ut
2468 3523 2533 3575 ab
2555 3536 2620 3574 co
2641 3521 2780 3590 quod
2802 3520 2902 3573 loci
2931 3521 3105 3588 spatio
3132 3535 3236 3572 non
3264 3531 3508 3572 movetur
3529 3519 3615 3587 agi
3638 3519 3790 3570 valeat

2231 3613 2370 3680 quod
2403 3620 2669 3664 movetur.
2705 3610 2940 3679 Denique
2983 3625 3079 3663 nec
3111 3609 3220 3678 jam
3264 3611 3315 3663 in
3365 3609 3682 3662 ambulando
3708 3622 3787 3677 pes

2239 3703 2464 3769 levatur,
2500 3703 2600 3755 nisi
2632 3701 2766 3755 alius
2810 3703 2948 3755 fixus
2987 3711 3152 3756 totum
3197 3715 3394 3769 corpus
3439 3701 3594 3768 ferat,
3635 3701 3786 3755 douic

2232 3793 2320 3845 ille
2350 3792 2438 3860 qui
2469 3800 2644 3844 motus
2675 3801 2758 3846 est
2785 3805 2813 3844 a
2847 3792 2965 3847 loco
2997 3791 3137 3846 unde
3167 3791 3353 3857 fertur,
3387 3792 3451 3844 ad
3495 3791 3666 3844 locum
3695 3804 3786 3858 quo

2233 3880 2400 3934 fertur
2432 3881 2538 3935 imo
2567 3878 2832 3951 [immoto]
2863 3880 3087 3934 articqu
3126 3881 3208 3935 sui
3248 3881 3480 3935 cardinis
3525 3881 3778 3934 innitatur.

2234 3969 2400 4022 Porro
2429 3973 2471 4022 si
2500 3972 2550 4021 in
2582 3984 2808 4038 corpore
2835 3969 3039 4024 nullum
3065 3971 3360 4023 membrum
3389 3985 3481 4038 per
3507 3973 3674 4022 locum
3701 3983 3782 4019 ve-

2234 4060 2410 4112 luntas
2441 4068 2640 4122 movet,
2673 4058 2773 4113 nisi
2806 4060 2872 4113 ab
2903 4074 2970 4113 eo
2999 4059 3222 4114 membri
3256 4060 3480 4114 articulo
3506 4075 3659 4128 quem
3689 4072 3778 4111 non

2233 4160 2430 4215 movet,
2454 4166 2576 4204 cum
2602 4160 2654 4204 et
2673 4149 2762 4203 illa
2794 4164 2918 4218 pars
2943 4151 3185 4218 corporis
3207 4166 3323 4218 quae
3349 4162 3608 4215 movetur,
3635 4163 3682 4204 et
3704 4150 3776 4202 iila

2235 4258 2336 4311 qua
2369 4245 2474 4294 lixa
2507 4244 2609 4304 sit,
2639 4251 2694 4294 ut
2723 4249 3038 4295 moveantur
3066 4255 3354 4307 corporeas
3383 4240 3607 4293 habeant
3635 4253 3777 4308 quan-

2236 4335 2417 4387 titates
2439 4347 2584 4397 snas,
2611 4333 2799 4399 quibus
2826 4343 3090 4400 occupent
3111 4333 3280 4400 Spatia
3304 4333 3537 4386 loetirum
3559 4344 3774 4389 suorum,

2239 4435 2434 4493 quanto
2463 4426 2630 4492 magis
2661 4426 2788 4492 ipsa:
2816 4425 3007 4477 anima:
3038 4433 3195 4477 nutus
3235 4426 3316 4477 cui
3353 4426 3583 4477 membra
3617 4422 3774 4476 deser-

2238 4519 2411 4582 viunt,
2447 4527 2502 4569 ut
2530 4516 2668 4585 quod
2718 4516 2972 4583 placuerit
3020 4517 3230 4584 ligatur,
3268 4517 3410 4570 unde
3440 4515 3488 4568 id
3516 4517 3648 4582 quod
3677 4526 3773 4564 mo-

2237 4617 2468 4668 vendum
2497 4622 2579 4667 est
2610 4613 2889 4674 innitatur,
2912 4626 3031 4665 cum
3059 4611 3234 4663 anima
3264 4626 3367 4662 non
3392 4611 3458 4664 sit
3483 4620 3654 4662 natura
3676 4622 3774 4660 cor-

2242 4720 2422 4774 porea,
2455 4718 2552 4756 uec
2600 4702 2750 4756 locali
2783 4701 2954 4768 spatio
2998 4715 3192 4767 corpus
3221 4699 3463 4766 impleat,
3494 4700 3622 4752 sicut
3660 4708 3771 4761 aqua

2239 4809 2414 4851 utrem
2458 4797 2570 4848 sive
2611 4793 2908 4863 spongiam,
2940 4792 3033 4844 sed
3066 4792 3214 4843 miris
3261 4791 3430 4842 modis
3475 4792 3581 4856 ipso
3618 4785 3771 4838 ineor-

2241 4905 2401 4956 porro
2443 4897 2570 4940 nutu
2615 4886 2909 4940 commixta
2939 4886 3008 4938 sit
3036 4882 3355 4936 viviﬁcaudo
3382 4883 3583 4949 corpori
3609 4922 3623 4944 ,
3649 4879 3768 4948 quod

565 5008 784 5054 terram,
815 4990 898 5042 vel
925 4988 988 5039 ah
1010 4987 1211 5039 oriente
1233 4986 1299 5039 ad
1325 4982 1425 5055 [in]
1453 4985 1808 5050 occidentem,
1842 4986 1921 5038 vel
1951 4987 1995 5040 si
2026 5002 2124 5055 quo

2237 4978 2387 5050 [quo]
2438 4989 2492 5030 et
2532 4978 2755 5054 imperat
2794 4975 3006 5044 corpori
3053 4973 3280 5042 quadam
3325 4974 3639 5035 intentione,
3680 4983 3766 5021 non

561 5089 666 5140 alio
694 5080 853 5137 simili
879 5077 1056 5131 modo.
1086 5075 1255 5129 Omne
1286 5085 1461 5128 autem
1491 5075 1629 5143 quod
1659 5086 1903 5129 movetur
1931 5092 2026 5144 per
2053 5078 2130 5130 lo-

562 5190 707 5238 cum,
737 5188 839 5224 non
867 5174 1043 5241 potest
1069 5165 1166 5218 nisi
1194 5173 1249 5218 et
1277 5180 1367 5231 per
1390 5175 1598 5233 tempus
1626 5167 1780 5218 simul
1812 5168 2034 5220 moveri.
2061 5170 2130 5221 At

563 5281 669 5320 non
711 5276 870 5315 omne
899 5255 1038 5327 quod
1089 5263 1331 5307 movetur
1385 5270 1476 5321 per
1525 5268 1750 5324 tempus,
1784 5271 2004 5311 neres~e
2048 5268 2129 5310 est

563 5356 722 5410 etiam
749 5366 843 5420 per
869 5353 1043 5403 locum
1065 5345 1283 5398 moveri.
1313 5343 1462 5398 Sicut
1483 5360 1606 5413 ergo
1635 5348 1982 5400 substantiam
2013 5363 2128 5416 quae

565 5453 811 5500 movetur
843 5457 934 5510 per
988 5450 1198 5506 tempus
1227 5447 1280 5489 et
1313 5435 1484 5488 locmn
1533 5438 1786 5503 praecedit
1835 5439 2128 5492 substantia

564 5549 683 5603 quae
709 5542 912 5605 tantum
941 5545 1034 5596 per
1057 5540 1287 5596 tempus,
1318 5527 1386 5579 ita
1420 5525 1587 5594 ipsam
1618 5529 1870 5594 prtcced.t
1896 5529 1978 5581 illa
2009 5544 2129 5598 qua:

568 5638 666 5678 nec
696 5637 787 5688 per
813 5621 985 5674 locum
1018 5634 1115 5674 nec
1145 5633 1238 5688 per
1263 5627 1492 5687 tempus,
1528 5631 1589 5672 ac
1618 5632 1711 5686 per
1738 5617 1834 5675 hoc
1872 5621 2006 5673 sicut
2040 5635 2131 5688 per

2239 5070 2420 5132 mole;
2454 5077 2653 5136 quanto
2683 5065 2869 5134 magis,
2904 5065 3140 5133 inquam,
3174 5073 3334 5117 nutus
3381 5063 3492 5130 ipse
3519 5063 3767 5113 voluntatis

2233 5161 2372 5229 ejus,
2407 5173 2509 5211 non
2542 5173 2632 5226 per
2662 5157 2836 5210 locum
2885 5164 3129 5209 movetur
3167 5164 3224 5209 ut
3269 5169 3463 5221 corpus
3506 5168 3591 5219 per
3619 5154 3764 5203 locum

2240 5262 2469 5317 moveat,
2487 5250 2698 5316 quando
2721 5257 2887 5301 totum
2919 5263 3012 5316 per
3042 5255 3219 5315 partes
3247 5260 3446 5308 movet,
3473 5261 3564 5300 nec
3591 5245 3765 5311 aliqua!

2237 5343 2355 5394 ιυρυ
2374 5351 2568 5404 movet,
2596 5341 2697 5392 nisi
2730 5356 2822 5407 per
2849 5341 2965 5392 illas
2995 5355 3125 5408 quas
3149 5340 3266 5392 loco
3289 5355 3393 5391 uou
3422 5331 3763 5399 movetiouvd

2238 5435 2280 5486 si
2309 5433 2600 5501 intelligere
2627 5431 2841 5484 difﬁcile
2865 5440 2966 5493 est,
2994 5441 3275 5498 utrumque
3297 5433 3556 5492 ere-lator,
3578 5440 3627 5482 et
3645 5421 3762 5492 quod

2235 5539 2477 5580 creatura
2509 5525 2783 5592 Spiritalis,
2815 5539 2917 5576 non
2942 5538 3033 5590 per
3065 5523 3236 5578 locum
3269 5537 3429 5580 mota.
3457 5527 3648 5576 moveat
3665 5529 3763 5568 cor-

2239 5633 2337 5688 νυε
2364 5632 2456 5688 l‘e"
2480 5618 2678 5682 Ῑυυυιη,
2703 5629 2753 5671 ei
2778 5617 2917 5687 quod
2945 5615 3102 5683 Deus,
3125 5633 3228 5673 uou
3254 5633 3349 5689 pz'l’
3374 5629 3569 5685 tempus
3588 5620 3758 5671 motus,
