3842 6226
165 172 262 227 619

1280 177 1709 236 THESAURUS.
1751 179 1898 233 CAP.
1949 181 2124 235 XLIV.

3313 164 3413 216 6"]

163 296 367 342 moveat
397 300 691 342 creaturam
717 290 1005 356 spiritalem
1041 307 1132 359 per
1156 300 1381 359 tempus.
1403 293 1552 356 Quod
1578 293 1619 343 si
1652 292 1717 344 de
1752 297 1798 352 Α
1826 300 1930 356 tttr,
1951 303 2003 346 et
2031 294 2145 360 ejus
2172 296 2219 346 in
2248 294 2586 349 inferioribus
2607 296 2750 363 jussa
2781 297 3077 364 perﬁciunt,
3120 305 3396 345 moventes

159 378 331 432 anima
363 381 584 448 quisque
612 399 716 432 non
765 383 875 432 vult
907 383 1006 434 hoc
1050 383 1290 448 credere,
1331 383 1470 451 quod
1501 382 1713 452 quidem

159 473 271 520 sine
299 470 459 521 dubio
492 487 594 522 non
625 471 796 522 solum
837 471 1098 534 crederet,
1140 474 1486 526 verumctiam
1522 474 1717 527 intelli-

157 573 324 628 geret,
355 563 396 614 si
430 577 544 614 eam
579 570 756 628 posset
776 563 930 615 sicuti
954 572 1035 616 est
1067 563 1428 630 incorpoream
1453 564 1712 632 cogitare;

155 654 239 703 cui
285 655 426 706 enim
459 667 562 704 non
595 654 748 706 facile
779 663 1043 717 occurrat,
1077 655 1214 721 quod
1259 670 1348 721 per
1391 655 1562 708 locum
1611 671 1715 707 non

156 754 453 807 moriatur,
471 759 586 810 qua:
617 759 707 810 per
733 744 828 797 loci
854 745 1019 810 Spatia
1044 760 1147 798 non
1174 744 1716 814 distenditur-Mquid-

153 833 279 898 quid
304 842 478 884 autem
509 848 599 897 per
623 833 720 886 loci
749 835 915 900 spatia
943 833 1284 901 distenditur,
1308 849 1504 904 corpus
1526 845 1629 902 est,
1655 851 1716 890 ac

153 937 250 988 per
281 923 378 974 ltoc
408 938 741 991 consequens
771 933 850 975 cst
877 934 931 976 ut
961 923 1133 978 anima
1167 940 1258 993 per
1298 925 1470 979 locum
1515 927 1714 980 mmeri

153 1029 259 1064 non
289 1033 296 1076 ι
320 1029 351 1064 ιι
379 1023 514 1075 ctur,
539 1014 580 1065 si
607 1029 797 1081 corpus
818 1029 936 1067 este
963 1029 1065 1067 non
1095 1016 1394 1085 credatur;)
1423 1017 1536 1080 ~~ed,
1567 1027 1621 1071 ut
1644 1018 1716 1070 di-

149 1117 276 1155 cere
325 1117 613 1169 cmperam.
642 1104 686 1157 si
727 1104 794 1157 tle
825 1106 1000 1157 anima
1045 1107 1270 1173 quisque
1313 1106 1412 1160 hoc
1453 1122 1555 1160 non
1607 1110 1716 1160 vult

147 1192 386 1252 credere,
414 1209 518 1246 non
546 1196 815 1262 urgendus
841 1204 951 1258 est;
977 1196 1319 1248 substantiam
1344 1211 1470 1250 vero
1499 1199 1586 1251 Dei
1612 1197 1713 1251 nisi

147 1281 334 1334 rrcdat
361 1298 455 1336 nec
489 1299 580 1348 per
616 1293 839 1349 tempus,
867 1297 964 1336 nec
1003 1298 1095 1350 per
1120 1284 1294 1337 locum
1325 1287 1546 1350 moveri,
1577 1300 1711 1339 non-

144 1372 278 1426 dum
329 1372 560 1441 perfecte
590 1374 1073 1428 incommutabilem
1118 1375 1306 1428 credit.
1355 1376 1547 1430 Verum
1592 1377 1710 1445 quia

143 1465 370 1516 omnino
389 1464 832 1517 incommutabilis
853 1475 935 1518 est
961 1465 1043 1518 illa
1064 1475 1245 1518 natura
1267 1467 1558 1532 Trinitatis,
1575 1476 1628 1521 et
1644 1470 1712 1521 ob

144 1553 192 1606 h»
218 1569 250 1607 c
279 1555 344 1606 ita
369 1564 563 1608 :rterna
587 1565 642 1608 ut
667 1559 713 1610 ei
745 1557 944 1624 aliquid
972 1569 1293 1612 comtcruum
1317 1573 1435 1613 esse
1462 1575 1565 1613 non
1592 1575 1710 1627 pos-

1821 395 1879 433 se
1923 397 2014 449 per
2048 393 2271 449 tempus,
2309 398 2500 451 Corpus
2530 396 2705 438 autem
2743 402 2833 454 per
2867 398 3072 456 tempus
3104 399 3155 442 et
3191 388 3382 447 locum,

1821 482 2075 540 quantum
2108 489 2289 528 eorum
2314 477 2553 542 congruit
2583 480 2797 532 actioni.

2373 605 2601 661 CAPUT
2641 608 2818 661 XLIV.

1822 695 1971 758 Quod
1998 712 2094 747 non
2119 713 2206 761 per
2227 699 2388 762 ipsam
2423 697 2512 750 Dei
2543 700 2999 760 mbstantimn,ced
3019 720 3105 770 per
3129 705 3382 756 subditam

1888 777 2193 826 creaturam,
2223 777 2267 819 ιι
2291 769 2475 820 locutio
2496 770 2668 821 divina
2691 770 2757 820 ad
2776 771 2959 832 ddum,
2985 769 3025 822 et
3048 774 3383 826 deambulatio
3466 785 3468 787 ‘

1887 835 1945 910 in:
1988 837 2226 910 paraaiso
2280 838 2452 910 debeat
2485 839 2844 910 incunctanter
2892 842 3126 910 intelligi.
3160 845 3284 896 Item
3322 861 3382 897 cz

1890 905 2017 956 libro
2049 921 2135 957 vni
2168 904 2348 960 Gener.
2379 909 2444 958 ad
2475 908 2711 964 litteram.

1886 1014 2036 1078 Quod
2079 1026 2254 1069 autem
2306 1022 2492 1072 attinet
2543 1021 2606 1071 ad
2647 1031 2903 1075 creatura:
2935 1025 3185 1092 angelica:
3215 1030 3378 1080 actin-

1817 1120 1961 1169 nem,
1988 1120 2081 1174 per
2111 1123 2268 1175 quam
2293 1111 2660 1164 universarum
2693 1129 2864 1166 rerum
2896 1117 3181 1180 generibus
3213 1124 3381 1171 maxi-

1817 1211 2009 1264 meque
2039 1199 2270 1254 bumano
2296 1201 2624 1268 providentia
2659 1204 2748 1256 Dei
2781 1208 3114 1274 prospicitur,
3149 1209 3258 1276 ipsa
3291 1226 3382 1264 cs-

1818 1285 2076 1340 trinsecus
2096 1287 2333 1355 adjuvat,
2356 1300 2408 1344 et
2429 1305 2523 1360 per
2547 1291 2630 1344 illa
2654 1294 2760 1345 visa
2781 1311 2894 1364 qutc
2913 1299 3100 1350 similia
3124 1310 3245 1352 sunt
3264 1315 3381 1352 cur-

1814 1375 2105 1442 poralibus,
2126 1387 2178 1431 et
2197 1394 2289 1446 per
2318 1382 2429 1447 ipsa
2446 1396 2668 1450 corpora
2689 1401 2804 1452 qum
2827 1388 3081 1452 an,;elie:c
3107 1391 3380 1456 subjaCCnt

1815 1466 2086 1529 potestati.
2114 1467 2244 1532 Qua:
2268 1483 2387 1522 cum
2417 1470 2484 1522 ita
2513 1472 2637 1534 sint,
2662 1488 2780 1526 cum
2809 1475 3299 1544 Deusomuipntens
3325 1491 3378 1533 et

1814 1554 2184 1624 onmitiencns,
2211 1558 2630 1616 incommutabili
2662 1566 2975 1626 :eteruitatv,
3011 1567 3250 1633 \critate,
3282 1586 3377 1622 vu-

142 1646 250 1707 sit,
281 1648 388 1711 ipsa
414 1646 548 1711 apud
579 1645 808 1714 seipsam
831 1656 883 1700 et
904 1648 956 1701 in
978 1650 1181 1716 seipsa,
1204 1648 1321 1703 sine
1348 1649 1452 1702 ullo
1479 1647 1717 1716 tempore
1747 1649 1792 1709 Β
1823 1643 2042 1710 luntate,
2067 1662 2276 1718 semper
2306 1651 2466 1716 idem,
2495 1669 2598 1706 non
2626 1670 2718 1721 per
2747 1664 3062 1724 tempusncc
3087 1676 3180 1727 per
3203 1663 3375 1715 locum

139 1749 205 1789 ac
232 1738 371 1799 loco,
393 1747 566 1793 movet
591 1746 764 1792 tamen
791 1755 883 1807 per
905 1749 1110 1808 tempus
1136 1749 1188 1793 et
1219 1740 1388 1794 locum
1413 1741 1510 1795 sibi
1535 1741 1716 1796 subdi-

139 1835 250 1880 tam
285 1837 576 1881 creaturam
603 1870 618 1893 ,
652 1840 864 1882 naturas
893 1844 1082 1884 creans
1113 1829 1345 1884 bonitate
1365 1872 1379 1894 ,
1414 1831 1714 1888 voluntates

139 1919 398 1971 crdinaos
425 1929 702 1988 potestate,
733 1932 788 1974 ut
815 1921 866 1974 in
899 1923 1097 1975 naturis
1121 1924 1258 1976 nulla
1282 1926 1350 1977 s't
1378 1938 1494 1993 quae
1518 1938 1622 1996 npn
1647 1923 1715 1978 ab

138 2009 232 2061 illo
255 2009 365 2078 38
383 2011 468 2072 sit,
503 2011 552 2062 in
587 2013 940 2066 voluntatibus
971 2023 1168 2077 autem,
1201 2013 1339 2066 nulla
1369 2016 1499 2067 bona
1528 2016 1612 2069 cui
1643 2019 1715 2069 sit

136 2117 247 2153 non
282 2105 448 2170 prosit
479 2101 571 2173 [F.
597 2105 635 2157 Ι.
666 2102 888 2172 praesit],
917 2105 1052 2159 nulla
1085 2105 1219 2158 mala
1249 2105 1318 2158 sit
1345 2121 1443 2173 qua
1479 2107 1610 2160 bene
1641 2106 1719 2159 uti

135 2208 247 2245 non
275 2195 457 2259 possit.
483 2194 584 2247 Sed
607 2196 726 2262 quia
749 2210 850 2248 non
874 2194 1118 2250 omnibus
1142 2196 1341 2250 naturis
1361 2195 1504 2250 dedit
1529 2196 1713 2250 volun-

137 2285 272 2334 tatis
293 2297 340 2333 at
357 2283 586 2348 bitrium,
605 2285 707 2337 illa:
732 2293 905 2337 autem
930 2285 1117 2354 quibus
1141 2285 1284 2339 dedit
1307 2286 1628 2354 potentiores
1651 2301 1712 2342 ac

136 2375 452 2438 superiores
473 2385 614 2437 sunt,
643 2373 743 2428 illa:
768 2383 968 2428 natura:
989 2390 1108 2444 qua:
1133 2390 1236 2429 non
1255 2375 1445 2430 habent
1466 2378 1708 2431 volunta-

139 2472 254 2514 tem
289 2463 513 2516 subdita:
541 2465 647 2516 sint
679 2479 897 2529 nece-se
923 2474 1006 2520 est
1037 2466 1112 2521 illi
1142 2482 1258 2536 qua:
1291 2467 1449 2522 habet
1476 2486 1487 2521 :
1521 2476 1577 2524 et
1609 2471 1710 2525 ltoc

133 2554 481 2606 ordinatione
501 2553 792 2618 Creatoris,
822 2556 910 2623 qui
940 2571 1205 2625 nunquam
1239 2558 1309 2610 ita
1344 2558 1495 2625 punit
1524 2559 1711 2614 volun-

131 2654 306 2697 tatem
339 2645 525 2697 malam
546 2685 559 2708 ,
592 2655 649 2699 ut
677 2657 879 2699 natura:
925 2648 1153 2715 perimat
1198 2648 1527 2717 dignitatem.
1577 2651 1708 2705 Cum

132 2734 308 2799 igitur
336 2748 492 2787 omne
520 2748 711 2801 corpus
739 2745 794 2787 et
830 2736 1004 2789 omnis
1033 2737 1207 2790 anima
1249 2737 1571 2792 irrationalis
1603 2753 1706 2793 nou

133 2825 342 2877 habeat
369 2825 653 2878 voluntatis
681 2827 977 2891 arbitrium,
1003 2827 1211 2882 subdita
1244 2829 1338 2881 ista
1363 2834 1486 2882 sunt
1511 2831 1586 2883 eis
1616 2844 1708 2883 na-

131 2917 279 2970 turis
309 2931 426 2983 qua:
457 2917 689 2983 praedita.-
721 2929 845 2970 sunt
873 2919 1093 2973 arbitrio
1123 2920 1429 2985 voluntatis,
1464 2935 1561 2974 nec
1592 2935 1705 2976 om-

1819 1747 2014 1800 motus,
2044 1752 2217 1793 tnovet
2245 1756 2338 1810 per
2364 1752 2572 1812 tempus
2598 1758 2892 1800 creaturam
2919 1752 3242 1817 spiritalem,
3267 1769 3376 1807 mos

1816 1837 1903 1882 vet
1920 1830 2075 1883 etiam
2098 1845 2190 1898 per
2212 1839 2418 1901 tempus
2441 1843 2494 1887 et
2515 1837 2683 1888 locum
2700 1848 2992 1890 creaturam
3017 1843 3374 1908 corporalem,

1817 1929 1874 1970 ut
1906 1933 1970 1971 eo
1996 1929 2144 1973 motu
2178 1931 2391 1975 naturas
2413 1938 2542 1991 quas
2573 1924 2892 1980 intrinsecus
2924 1927 3193 1981 substituit
3218 1932 3375 1983 etiam

1814 2008 2143 2062 extrinsecus
2185 2010 2540 2078 administret,
2573 2023 2624 2067 et
2668 2031 2760 2082 per
2790 2017 3088 2072 voluntates
3116 2020 3213 2072 sibi
3245 2021 3371 2072 sub~

1815 2098 1973 2160 ditas,
1999 2114 2131 2166 quas
2158 2114 2248 2169 per
2273 2110 2498 2171 tempus,
2525 2116 2574 2157 et
2608 2121 2700 2172 per
2720 2121 2938 2174 corpora
2963 2108 3060 2162 sibi
3088 2117 3242 2178 atque
3269 2113 3371 2165 illis

1817 2187 2176 2267 voluntatibus
2200 2192 2433 2259 subdita,
2464 2208 2580 2263 qua:
2613 2209 2703 2261 per
2733 2207 2935 2264 tempus
2966 2208 3017 2250 et
3045 2197 3216 2253 locum
3261 2186 3390 2252 nio--

1815 2285 1922 2342 vet,
1950 2292 2014 2331 eo
2043 2288 2281 2348 tempore
2304 2296 2365 2336 ac
2393 2283 2526 2350 loco,
2555 2284 2706 2353 cujus
2740 2287 2869 2339 ratio
2902 2290 2952 2340 in
2986 2288 3099 2356 ipso
3131 2289 3240 2344 Deo
3269 2293 3371 2343 vita

1815 2376 1896 2420 cst
1925 2370 2039 2422 sine
2066 2379 2305 2438 tempore
2326 2386 2387 2426 ac
2422 2374 2555 2426 loco.
2583 2373 2712 2428 Cum
2738 2391 2863 2443 ergo
2896 2379 2996 2430 tale
3017 2379 3214 2448 aliquid
3239 2379 3376 2433 Deus

1812 2458 1941 2525 agit,
1967 2475 2070 2512 non
2093 2460 2347 2516 debemus
2371 2462 2575 2531 opinari
2595 2465 2709 2533 ejus
2725 2467 3095 2532 substantiam,
3113 2485 3213 2538 qua
3237 2470 3374 2524 Dens

1811 2559 1913 2614 est,
1941 2553 2268 2620 temporibus
2291 2554 2526 2625 locisque
2549 2559 2994 2622 commutabilem,
3018 2570 3105 2613 aut
3135 2575 3226 2628 per
3251 2571 3374 2616 tem.

1813 2655 1940 2710 pora
1967 2651 2019 2696 et
2048 2645 2160 2698 loca
2187 2646 2432 2701 mobilem
2455 2663 2467 2699 :
2496 2648 2587 2701 sed
2618 2649 2671 2701 in
2697 2664 2855 2717 opere
2877 2651 3066 2705 divina:
3091 2655 3376 2720 providen-

1814 2732 1896 2783 tiae
1917 2732 2013 2785 ista
2032 2749 2377 2804 cognoscere,
2393 2752 2495 2789 non
2517 2739 2565 2789 in
2585 2738 2675 2790 illo
2687 2753 2845 2806 opere
2859 2756 2962 2808 quo
2977 2751 3192 2795 naturas
3206 2755 3375 2808 creat,

1814 2822 1908 2874 sed
1934 2822 1985 2874 in
2014 2821 2104 2876 illo
2135 2839 2238 2891 quo
2269 2825 2592 2880 intrinsecus
2620 2840 2826 2883 creatas
2853 2831 3012 2883 etiam
3043 2833 3378 2886 extrinsecus

1813 2913 2177 2969 administrat:
2199 2931 2315 2969 cum
2333 2918 2400 2971 sit
2423 2918 2536 2986 ipse
2561 2920 2704 2974 nullo
2727 2921 2960 2975 loc0rum
2982 2923 3374 2987 velinterwllo,

131 3006 300 3058 nibus
332 3007 537 3072 omnia,
563 3007 653 3060 sed
705 3011 843 3063 sicut
880 3005 1149 3064 distribuit
1173 3009 1374 3078 justitia
1416 3011 1705 3066 Creatoris,
1738 2999 1782 3058 C
1817 3003 1896 3056 vel
1925 3006 2119 3072 spatio,
2156 3007 2576 3062 incommutabili
2606 3011 2993 3081 excellentique
3041 3015 3296 3080 potentia,
3323 3023 3379 3068 et

132 3101 292 3169 Ergo
319 3102 408 3155 Dei
433 3102 786 3168 providentia,
816 3118 1005 3172 regens
1027 3112 1182 3171 atque
1200 3104 1572 3158 administrans
1597 3107 1710 3159 uni-

130 3206 354 3247 versam
379 3203 700 3255 creaturam,
721 3203 772 3246 et
797 3204 1033 3258 naturas,
1063 3205 1117 3249 et
1139 3195 1461 3259 voluntates,
1489 3207 1711 3250 naturas

129 3295 192 3335 ut
231 3283 357 3343 sint,
387 3283 685 3337 voluntates
713 3293 888 3336 autam
930 3293 986 3336 ut
1019 3298 1114 3337 nec
1167 3283 1493 3339 infructuose
1533 3286 1708 3350 bonat,

125 3389 243 3428 nec
274 3374 530 3442 imponite
555 3375 706 3428 mala
736 3374 862 3440 sint,
894 3373 1072 3427 subdit
1098 3376 1339 3441 primitus
1370 3375 1548 3429 omnia
1585 3376 1706 3441 sibi,

125 3463 341 3518 deinde
368 3474 662 3517 creaturam
703 3464 1031 3531 corporalem
1068 3473 1325 3517 creatura:
1356 3465 1600 3531 spiritali,
1635 3465 1708 3518 ir-

124 3554 458 3608 rationalem
492 3553 737 3606 rationali
763 3593 778 3615 ,
813 3562 1119 3608 terrestrem
1151 3555 1354 3608 caelesti
1381 3596 1396 3619 ,
1428 3554 1709 3610 femineam

123 3646 472 3710 masculinze,
494 3651 669 3698 minus
694 3645 955 3699 valentem
978 3645 1278 3714 valentiori,
1306 3645 1709 3714 iudigentiorem

121 3738 448 3807 copiosiuri.
473 3739 526 3790 ln
555 3736 914 3789 voluntatibus
942 3711 1310 3808 autemdtonas
1337 3736 1460 3800 sibi,
1485 3745 1710 3790 exteras

119 3844 272 3884 vero
301 3830 427 3896 ipsis
455 3827 807 3881 servientibus
834 3827 961 3891 sibi,
989 3834 1047 3879 ut
1079 3826 1180 3880 hoc
1211 3827 1440 3893 patiatur
1469 3827 1709 3880 voluntas

119 3922 282 3973 mala
313 3918 543 3986 quodex
572 3917 720 3985 jussu
769 3916 858 3970 Dei
901 3917 1085 3970 iecerit
1127 3916 1299 3969 bona:
1329 3916 1443 3970 sive
1487 3931 1580 3984 per
1625 3931 1710 3969 se-

117 4012 347 4079 ipsam,
377 4008 486 4060 sive
519 4021 612 4074 per
652 4003 839 4060 malam
872 4006 922 4058 in
964 4006 1122 4086 rebus
1166 4006 1422 4058 duntaxat
1464 4021 1581 4074 qua:
1611 4020 1707 4058 na-

116 4100 389 4155 turaliter
436 4108 562 4151 sunt
594 4098 753 4151 etiam
803 4097 955 4150 malis
985 4096 1348 4150 voluntatibus
1377 4096 1620 4160 subditre,
1654 4095 1706 4149 id

111 4203 218 4247 est
256 4192 306 4244 in
335 4191 667 4259 corporibus.
694 4189 823 4243 Nam
874 4191 922 4240 in
971 4186 1163 4255 seipsis
1210 4189 1508 4242 voluntates
1555 4192 1709 4242 mala:

111 4285 341 4337 habent
368 4282 672 4334 interiorem
707 4295 912 4348 poenam
944 4294 1114 4343 suam,
1149 4279 1388 4332 eamdem
1420 4281 1586 4346 ipsam
1609 4279 1707 4332 iui-

106 4375 396 4445 quitatem
441 4388 611 4432 suam.
653 4387 714 4424 ac
743 4388 834 4437 per
865 4372 963 4424 hoc
992 4371 1302 4423 sublimibus
1351 4371 1554 4456 angelis
1597 4369 1703 4423 Deo

105 4467 368 4522 subdita:
393 4465 706 4527 (ruentibus,
732 4473 784 4516 et
810 4467 914 4516 Deo
939 4463 1088 4516 beate
1105 4461 1473 4524 servientibus,
1493 4461 1701 4515 subdita

103 4570 208 4613 est
248 4557 423 4608 omnis
467 4563 651 4606 natura
681 4569 957 4618 corporea,
1005 4554 1178 4605 omnis
1209 4551 1532 4630 irrationalis
1573 4552 1699 4613 vita,

101 4647 315 4703 omnis
371 4647 637 4708 voluntas,
669 4646 749 4697 vel
785 4644 1012 4705 inﬁrma,
1047 4645 1126 4695 vel
1182 4657 1338 4709 prava
1371 4657 1385 4695 :
1416 4651 1472 4694 ut
1509 4640 1609 4693 hoc
1636 4639 1702 4693 de

97 4737 369 4798 subditis
417 4737 495 4789 vel
529 4751 647 4788 cum
694 4736 916 4789 subd.tis
960 4745 1116 4804 agant
1141 4734 1279 4803 quod
1331 4743 1533 4787 naturae
1572 4732 1703 4785 ordo

101 4830 332 4903 poscit,
361 4829 410 4879 in
437 4829 680 4880 omnibus
704 4827 920 4895 jubeute
945 4826 1034 4878 illo
1064 4825 1150 4879 cui
1179 4824 1413 4892 subjecta
1441 4833 1561 4877 sunt
1592 4837 1706 4876 om-

97 4927 241 4978 nia.
295 4919 526 4973 Proinde
574 4917 646 4970 illi
677 4917 730 4969 in
779 4915 868 4968 illo
901 4915 1170 4968 veritatem
1219 4911 1702 4966 incom’mulabilem

95 5015 340 5073 viilent,
376 5018 426 5061 et
454 5007 745 5060 secundum
787 5020 904 5059 eam
935 5020 1056 5058 suas
1106 5004 1339 5072 dirigunt
1373 5004 1694 5056 voluntates.

93 5107 296 5158 Fiunt
324 5097 540 5167 ergoilli
562 5096 845 5164 participes
872 5095 1203 5156 mternitatis,
1233 5094 1488 5157 veritatis,
1515 5093 1699 5144 volun-

91 5191 260 5263 ttqu
285 5188 404 5254 ejus
430 5185 997 5256 semper[vo|untatem
1020 5183 1134 5251 ejus
1164 5199 1376 5251 semper
1398 5181 1697 5252 iacientes],
1780 5245 1782 5248 ν

89 5291 247 5341 sine
278 5291 518 5346 tempore
549 5285 602 5330 et
648 5278 784 5338 loco,
815 5284 1091 5330 moventur
1121 5284 1293 5326 autem
1327 5273 1441 5341 ejus
1474 5275 1697 5339 imperio

90 5375 296 5432 etiam
332 5368 715 5435 tetnporaliter,
750 5365 838 5418 illo
869 5380 972 5417 non
1006 5362 1367 5432 tenipnraliter
1397 5371 1567 5414 moto:
1602 5376 1698 5415 nec

91 5470 186 5523 ita
254 5470 312 5512 ut
342 5458 410 5511 ab
435 5459 551 5530 ejus
581 5458 1029 5526 contemplatione
1062 5456 1295 5511 resiliant
1323 5464 1410 5508 aut
1439 5455 1693 5517 deﬂuant,

94 5557 217 5615 sed
255 5551 414 5609 simul
447 5561 498 5603 et
529 5552 672 5604 illum
695 5551 809 5603 sine
831 5550 947 5604 loco
978 5564 1039 5603 ac
1071 5561 1309 5617 tempore
1335 5547 1698 5614 contemplan-

420 5683 686 5742 I’nnoc.
722 5680 910 5740 LXII.

1813 3095 2031 3148 interior
2051 3101 2190 3150 omni
2218 3113 2296 3162 re,
2320 3099 2441 3168 quia
2477 3102 2526 3154 in
2553 3103 2668 3169 ipso
2690 3111 2814 3155 sunt
2841 3103 3040 3167 omnia,
3066 3114 3118 3159 et
3146 3107 3378 3158 exterior

1811 3187 1954 3239 omni
1983 3202 2060 3249 re,
2095 3190 2213 3256 quia
2241 3190 2354 3257 ipse
2382 3198 2461 3244 cst
2488 3205 2646 3258 super
2677 3193 2874 3245 omnia.
2913 3193 3040 3246 Item
3067 3195 3210 3247 nullo
3246 3204 3378 3248 tem~

1811 3293 1959 3346 pore,
1985 3280 2262 3335 intervallo
2285 3283 2362 3334 vel
2392 3283 2584 3349 spatio,
2613 3283 3026 3338 incommutabili
3053 3285 3371 3345 aeternitate,

1810 3377 1864 3421 et
1891 3369 2156 3434 antiquior
2184 3381 2264 3422 cst
2294 3371 2564 3436 omnibus,
2610 3372 2731 3440 quia
2763 3373 2874 3440 ipse
2903 3381 2986 3428 est
3012 3384 3133 3427 ante
3174 3377 3374 3440 omnia,

1811 3467 1863 3512 et
1891 3459 2076 3511 novicr
2123 3462 2394 3524 omnibus,
2426 3463 2542 3529 quia
2577 3463 2715 3516 idem
2745 3464 2854 3531 ipse
2901 3473 2980 3518 est
3019 3474 3135 3532 post
3174 3469 3373 3518 omnia.

1811 3550 2145 3617 QuaprOpter
2188 3565 2307 3603 cum
2337 3552 2578 3606 audimus
2606 3551 2868 3606 dicentem
2903 3553 3231 3620 Scripturam
3267 3575 3278 3609 :
3314 3557 3375 3608 Et

1812 3641 2066 3707 princepit
2098 3640 2350 3694 Dominus
2384 3642 2520 3695 Deus
2543 3642 2670 3695 Atia:
2697 3643 2880 3696 dicens
2907 3661 2918 3695 :
2956 3641 3034 3696 Ab
3063 3646 3205 3697 omni
3233 3645 3373 3715 ligno

1810 3732 1948 3800 quod
1981 3743 2061 3785 est
2094 3733 2142 3784 in
2175 3733 2416 3799 paradiso
2448 3732 2747 3795 esca,edcs,
2780 3732 2848 3786 de
2893 3734 3034 3801 ligno
3077 3745 3254 3788 autem
3285 3752 3373 3788 co-

1774 3825 2096 3891 .gnoscendi
2139 3825 2332 3876 bonum
2374 3836 2427 3876 et
2474 3825 2669 3899 malum
2695 3864 2707 3886 ,
2743 3841 2844 3877 nun
2892 3825 3276 3879 manducabitis
3308 3829 3372 3880 de

1812 3916 1943 3968 illo:
1976 3931 2075 3981 qua
2133 3915 2219 3968 die
2251 3922 2422 3967 autem
2469 3912 2686 3968 ederitis
2729 3919 2792 3966 ab
2836 3931 2923 3981 eo,
2975 3925 3146 3969 morte
3175 3918 3370 3970 morie«

1812 4005 1960 4056 mini.
1990 4005 2044 4057 Si
2079 4005 2292 4056 modum
2325 4004 2613 4070 qurcrimus
2643 4005 2906 4070 quomodo
2938 4006 3038 4058 ista
3073 4007 3274 4058 locutus
3303 4009 3372 4059 sit

1812 4093 1972 4157 Deus,
2006 4095 2197 4146 modus
2241 4093 2456 4161 quidem
2488 4095 2600 4162 ipse
2627 4109 2653 4145 a
2695 4095 2845 4147 nobis
2894 4095 3103 4162 prOprie
3129 4110 3372 4161 compre-

1812 4182 1967 4235 ltendi
1994 4198 2097 4234 non
2130 4191 2320 4249 potest.
2352 4183 2662 4238 Certissime
2694 4193 2866 4236 tamen
2897 4193 3075 4236 tenere
3113 4185 3370 4239 debemus

1812 4275 1998 4336 Deum,
2021 4285 2110 4329 aut
2143 4290 2237 4342 per
2265 4291 2414 4328 suam
2445 4275 2791 4328 substantiam
2819 4278 2982 4344 loqui,
3015 4286 3100 4330 aut
3149 4293 3243 4345 per
3271 4280 3370 4334 sibi

1810 4363 2075 4416 subditam
2108 4372 2422 4427 creaturam,
2458 4363 2550 4416 sed
2589 4379 2681 4431 per
2708 4365 3055 4416 substantiam
3087 4381 3236 4418 suam
3265 4384 3370 4420 non

1813 4457 1975 4522 loqui,
2005 4455 2102 4508 nisi
2131 4456 2194 4506 ad
2227 4455 2481 4508 creandas
2509 4470 2695 4508 omnes
2723 4463 2935 4507 naturas
2961 4471 2972 4518 ;
3008 4455 3071 4507 ad
3104 4457 3370 4522 spiritales

1812 4561 1939 4600 vero
1983 4557 2138 4613 atque
2169 4545 2550 4598 iutellcctuales
2594 4561 2694 4595 nun
2741 4545 2910 4596 solum
2955 4546 3231 4606 creandas,
3276 4549 3368 4599 scd

1809 4639 1967 4691 etiam
2017 4635 2408 4696 illuminandas,
2441 4649 2560 4685 cum
2603 4636 2709 4700 jam
2746 4639 2962 4700 pos‘sunt
3006 4649 3197 4700 capere
3226 4637 3371 4689 locu-

1810 4730 2006 4781 tionem
2037 4729 2169 4794 ejus,
2198 4725 2367 4789 qualis
2395 4734 2475 4777 est
2499 4724 2548 4774 in
2576 4723 2748 4776 V'crbu
2776 4723 2890 4791 ejus
2920 4724 3058 4789 quod
3087 4723 3134 4774 in
3170 4725 3365 4790 princi-

1809 4818 1895 4886 pio
1924 4827 2038 4870 erat
2065 4814 2203 4882 apud
2230 4813 2415 4877 Demn,
2446 4822 2497 4865 et
2529 4812 2666 4865 Deus
2693 4822 2807 4864 erat
2835 4811 3081 4875 Verbum,
3107 4826 3200 4878 per
3228 4814 3368 4880 quod

1807 4908 1940 4959 facta
1980 4912 2103 4959 sunt
2129 4901 2327 4956 omnia.
2375 4902 2480 4953 Illis
2531 4911 2706 4953 autem
2753 4900 2840 4967 qui
2874 4915 2988 4953 8.1m
3034 4914 3224 4966 capere
3263 4916 3368 4954 non

1808 5005 2026 5064 possunt
2064 5009 2182 5047 cunt
2228 4991 2458 5060 loquitur
2491 4979 2650 5052 Deus,
2677 5004 2778 5042 non
2814 4989 2912 5042 nisi
2949 5004 3040 5055 per
3067 4999 3361 5042 creaturam

1808 5088 2058 5154 loquitur,
2086 5093 2175 5137 aut
2198 5081 2564 5136 tantummodo
2585 5081 2894 5146 Spiritaletn,
2928 5082 3038 5132 sive
3071 5081 3118 5131 in
3142 5082 3366 5143 somnis,

1807 5179 1923 5232 sive
1943 5178 1991 5229 irt
2017 5176 2233 5236 exstasi,
2251 5175 2300 5226 in
2325 5174 2669 5225 similitudine
2689 5186 2864 5224 rerum
2885 5172 3261 5234 corporalium,
3279 5182 3366 5224 aut

1801 5270 1958 5322 etiam
1988 5281 2080 5334 per
2099 5267 2325 5329 seipsam
2352 5260 2441 5334 [1".
2469 5262 2504 5314 l.
2535 5277 2628 5329 per
2657 5260 2844 5330 ipsum]
2865 5261 3219 5327 Corporalem,
3241 5261 3363 5314 dum

1801 5359 2042 5413 sensibus
2058 5359 2316 5421 corporis,
2335 5357 2417 5408 vel
2443 5356 2613 5419 aliqua
2639 5355 2841 5422 species
2855 5365 3098 5421 apparet,
3117 5355 3196 5407 vel
3222 5354 3362 5406 inso-

1802 5459 1927 5505 naut
1946 5464 2117 5502 voces.
2136 5448 2188 5502 Si
2211 5463 2336 5514 ergo
2352 5447 2514 5500 Adam
2540 5446 2656 5499 talis
2678 5455 2794 5498 erat
2817 5456 2870 5497 ut
2892 5457 3069 5513 posset
3091 5461 3276 5512 capere
3295 5445 3363 5497 il~

1802 5543 1903 5595 lant
1921 5539 2236 5594 locutionem
2263 5537 2375 5602 Dei,
2392 5551 2546 5606 unm
2564 5535 2828 5589 mentibus
2842 5535 3092 5602 angelicis
3107 5550 3197 5604 per
3213 5549 3362 5588 suam

2805 5670 2959 5728 -21
