3886 6224
518 249 616 307 051
1550 248 1612 302 D.
1656 245 1973 303 EUCYPPII
2016 242 2305 300 ABBATIS
2354 238 2676 304 AFRICANI
2841 244 2851 249 “
3683 244 3803 298 ατς

517 362 719 432 praebet
748 361 1097 416 substantiam
1117 400 1130 425 ,
1167 375 1271 414 non
1300 357 1644 412 dubitandum
1676 365 1757 411 est
1793 356 1931 426 quod
1973 354 2090 426 ejus
2118 343 2164 416 Α
2195 355 2930 429 nihus'nascipotuerint,quia
2943 365 3127 428 etpost
3142 357 3402 415 diluvium
3416 359 3798 429 quidamtaies

518 464 749 510 mentem
784 470 877 524 per
903 461 1109 523 tempus
1133 453 1357 506 moverit
1381 449 1518 505 miro
1545 457 1599 503 et
1625 447 1882 504 ineiiabili
1906 448 2085 513 modo,
2197 442 2360 505 fuisse
2376 444 2733 518 reperiuntur,
2753 451 3061 519 ctqumdam
3079 465 3303 518 corpora
3331 451 3614 506 hominum
3645 447 3702 501 in
3723 450 3800 501 in-

520 560 624 599 non
657 546 949 611 motu-ipse
970 557 1062 610 per
1081 551 1312 609 tempus,
1353 539 1509 608 eique
1546 539 1736 609 utique'
1753 541 1854 595 hoc
1875 537 2090 594 salubre
2195 540 2506 600 credibilem
2530 538 2990 610 modumingentia
3019 540 3438 612 nostrisquoque
3452 537 3794 608 temporibus

519 635 675 707 [utile
694 651 755 688 ac
780 629 1016 702 salubre]
1045 643 1366 700 praeceptum
1397 632 1638 687 veritatis
1664 631 2016 701 impresserit,
2035 640 2090 685 et
2192 631 2535 693 exstiterunt,
2567 645 2670 683 non
2699 631 2869 685 solum
2894 629 3156 698 virorum,
3178 630 3524 687 verumetiam
3560 632 3793 682 lentio:-

519 744 637 798 qum
655 725 1027 795 transgressori
1045 739 1199 794 paena
1217 725 1526 789 deberetur,
1544 739 1605 780 ea
1626 726 1737 794 ipsa
1753 724 2090 778 ineliabiliter

519 819 741 872 veritate
789 816 1184 880 monstraverit,
1229 816 1366 870 sicut
1395 816 1682 869 audiuntur
1725 815 1806 866 vel
1848 813 2090 866 videntur

517 908 694 986 omnia
725 905 863 960 bona
896 916 1162 974 praecepta
1194 907 1245 960 in
1276 906 1391 975 ipsa
1422 901 1844 959 incommutabili
1877 903 2090 970 sapien-

519 1000 610 1061 tia,
657 1012 773 1065 qua:
802 997 854 1050 in
907 996 1116 1051 animus
1146 1005 1356 1049 sanctas
1405 1009 1463 1048 se
1504 991 1754 1046 transfert
1798 1005 1867 1044 ex
1915 991 2091 1060 aliquo

518 1096 778 1153 tempore,
811 1099 930 1138 cum
961 1085 1125 1152 ipsius
1155 1085 1330 1138 nullus
1361 1083 1428 1136 sit
1460 1090 1634 1134 motus
1661 1080 1716 1134 in
1741 1089 2000 1148 tempore.
2032 1082 2089 1135 Si

493 1186 695 1236 autem
718 1175 783 1229 ad
805 1191 926 1230 cum
953 1176 1167 1229 modum
1191 1174 1359 1229 Adam
1378 1171 1556 1240 justus
1577 1180 1722 1236 erat,
1742 1182 1802 1228 ut
1825 1173 1873 1228 ei
1902 1173 1968 1227 ad
1993 1172 2093 1228 hoc

517 1284 654 1338 opus
680 1279 825 1324 esset
854 1251 1075 1322 alterius
1117 1276 1381 1320 creaturae
1407 1265 1694 1320 sanctioris
1725 1275 1779 1320 et
1804 1265 2094 1335 sapientio-

517 1360 596 1415 ris
614 1359 923 1424 auctoritas,
958 1370 1051 1424 per
1070 1369 1226 1423 quam
1254 1362 1609 1422 cognosceret
1634 1355 1730 1408 Dei
1760 1354 2091 1410 voluntatem

518 1451 679 1518 atque
703 1447 1018 1516 jussionem,
1058 1443 1197 1498 sicut
1235 1442 1392 1498 nubis
1434 1443 1736 1512 prophetae,
1777 1444 1919 1498 sicut
1959 1444 2095 1512 ipsis

520 1539 714 1610 angeli,
736 1548 832 1590 cur
858 1535 1188 1604 ambigamus
1213 1548 1308 1603 per
1329 1533 1562 1602 aliquam
1591 1529 1856 1604 ejusmodi
1882 1543 2096 1591 creatu-

520 1645 634 1686 ram
660 1628 706 1682 ei
730 1640 849 1681 esse
878 1624 1109 1680 locutum
1136 1625 1322 1689 Deum,
1352 1623 1764 1679 talibus'vocum
1790 1623 1958 1694 signis
1975 1639 2095 1695 qua:

2193 735 2333 774 rum.
2362 719 2510 775 Unde
2535 721 2843 776 credibilius
2870 731 2952 777 est
2980 724 3221 779 homines
3245 724 3444 793 justos,
3479 722 3793 793 appellatos

2201 813 2283 867 vel
2313 813 2532 883 angelos
2556 815 2635 867 vel
2667 814 2804 868 Iilios
2835 813 2952 881 Dei,
2985 815 3416 884 concupiscentia
3449 817 3631 884 lapsos
3661 827 3790 882 pter-

2191 918 2344 959 casse
2377 919 2498 957 cum
2533 903 2771 965 feminis,
2805 919 2963 974 quam
2995 906 3213 974 angelos
3259 921 3474 960 carnem
3522 920 3632 958 non
3687 907 3786 956 ha-

2192 995 2378 1049 bentes
2407 1011 2575 1066 usque
2596 996 2660 1050 ad
2687 996 2816 1050 illud
2845 1006 3121 1065 peccatum
3155 995 3485 1052 descendere
3515 999 3783 1066 potuisse.

2193 1087 2445 1157 Quamvis
2473 1087 2540 1140 de
2570 1087 2888 1155 quibusdam
2916 1087 3250 1142 daemonibus
3278 1085 3367 1156 qui
3408 1087 3514 1140 sint
3545 1085 3783 1151 improbi

2197 1178 2513 1233 mulieribus
2535 1193 2562 1230 a
2587 1166 2770 1232 multis
2793 1188 2899 1232 tam
2922 1178 3088 1232 multa
3108 1179 3374 1240 dicantur,
3401 1186 3459 1230 ut
3484 1193 3588 1231 non
3624 1176 3784 1230 facile

2195 1270 2263 1323 sit
2291 1269 2459 1324 dehac
2490 1283 2549 1324 re
2577 1267 2876 1324 deﬁnienda
2909 1272 3174 1324 sententia
3198 1267 3280 1340 [L.
3310 1267 3535 1323 delinire
3559 1279 3785 1323 scnten-

2198 1358 2370 1430 tiam].

2745 1450 2972 1507 CAPUT
3009 1448 3221 1505 XLVII.

2198 1540 2276 1594 De
2303 1557 2422 1594 arca
2449 1540 2498 1594 Ν
2506 1557 2563 1594 oe
2585 1557 2604 1595 :
2631 1550 2798 1593 utrum
2826 1540 3074 1591 animalia
3101 1540 3272 1592 omnia
3299 1554 3415 1591 cum
3449 1539 3574 1590 escis
3605 1552 3783 1588 rerum

2268 1601 2403 1680 ferre
2425 1611 2665 1681 potuerit,
2687 1611 2751 1665 de
2772 1610 2946 1664 eodem
2971 1608 3321 1676 Quaestionum
3347 1609 3398 1662 in
3422 1607 3606 1662 Genesi
3628 1607 3782 1660 libro.

521 1720 814 1789 intelligere
845 1716 1068 1788 posset?
1100 1714 1234 1771 Illud
1257 1715 1402 1771 enim
1432 1715 1575 1786 quod
1623 1723 1808 1786 postea
1835 1714 2093 1785 scriptum
2124 1712 2170 1773 Β
2271 1723 2346 1778 De
2373 1737 2496 1777 arca
2541 1721 2654 1777 Noe
2697 1721 2860 1790 quaeri
2893 1719 3032 1774 solet
3071 1727 3248 1774 utrum
3295 1727 3439 1774 tanta
3489 1717 3781 1786 capacitate

490 1888 492 1890 ν
526 1820 630 1876 est,
662 1825 784 1866 cum
814 1817 1144 1879 peccassent,
1175 1821 1270 1863 eos
1293 1805 1508 1864 audisse
1537 1821 1726 1863 vocem
1757 1807 1966 1863 Domini
2000 1805 2092 1862 Dci
2195 1821 2390 1884 quanta
2432 1811 2753 1868 describitur
2791 1810 3040 1863 animalia
3084 1809 3262 1863 omnia
3299 1821 3420 1878 quae
3452 1809 3504 1861 in
3533 1823 3654 1862 eam
3703 1807 3782 1859 in-

517 1904 877 1961 ambulantem
907 1899 1000 1974 [Ρ.
1026 1899 1368 1980 ambulantis]
1399 1901 1452 1954 in
1493 1899 1741 1968 paradiso
1763 1939 1780 1968 ,
1825 1899 1950 1970 quia
1984 1913 2091 1955 non
2192 1917 2379 1975 gressa
2404 1901 2656 1958 dicuntur
2679 1908 2734 1958 et
2762 1914 2917 1957 escas
2944 1914 3128 1954 eorum
3152 1898 3293 1954 ferre
3317 1897 3568 1968 potuerit.
3609 1897 3782 1963 Quam

520 2008 619 2065 per
640 1993 813 2064 ipsam
839 1989 932 2045 Dei
953 1988 1335 2054 substantiam,
1353 1987 1450 2043 sed
1469 2001 1564 2058 per
1583 1987 1852 2043 subditam
1874 1989 1920 2043 ei
1945 2003 2095 2043 crea-

2223 1995 2558 2066 |uaestionem
2579 1983 2762 2049 cubito
2792 1991 3120 2063 geometrico
3140 1990 3300 2045 solvit
3325 1988 3606 2060 Origenes,
3635 2002 3782 2042 asse-

520 2095 692 2140 turam
725 2081 920 2137 factum
951 2089 1063 2147 est,
1096 2079 1245 2135 nullo
1272 2076 1662 2150 mododubitat
1693 2077 1784 2148 qui
1815 2079 1974 2134 iidem
2003 2093 2093 2134 ca-
2193 2099 2319 2142 rens
2371 2097 2480 2139 non
2542 2083 2739 2138 {msti-a
2788 2082 3117 2151 Scripturam
3167 2080 3366 2136 dixisse
3409 2079 3550 2149 quod
3602 2079 3782 2134 loses

521 2174 769 2246 tholicam
790 2170 950 2240 sapit.
969 2168 1048 2224 Ab
1064 2169 1164 2223 hoc
1180 2168 1323 2224 enim
1344 2177 1402 2223 et
1422 2165 1695 2236 aliquanto
1721 2169 1877 2223 latius
1902 2167 1967 2222 de
1993 2167 2094 2222 hac

521 2279 580 2319 re
603 2262 870 2318 disserere
897 2260 1205 2330 volui,‘quia
1230 2257 1475 2315 nonnulli
1499 2258 1738 2316 haeretici
1763 2260 2094 2331 putantsub-

521 2355 769 2409 stantiam
801 2351 917 2408 Filii
947 2351 1066 2419 Dei,
1089 2351 1240 2406 nullo
1260 2358 1538 2422 assumpto
1561 2351 1807 2423 Corpore,
1832 2367 1928 2422 per
1954 2352 2094 2423 seip-

521 2447 634 2501 s'am
656 2459 774 2500 csse
794 2443 1083 2510 visibilem,
1101 2451 1156 2498 et
1182 2443 1302 2499 ideo
1329 2452 1615 2514 antequam
1643 2458 1707 2497 ex
1737 2442 1950 2514 virgine
1973 2456 2096 2498 cor-

523 2551 621 2607 pus
645 2535 933 2606 acciperet,
955 2534 1130 2607 ipsum
1163 2522 1337 2588 visum
1366 2547 1490 2589 esse
1512 2534 1751 2602 patribus
1772 2533 2093 2603 opinantur,

526 2635 779 2698 tanquam
806 2625 874 2682 de
903 2621 1021 2682 solo
1041 2623 1152 2682 Deo
1183 2624 1339 2683 Patre
1368 2625 1569 2681 dictum
1601 2626 1668 2681 sit
1688 2651 1709 2692 ,-
1738 2625 1907 2693 Quem
1939 2640 2100 2682 nemo

525 2717 801 2775 hominum
827 2716 1120 2786 vidit,'uec
1146 2718 1328 2774 videre
1359 2723 1569 2788 potest,
1600 2718 1725 2789 quia
1754 2715 1920 2774 Filius
1953 2717 2101 2775 visus
2165 2722 2172 2727 ‘

526 2795 769 2866 sitr‘iante
808 2801 1082 2891 acceptam
1125 2807 1268 2864 servi
1305 2807 1565 2876 formam,
1596 2809 1754 2864 etiam
1787 2823 1886 2879 per
1929 2808 2099 2880 ipsam

529 2895 878 2982 substantiam
903 2913 1088 2967 suam;
1117 2915 1240 2969 quae
1267 2899 1517 2971 impietas
1548 2899 1734 2970 procul
1763 2913 1795 2955 a
1823 2899 2102 2958 catholicis

529 2992 797 3057 tuentibus
824 2989 1133 3062 repellenda
1159 3000 1262 3047 est.

1051 3104 1161 3174 39
1195 3102 1422 3161 cauur
1459 3105 1620 3162 va.

501 3162 612 3253 'De
638 3197 912 3270 quastione
934 3162 1196 3321 atrati-niti;
1212 3195 1628 3321 Mathusalae,”
1644 3197 1736 3254 lib.
1763 3193 2109 3266 Questioan

1199 3282 1228 3322 ι
1318 3283 1478 3321 caesa.

1318 3283 1376 3321 en
1382 3283 1454 3321 688
1461 3305 1478 3321 ο

608 3357 788 3428 Quaeri
817 3356 958 3431 solet
1002 3355 1274 3431 quomodo
1315 3358 1666 3428 Ilatbusalem
1696 3339 1986 3416 secundum
2015 3374 2110 3415 an-

535 3455 729 3507 norum
750 3450 1205 3522 computationem
1219 3451 1405 3507 vivere
1434 3459 1555 3520 post
1573 3451 1829 3508 diluvium
1857 3452 2109 3522 potuerit,

475 3597 478 3600 .
536 3558 657 3600 cum
687 3557 875 3597 omnes
903 3550 1096 3611 praeter
1121 3545 1216 3598 eos
1240 3541 1328 3614 qui
1354 3543 1406 3596 iu
1429 3555 1605 3596 arcam
1629 3542 1853 3612 ingressi
1876 3552 2000 3598 sunt
2023 3557 2113 3612 pe-

537 3634 707 3707 riisse
725 3628 1012 3692 dicantur?
1033 3627 1142 3687 Sed
1158 3633 1295 3690 hanc
1320 3633 1674 3701 quastionem
1705 3629 1936 3711 plurium
1963 3631 2112 3686 codi-

540 3739 664 3778 cum
705 3721 1034 3778 mendositaa
1061 3722 1287 3792 peperit.
1337 3722 1452 3777 Non
1479 3722 1653 3778 solum
1682 3723 1881 3792 quippe
1910 3722 1963 3777 in
2011 3722 2117 3778 He-

535 3814 702 3868 breis
728 3809 884 3869 aliter
928 3807 1220 3876 invenitur,
1274 3813 1625 3866 verumetiam
1673 3815 1725 3866 in
1771 3812 2117 3882 Septuaginta

541 3905 985 3975 interpretatione
1006 3901 1374 3968 Mathusalem,
1400 3905 1449 3957 in
1475 3904 1749 3959 codicibus
1780 3904 2119 3971 paucioribus

542 4000 637 4056 sed
661 3998 1022 4055 veraciotibus
1043 4038 1058 4063 ,
1091 4011 1185 4052 sex
1214 4010 1382 4051 annos
1408 4005 1532 4050 ante
1563 3995 1816 4051 diluvium
1854 3997 2121 4065 reperitur

543 4095 713 4153 fuisse
740 4092 1041 4148 defunctus.

1104 4225 1330 4283 CAPUT
1373 4224 1556 4280 XLVI.

550 4323 628 4380 De
649 4338 708 4377 eo
733 4321 869 4388 quod
897 4298 1144 4387 scriptum
1170 4327 1263 4381 est,
1292 4316 1502 4388 angelos
1525 4314 1627 4388 ηεξ
1655 4328 1770 4388 cum
1797 4312 1997 4388 ﬁliabus
2027 4311 2123 4388 Ito-

619 4382 812 4518 35nd»,
843 4382 1189 4452 concubuisse,
1225 4404 1288 4440 ea:
1310 4382 1486 4440 eodem
1514 4385 1641 4439 libro
1676 4382 2027 4451 Quintianum
2061 4383 2124 4435 de

669 4477 822 4515 enest.

551 4559 553 4562 ’
622 4554 752 4607 Item
776 4551 1025 4622 quaeritur
1046 4545 1491 4618 quemadmodum
1518 4545 1785 4614 potuerint
1803 4543 1974 4612 angeli
2001 4535 2122 4598 cum

535 4645 758 4700 .iiliabus
771 4643 1042 4696 hominum
1066 4639 1441 4697 concumbere.
1457 4636 1598 4692 unde
1613 4637 1850 4705 gigantes
1866 4633 1975 4687 nati
2001 4647 2124 4687 es<e

553 4734 937 4804 perhibentur,
971 4731 1214 4798 quamvis
1263 4723 1504 4780 nonnulli
1534 4734 1586 4777 et
1639 4723 1808 4777 Latini
1849 4730 1904 4778 et
1949 4721 2123 4775 Graeci

552 4824 789 4887 codices,
824 4837 929 4878 non
960 4819 1180 4890 angelos
1221 4816 1474 4877 habeant,
1518 4809 1611 4891 sed
1650 4813 1786 4867 Illius
1827 4810 1954 4869 Dei.
1991 4824 2127 4880 quos

553 4915 792 4987 quidam,
822 4911 886 4964 ad
909 4909 1218 4966 solvendam
1244 4908 1402 4962 istam
1432 4895 1816 4976 quaestionem,
1828 4903 2001 4974 justus
2030 4903 2126 4967 hp-

553 5011 726 5065 miues
756 4998 1311 5080 fuissecrediderunt,
1341 4996 1431 5064 qui
1466 5001 1750 5063 potuerunt
1780 4994 1938 5047 etiam
1970 5006 2129 5062 ange-

554 5101 729 5156 lorum
777 5095 992 5150 nomine
1036 5089 1346 5158 nuncupari.
1388 5087 1523 5142 Nam
1558 5086 1626 5142 de
1659 5083 1874 5139 homine
1927 5082 2128 5137 Idanne

555 5193 812 5257 scriptum
837 5195 919 5240 est
947 5200 960 5237 :
989 5179 1128 5235 Ecce
1143 5164 1298 5245 mitto
1318 5180 1563 5250 angelum
1587 5192 1766 5232 meum
1788 5186 1911 5229 ante
1941 5173 2126 5227 faciem

557 5279 827 5348 tuam,qui
848 5272 1167 5346 praeparabit
1187 5273 1322 5325 viam
1341 5280 1504 5324 tuam.
1521 5269 1628 5326 Sed
1657 5271 1755 5323 hoc
1778 5276 1974 5331 movet,
1994 5279 2128 5333 quo-

558 5370 820 5430 modovel
847 5384 912 5421 ex
932 5365 1204 5420 hominum
1219 5360 1502 5416 concubitu
1521 5361 1629 5414 nati
1652 5359 1755 5413 sint
1769 5357 2028 5428 gigantes,
2047 5353 2126 5407 vel

560 5463 771 5521 feminis
804 5457 1015 5514 misceri
1041 5454 1330 5526 potuerint.
1357 5453 1404 5506 si
1432 5465 1540 5506 non
1570 5447 1814 5507 homines
1839 5450 1932 5504 sed
1955 5447 2126 5515 auge'i

562 5558 796 5610 fuerunt.
829 5549 932 5606 Sed
955 5549 1022 5604 de
1051 5545 1372 5618 gigantibus,
1409 5543 1458 5598 id
1489 5551 1571 5597 est
1593 5529 1818 5597 nimium
1841 5541 2129 5611 grandibus

565 5656 722 5716 atque
740 5641 982 5704 iet-tibus,
999 5648 1122 5709 puto
1144 5653 1246 5692 non
1262 5649 1380 5694 esse
1403 5631 1702 5690 mirandum
1725 5634 1862 5705 quod
1887 5650 1948 5691 ex
1974 5633 2136 5687 homi-

2205 2177 2348 2230 omni
2374 2174 2635 2244 sapientia
2660 2172 3031 2244 Egyptiorum
3059 2171 3214 2226 fuerit
3236 2170 3509 2233 eruditus,
3533 2171 3621 2238 qui
3645 2182 3780 2236 geo-

2206 2268 2484 2322 tnetricam
2526 2265 2848 2320 dilexerunt.
2879 2263 3126 2318 Cubitum
3174 2270 3352 2316 autem
3395 2262 3780 2330 geometricum

2198 2362 2329 2418 dicit
2354 2367 2560 2415 tantum
2605 2343 3100 2428 valere,'quautum
3130 2365 3311 2410 nostra
3338 2354 3516 2409 cubita
3547 2368 3640 2406 sex
3687 2365 3778 2404 va-

2202 2452 2337 2508 lent.
2370 2449 2426 2505 Si
2451 2463 2581 2521 ergo
2611 2458 2716 2504 tam
2760 2458 2949 2518 magna
2980 2445 3155 2502 cubita
3202 2445 3594 2515 intelligebant,
3631 2443 3780 2497 nulla

2203 2542 2432 2615 quaestio
2462 2551 2548 2599 est
2584 2551 2746 2598 tanta:
2773 2541 3083 2612 capacitatis
3110 2556 3288 2598 arcam
3319 2540 3484 2597 fuisse
3517 2548 3571 2594 ut
3601 2547 3779 2609 posset

2203 2633 2296 2690 illa
2323 2631 2501 2690 omnia
2533 2631 2828 2689 continere.

2731 2767 2961 2825 CAPUT
3001 2766 3235 2822 XLVIII.

2208 2864 2369 2946 Quod.
2391 2841 2812 2946 recogitationbci
2847 2860 3211 2940 mutandarum
3235 2872 3408 2910 rerum
3437 2856 3514 2946 ait.

2275 2935 2395 2989 bilis
2419 2923 2576 2998 ratio,
2603 2942 2651 2985 et
2674 2935 2735 2985 de
2760 2946 2997 2986 mensura
3012 2943 3146 2983 arca
3172 2929 3228 2981 in
3245 2943 3345 2996 qua
3365 2937 3572 2998 propter

2282 3020 2468 3080 {crpus
2490 2994 2816 3080 probabiliter
2842 3002 3046 3080 metimr
3073 2994 3373 3060 humanius,
3395 3012 3459 3050 ea;
3478 2994 3608 3047 libro
3630 3008 3698 3047 xv
3722 2994 3779 3044 de

2131 3075 2177 3140 C
2282 3072 2498 3130 Civitati!
2520 3072 2637 3126 Dei.

2285 3187 2354 3243 Et
2378 3185 2690 3257 recogitavit
2711 3193 2765 3238 et
2779 3183 2913 3238 dixit
2928 3182 3088 3236 Deus:
3110 3179 3320 3237 Deleatn
3341 3177 3610 3234 homine
3626 3191 3776 3246 quem

2214 3273 2325 3334 feci
2343 3292 2373 3330 a
2403 3277 2538 3331 facie
2584 3284 2765 3339 terrae,
2793 3273 2860 3328 ab
2890 3271 3107 3338 homine
3147 3284 3316 3339 usque
3341 3268 3409 3324 ad
3453 3282 3637 3338 pecus,
3676 3276 3729 3320 es
3748 3281 3775 3317 a

2216 3365 2527 3438 repentibus
2552 3377 2722 3434 usque
2749 3363 2816 3418 ad
2860 3360 3098 3417 volatilia
3125 3360 3271 3425 caeli,
3303 3357 3425 3427 quia
3473 3358 3641 3411 iratus
3668 3369 3777 3408 sum

2216 3457 2467 3528 quoniam
2499 3454 2600 3510 feci
2628 3467 2744 3509 eos.
2770 3451 2848 3506 Ira
2869 3451 2964 3506 Dei
2987 3465 3092 3505 non
3124 3448 3455 3519 perturbatio
3483 3445 3644 3507 animi
3673 3445 3779 3513 ejus

2217 3552 2318 3611 est,
2351 3542 2444 3600 sed
2466 3542 2723 3612 judicium
2747 3555 2856 3610 quo
2884 3540 3146 3608 irrogatur
3173 3547 3330 3606 ptem
3360 3544 3599 3606 peccato.
3633 3535 3778 3602 Cogi-

2218 3635 2350 3690 tatio
2372 3647 2498 3688 vero
2528 3631 2640 3700 ejus
2669 3628 3032 3700 irrecogitatio
3058 3625 3132 3698 [et
3160 3621 3491 3696 recogitatlo]
3514 3619 3787 3678 mutanda?

2219 3741 2338 3781 rum
2357 3738 2536 3780 rerum
2556 3731 2640 3778 est
2655 3719 3002 3776 immutabilis
3019 3718 3176 3773 ratio.
3195 3717 3374 3787 Neque
3390 3718 3529 3770 enim
3547 3715 3684 3770 sicut
3695 3713 3776 3766 ho-

2223 3821 2442 3884 minem,
2459 3817 2535 3871 ita
2548 3815 2715 3871 Deum
2729 3813 3043 3884 cujusquam
3059 3811 3180 3866 iacti
3194 3810 3275 3866 sui
3291 3810 3530 3878 panitet,
3546 3807 3777 3877 cujusest

2224 3909 2290 3964 dc
2317 3907 2567 3963 omnibus
2592 3904 2835 3967 omnino
2857 3904 3015 3958 rebus
3045 3909 3152 3955 tam
3183 3901 3284 3954 lixa
3316 3897 3599 3961 sententia,
3630 3911 3774 3967 quam

2223 4009 2369 4054 certa
2388 3995 2743 4067 pnescientia.
2772 3962 2878 4050 Sed
2909 3993 2954 4047 si
2979 4007 3082 4045 non
3109 3997 3286 4045 utatur
3301 3989 3571 4058 Scriptura
3600 3962 3776 4040 tatibus

2227 4087 2430 4153 verbis,
2447 4102 2553 4142 non
2571 4101 2631 4140 se
2652 4080 3042 4154 quodammodo
3057 4079 3370 4133 familiarius
3392 4079 3622 4132 insinuat
3642 4073 3772 4146 [insi-

2227 4178 2434 4250 nuabit]
2457 4178 2802 4246 omnigeneri
2825 4174 3098 4228 hominum
3117 4171 3308 4239 quibus
3323 4169 3434 4222 vult
3449 4183 3566 4222 e~se
3580 4165 3774 4220 mnsul-

2231 4284 2364 4336 tum,
2382 4279 2439 4324 ut
2461 4275 2741 4338 przctereat
2766 4263 2891 4338 [Ed.
2914 4261 3070 4329 Bern,
3096 4273 3153 4315 ut
3175 4271 3230 4315 et
3260 4257 3577 4329 perterreat]
3603 4269 3772 4321 suger-

2229 4364 2456 4428 bieutes,
2486 4370 2540 4416 et
2555 4360 2744 4414 excitet
2768 4356 3116 4427 negligentes,
3134 4364 3188 4408 et
3204 4365 3452 4408 exerceat
3475 4359 3772 4418 quercum.

2152 4439 2204 4498 Ι)
2227 4464 2279 4510 et
2300 4454 2406 4506 alat
2428 4450 2807 4519 intelligentes,
2828 4446 2967 4517 quod
2987 4460 3090 4498 non
3112 4443 3336 4506 faceret,
3361 4444 3405 4496 si
3429 4457 3532 4495 non
3561 4455 3618 4492 se
3648 4439 3773 4505 prius

2229 4543 2532 4607 inclinaret,
2561 4551 2614 4596 et
2635 4536 3030 4608 quodammodo
3052 4533 3408 4610 descenderet
3444 4532 3508 4586 ad
3537 4533 3771 4597 iacentes.

2228 4632 2376 4700 Quod
2395 4641 2570 4685 autem
2587 4630 2746 4683 etiam
2769 4628 3038 4682 interitum
3054 4611 3291 4680 omnium
3307 4623 3504 4677 animal
3517 4638 3613 4674 .um
3630 4633 3774 4672 terre-

2229 4741 2419 4780 norum
2439 4720 2836 4788 volatiliumqne
2856 4709 3157 4780 denuntiat,
3174 4715 3587 4784 magnitudinem
3607 4712 3772 4763 lutur:

2229 4814 2395 4868 cladis
2421 4811 2642 4876 ellatur,
2679 4825 2782 4864 non
2827 4805 3188 4862 animantibus
3228 4804 3452 4856 rationis
3495 4800 3774 4869 expertibus

2234 4915 2485 4974 tanquam
2529 4912 2581 4958 et
2612 4901 2726 4969 ipsa
2775 4897 3111 4970 peccaverint
3137 4895 3372 4950 minatur
3415 4897 3642 4948 exitium.
3671 4888 3771 4942 iam

2233 5012 2363 5051 vero
2388 4994 2528 5064 quod
2551 4993 2659 5049 Noe
2683 4991 2879 5046 homini
2903 4989 3072 5058 justo,
3098 4997 3151 5043 et
3170 4987 3308 5039 sicut
3327 4985 3398 5039 de
3419 4986 3508 5038 illo
3528 4983 3771 5048 Scriptura

2237 5089 2465 5143 veridica
2499 5082 2755 5158 loquitur,
2794 5086 2845 5137 in
2875 5097 2968 5138 sua
3011 5080 3358 5150 generatione
3396 5075 3648 5145 perfecto,
3679 5084 3768 5123 non

2237 5179 2418 5246 utique
2443 5179 2582 5231 sicut
2607 5173 2911 5243 perﬁciendi
2938 5179 3060 5224 sunt
3083 5169 3225 5223 cives
3250 5168 3488 5222 civitatis
3513 5165 3596 5218 Dei
3626 5163 3673 5216 in
3695 5158 3768 5210 illa

2240 5268 2639 5323 immortalitate
2668 5281 2770 5334 qua
2794 5264 3146 5334 mquabuntur
3172 5261 3378 5329 angelis
3405 5259 3520 5323 Dei,
3543 5255 3626 5310 sed
3652 5253 3768 5306 sicut

2235 5375 2354 5413 csse
2387 5359 2556 5428 putuit
2582 5352 2847 5427 [possunt]
2877 5355 2930 5408 in
2975 5355 3071 5407 hac
3110 5352 3537 5421 peregrinatione
3566 5342 3766 5414 perfecto

2238 5445 2529 5522 [perfecti],
2552 5445 2774 5516 imperat
2793 5446 2930 5499 Deus
2942 5454 2996 5496 ut
3014 5455 3192 5496 arcam
3215 5440 3396 5503 faciat,
3413 5439 3464 5493 in
3480 5451 3574 5508 qua
3597 5434 3763 5506 [Supp-

2239 5534 2382 5607 cum]
2407 5534 2543 5597 suis;
2567 5527 2617 5588 iii
2642 5544 2722 5588 est
2747 5549 2931 5597 uxore,
2963 5541 3016 5586 et
3044 5531 3198 5595 liliis,
3227 5538 3284 5583 et
3312 5528 3558 5591 nuribus,
3584 5531 3635 5580 et
3663 5533 3764 5574 eum

2239 5627 2554 5686 animalibus
2569 5639 2688 5697 qure
2707 5623 2770 5679 ad
2789 5624 2936 5679 illum
2952 5636 3016 5676 ex
3035 5620 3125 5676 Dei
3149 5610 3424 5692 prmcepto
3442 5619 3491 5675 i
3513 5625 3675 5673 arcam
3693 5610 3762 5663 ia-
