3842 6226
126 259 224 312 €55

119 462 279 533 ligura
290 475 372 517 est
388 461 783 532 peregrinantis
799 460 850 514 in
868 461 970 514 hoc
981 459 1177 514 saeculo
1189 457 1422 512 civntatis
1435 457 1548 522 Dei,
1563 456 1666 510 hoc

115 565 191 610 est
214 555 610 621 Ecclesiaqtite
633 551 691 605 ﬁt
707 553 849 606 salva
866 566 962 621 per
978 551 1182 622 lignum
1210 550 1263 603 in
1285 564 1394 617 quo
1413 547 1667 617 pependit

115 646 373 701 mediator
390 645 484 700 Dei
503 653 558 699 et
575 644 874 708 hominum,
894 644 1056 697 homo
1073 642 1232 696 Jesus
1244 640 1513 695 Christus.
1529 639 1664 694 Nam

111 748 164 790 et
181 753 445 791 mensurae
459 736 588 805 ipsae
606 736 980 804 longitudinis,
999 743 1054 788 et
1069 733 1396 795 altitudinis,
1413 731 1530 800 ejus
1545 729 1666 784 lati-

113 825 313 880 tudinis
326 827 375 880 ei
395 825 537 896 [F.et
551 826 764 880 latitnd.
783 824 922 895 ejus]
941 826 1246 894 signiﬁcant
1262 837 1459 891 corpus
1475 823 1666 876 huma-

107 932 258 980 num,
279 919 333 971 in
352 919 512 982 cujus
528 919 759 972 veritate
805 917 872 970 ad
894 915 1144 971 homines
1163 914 1556 984 prienuntiatus
1581 924 1664 968 cat

104 1005 360 1050 venturus
383 1005 437 1050 et
463 997 630 1052 venit.
662 997 889 1059 Humani
917 1001 1113 1070 quippe
1136 1003 1377 1070 corporis
1407 1003 1681 1072 longitudo

102 1097 126 1133 a
153 1085 348 1138 vi-rtice
369 1100 537 1154 usque
559 1086 624 1141 ad
652 1089 868 1158 vestigia
895 1090 1078 1144 sexies
1105 1100 1311 1145 tantum
1337 1093 1496 1147 habet
1520 1109 1678 1162 quam

105 1173 346 1240 latitudo,
379 1192 497 1245 quae
526 1190 610 1232 est
637 1180 704 1233 ab
734 1195 839 1233 uno
872 1180 1037 1253 latere
1066 1182 1133 1234 ad
1166 1182 1396 1236 alterum
1430 1184 1597 1251 latus,
1629 1194 1683 1238 et

103 1265 284 1317 decies
310 1274 513 1319 tantum
541 1267 744 1338 [quam]
770 1269 1010 1336 altitudo,
1039 1273 1192 1339 cujus
1219 1271 1514 1326 altitudinis
1534 1289 1683 1328 men—

102 1369 226 1405 sura
247 1366 330 1408 εει
353 1357 402 1409 in
429 1357 618 1424 latere,
643 1374 674 1412 a
697 1360 861 1415 dorso
883 1360 950 1415 ad
971 1372 1234 1434 ventrem.
1261 1362 1418 1417 Velut
1437 1363 1482 1417 si
1499 1366 1682 1432 jacen-

105 1454 215 1499 tem
251 1448 520 1503 hominem
553 1452 792 1508 metiaris
819 1454 1072 1522 supinum
1099 1468 1193 1508 seu
1226 1469 1476 1523 pronum,
1505 1457 1681 1510 sexies

104 1542 306 1591 tantum
338 1541 524 1609 longus
554 1551 676 1607 est,
705 1557 736 1596 a
764 1545 936 1611 capite
966 1541 1176 1617 [usque]
1201 1544 1267 1597 ad
1299 1546 1494 1615 pedes,
1524 1561 1682 1616 quam

105 1627 246 1681 latus
267 1644 296 1681 a
317 1630 505 1684 dextra
535 1633 589 1684 in
610 1626 910 1696 sinistram,
939 1634 1022 1688 vel
1048 1649 1078 1688 a
1100 1635 1316 1698 sinistra
1339 1637 1394 1690 in
1414 1636 1682 1704 dextram,

102 1726 156 1770 et
175 1716 356 1772 decies
382 1734 539 1788 quam
567 1720 705 1775 altus
728 1738 758 1776 a
784 1706 946 1778 terra.
974 1723 1127 1780 Unde
1148 1725 1283 1780 facta
1309 1735 1394 1782 est
1418 1742 1540 1806 arca
1569 1738 1682 1784 tre-
1711 1725 1758 1786 Β

103 1820 382 1863 centorum
411 1811 463 1865 in
494 1811 826 1881 longitudine
854 1815 1182 1884 cubitorum,
1207 1825 1262 1873 et
1291 1821 1672 1888 quinquaginta

102 1901 154 1956 in
181 1900 479 1964 latitudine.
501 1913 555 1958 et
579 1899 792 1974 triginta
824 1908 874 1960 in
903 1906 1208 1975 altitudine,
1231 1906 1286 1965 et
1308 1909 1448 1979 quod
1477 1912 1671 1966 ostium

103 1993 155 2046 in
183 1993 351 2049 latere
371 1995 598 2064 accepit,
618 1997 856 2065 profecto
874 1999 1003 2054 illud
1024 2010 1107 2055 est
1123 2001 1334 2067 vulnus,
1356 2000 1583 2070 quando
1599 2004 1679 2058 la-

104 2094 188 2137 tus
209 2083 464 2139 Crucilixi
491 2087 672 2142 lancea
697 2091 1016 2156 perforatum
1040 2100 1142 2147 est.
1167 2091 1277 2148 Hac
1303 2094 1499 2163 quippe
1525 2093 1593 2147 ad
1617 2093 1680 2147 il-

103 2174 212 2228 lum
236 2177 510 2234 venientes
530 2180 917 2250 ingrediuntur,
939 2184 1061 2252 quia
1086 2184 1208 2241 inde
1223 2197 1553 2241 sacramenta
1578 2202 1681 2241 ma-

107 2277 308 2320 narunt
327 2269 518 2337 quibus
542 2272 819 2326 credentes
849 2274 1145 2330 initiantur.
1170 2277 1238 2330 Et
1263 2279 1402 2345 quod
1428 2278 1494 2333 de
1525 2273 1700 2346 l'ignis‘

103 2359 379 2425 quadratis
400 2359 512 2415 ﬁeri
530 2361 768 2431 jubetur,
783 2366 1012 2436 undique
1032 2368 1274 2424 stabilem
1290 2370 1450 2424 vitam
1472 2380 1682 2427 sancto-

103 2463 226 2501 rum
257 2448 550 2519 siguillcat;
581 2467 894 2522 quacunque
920 2456 1063 2511 enim
1092 2456 1338 2526 verteris,
1364 2460 1678 2530 quadratum

99 2539 290 2604 stabit,
315 2550 365 2593 et
387 2537 583 2596 caetera
603 2558 757 2612 quae,
782 2562 903 2600 cum
935 2549 987 2602 in
1018 2547 1256 2618 ejusdem
1286 2567 1422 2608 arcte
1451 2563 1686 2610 constru-

101 2630 289 2683 ctione
317 2629 582 2698 dicuntur,
615 2636 1096 2694 ecclesiasticarum
1125 2641 1276 2709 signa
1319 2655 1443 2699 sunt
1475 2658 1678 2700 rerum.

98 2721 205 2775 Sed
235 2736 302 2775 ea
323 2737 465 2777 nunc
482 2727 726 2795 persequi
748 2727 960 2798 longum
990 2741 1094 2797 est,
1120 2732 1294 2788 ethoc
1314 2733 1426 2803 jam
1451 2734 1679 2792 fecimus

99 2815 155 2864 in
188 2827 359 2880 apere
382 2814 523 2881 quod
545 2817 800 2871 adversus
825 2819 1072 2887 Faustum
1096 2821 1439 2878 Manicheum
1465 2815 1680 2894 scripsi.

96 2920 243 2974 mus,
277 2919 553 2982 negantem
581 2909 633 2962 in
666 2909 1010 2984 Hebraeorum
1040 2912 1192 2968 libris
1213 2904 1413 2984 aliquid
1437 2915 1505 2971 de
1529 2918 1684 2972 Chr:-

93 3009 184 3056 sto
229 3014 354 3054 esse
394 3005 788 3072 prophetatum.
816 3002 886 3057 Et
921 2982 1036 3059 ﬁeri
1074 3006 1288 3074 quidem
1308 2982 1493 3075 potest
1535 3016 1675 3063 utet

99 3090 267 3144 nobis
289 3088 568 3159 qnis’piam,
592 3100 646 3146 et
666 3094 803 3149 alius
818 3095 926 3148 alio
945 3107 1181 3164 exponat
1204 3096 1318 3151 haec
1334 3099 1526 3166 aptius,
1551 3099 1678 3153 dum
1705 3078 1757 3144 ε

63 3186 70 3192 ’
95 3191 291 3235 tamen
316 3197 376 3235 ea
401 3197 519 3250 quae
547 3184 797 3238 dicuntur
821 3184 888 3239 ad
920 3184 1056 3240 hanc
1076 3187 1143 3241 de
1170 3203 1272 3256 qua
1300 3189 1565 3258 loquimur
1586 3190 1678 3245 Dei

92 3273 401 3343 civitatem,
433 3275 488 3329 in
517 3276 618 3331 hoc
641 3279 841 3333 saeculo
869 3279 1101 3348 maligno
1123 3289 1370 3348 tanquam
1400 3283 1454 3336 in
1484 3283 1683 3338 diluvio

89 3364 554 3434 peregrinantem,
570 3369 745 3442 omnia
765 3357 1084 3436 referantur,
1103 3372 1148 3426 si
1167 3371 1234 3426 ab
1251 3373 1367 3442 ejus
1379 3373 1580 3446 [sensu]
1593 3375 1681 3444 qui

88 3452 198 3506 ista
231 3453 574 3524 conscripsit,
603 3473 710 3513 non
733 3459 843 3512 vult
868 3461 1022 3530 longe
1043 3462 1294 3519 aberrare
1311 3466 1400 3534 qui
1425 3467 1678 3535 exponit:

87 3544 333 3611 exempli
354 3546 548 3613 gratia,
560 3548 705 3604 velut
719 3547 764 3602 si
782 3549 1042 3618 quispiam
1056 3553 1194 3620 quod
1219 3553 1304 3608 hic
1319 3556 1576 3623 scriptum
1598 3569 1682 3612 est

93 3652 114 3684 ε
132 3631 329 3703 [arce]
353 3635 600 3690 inferiora
625 3637 942 3695 bicamerata
955 3650 1009 3695 et
1025 3642 1354 3723 tricamerata
1372 3643 1536 3700 facies
1561 3661 1680 3701 eam

85 3723 206 3796 [ea]
231 3742 280 3787 ι,
309 3739 411 3778 non
433 3725 570 3794 quod
585 3741 686 3796 ego
707 3726 758 3780 in
783 3727 877 3782 illo
889 3744 1050 3797 opere
1068 3731 1177 3785 dixi
1196 3733 1276 3786 vel
1300 3734 1532 3788 intellexi
1550 3733 1677 3805 [Ed.

1431 252 1851 310 l'llESAL'RUS.
1891 254 2039 311 CAP.
2079 258 2138 311 L.

120 389 291 444 gressa
309 381 456 438 sunt,
475 373 804 427 liberaretur
817 368 1010 424 diluvii
1026 367 1157 422 vasti
1167 377 1293 426 tate.
1312 365 1666 434 proculdubio
1699 373 1750 428 Α

3233 267 3342 325 654

2271 382 2277 387 ’
2328 374 2553 431 CAPUT
2603 374 2783 431 XLIX.

1781 508 2010 574 Qualiter
2038 509 2420 580 intelligendimt
2447 512 2540 563 sit:
2570 511 2697 566 Ecce
2736 514 2895 567 Adam
2921 510 3086 580 factus
3125 525 3200 572 est
3229 526 3343 572 tat-

1847 596 1999 647 quam
2029 596 2159 633 unus
2187 596 2250 634 ea:
2277 580 2442 647 nobis,
2473 597 2535 635 ea:
2569 583 2696 635 libro
2729 599 2779 636 xi
2807 591 2870 638 de
2905 580 3088 640 Genesi
3117 588 3185 640 ad
3212 588 3344 641 litte-

1848 666 1908 702 ra
1913 667 1983 704 νη.

1851 761 1918 817 Et
1942 765 2079 820 dixit
2101 766 2246 822 Deus
2267 783 2279 818 :
2301 765 2435 822 Ecce
2457 767 2623 833 Adam
2647 769 2811 824 factus
2836 779 2918 826 est
2940 782 3180 843 tanquam
3209 792 3343 832 unus

1779 872 1846 912 ex
1875 858 2029 912 nobis
2060 858 2112 912 in
2137 859 2507 928 cognoscendo
2535 859 2729 914 bonum
2757 868 2810 916 et
2831 863 3048 918 malum.
3081 866 3340 932 Quoniam

1781 946 1905 1012 hoc,
1931 962 2024 1015 per
2047 949 2322 1017 quodlibet
2344 959 2400 1006 et
2423 951 2815 1020 quomodolihet
2843 954 3042 1010 dictum
3069 958 3136 1010 sit
3155 998 3170 1020 ,
3203 956 3344 1012 Deus

1783 1049 1959 1094 tamen
1989 1039 2156 1104 dixit,
2187 1055 2293 1096 non
2321 1041 2476 1097 aliter
2522 1043 2916 1113 intelligendum
2946 1058 3056 1115 est,
3089 1050 3227 1118 quod
3271 1051 3346 1107 ait

1788 1147 1952 1184 «unus
1963 1146 2032 1185 ex
2052 1131 2262 1198 nobis,»
2280 1134 2380 1188 nisi
2400 1146 2613 1203 propter
2625 1135 2935 1192 Trinitatem
2963 1154 3215 1195 numerus
3231 1143 3347 1210 ptu-

1782 1220 1908 1273 ralis
1946 1209 2260 1290 accipiatur,
2289 1223 2428 1278 sicut
2448 1224 2663 1279 dictum
2688 1237 2797 1280 erat
2821 1245 2835 1279 :
2870 1225 3144 1283 Faciamus
3170 1209 3345 1284 homi-

1783 1327 1926 1379 nem,
1952 1313 2087 1368 sicut
2115 1312 2276 1368 etiam
2302 1313 2557 1370 Dominus
2576 1316 2645 1371 de
2671 1331 2730 1371 se
2751 1327 2806 1371 et
2836 1316 2992 1373 Patre
3016 1335 3027 1367 :
3064 1317 3347 1377 Venienius

1783 1402 1851 1457 ad
1896 1418 2016 1458 eum
2045 1413 2099 1458 et
2138 1396 2464 1460 mansionem
2507 1406 2647 1476 apud
2684 1421 2806 1462 enm
2834 1406 3129 1466 iaciemus.
3162 1407 3344 1479 Repli-

1783 1489 1959 1548 catum
1989 1505 2072 1550 est
2095 1495 2255 1564 igitur
2282 1497 2335 1551 in
2367 1508 2524 1566 caput
2548 1497 2763 1568 superbi
2787 1515 2895 1570 quo
2924 1502 3068 1565 exitu
3098 1505 3346 1572 concupi-

1784 1582 1920 1639 verit
1947 1586 2088 1654 quod
2127 1600 2159 1640 a
2203 1599 2452 1656 serpente
2499 1598 2804 1658 suggestum
2850 1599 2973 1645 est:
3007 1590 3170 1647 Erilis
3213 1594 3348 1648 sicut

1783 1673 1880 1729 dii.
1911 1674 2072 1740 Ecce,
2103 1675 2293 1745 inquit,
2322 1678 2492 1732 Adam
2525 1676 2695 1734 factus
2719 1690 2801 1734 est
2830 1689 3078 1751 tanquam
3117 1699 3254 1738 unus
3280 1700 3346 1739 ex

1782 1763 1960 1832 nobis.
1981 1765 2156 1822 Verba
2176 1756 2321 1823 enin'i‘
2343 1767 2440 1824 Dei
2468 1779 2592 1823 sunt
2613 1784 2718 1824 non
2740 1779 2844 1824 tam
2868 1769 2991 1825 huic
3021 1772 3347 1836 insultantis,

1778 1871 1938 1928 quam
1966 1866 2192 1913 caeteros
2220 1873 2290 1915 ne
2316 1859 2390 1915 ita
2424 1858 2734 1930 superbiant
2762 1860 3103 1932 deterrentis,
3136 1876 3348 1933 propter

1779 1965 1916 2021 quos
1959 1952 2060 2008 ista
2091 1954 2393 2024 conscripta
2441 1964 2602 2010 sunt:
2634 1954 2826 2010 Factus
2871 1965 2972 2021 est,
3005 1958 3192 2027 inquit,
3227 1967 3346 2012 tan-

1779 2059 1940 2115 quam
1966 2060 2103 2101 unns
2145 2062 2212 2102 ex
2240 2047 2412 2109 nobis.
2446 2051 2499 2102 in
2535 2048 2905 2117 cognoscendo
2933 2049 3128 2105 bonum
3155 2060 3210 2106 et
3237 2066 3346 2105 ωας

1781 2137 1910 2192 lum.
1943 2137 2080 2207 Quid
2105 2140 2245 2195 aliud
2265 2133 2666 2210 inte’liigeudum
2687 2141 2786 2196 nisi
2817 2143 3114 2211 exemplum
3143 2142 3347 2200 timoris

1782 2229 2074 2287 incutiendi
2095 2246 2215 2288 esse
2240 2236 2595 2302 propOSitum,
2620 2234 2758 2300 quod
2786 2248 2891 2288 non
2913 2234 3084 2288 solum
3111 2250 3214 2288 non
3236 2234 3347 2293 luc-

1781 2318 1854 2380 rit
1881 2319 2051 2375 lactus
2077 2321 2249 2389 qualis
2279 2319 2392 2376 ﬁeri
2420 2323 2584 2377 valuit
2611 2316 2703 2394 [Ε.
2727 2319 2936 2395 voluit],
2965 2324 3058 2378 sed
3089 2339 3186 2380 nec
3216 2324 3347 2381 illud

1782 2413 1922 2482 quod
1946 2411 2117 2467 lactus
2140 2412 2310 2468 fuerat
2329 2413 2699 2470 conservavit?
2721 2413 2784 2469 Et
2807 2429 2967 2481 nunc,
2995 2415 3164 2483 inquit
3183 2414 3343 2482 Dens.

1784 2516 1854 2558 ne
1881 2502 2172 2572 aliquando
2192 2504 2446 2558 extendat
2471 2518 2706 2570 manum,
2733 2512 2788 2559 et
2809 2513 2988 2559 sumat
3012 2504 3079 2559 de
3107 2505 3248 2575 ligno
3271 2521 3347 2566 tr,-

1785 2602 1875 2659 tae,
1893 2601 1948 2648 et
1968 2591 2113 2659 edat,
2130 2603 2183 2650 et
2206 2595 2348 2652 vivat
2372 2593 2428 2649 in
2453 2603 2736 2663 aternum,
2765 2604 2819 2649 et
2839 2593 3039 2649 dimisit
3068 2593 3213 2650 illum
3231 2596 3347 2651 .Do-
3386 2597 3388 2600 ’

1784 2684 1960 2739 minus
1986 2683 2127 2740 Deus
2152 2684 2222 2740 de
2243 2684 2492 2754 paradiso
2517 2685 2800 2755 voluptatis
2821 2687 3035 2755 operari
3057 2695 3251 2742 terram
3277 2702 3346 2750 er

1783 2787 1890 2842 qua
1907 2783 2150 2843 sumptus
2170 2782 2272 2830 est.
2293 2773 2578 2850 superiora
2601 2773 2756 2830 verba
2770 2772 2867 2831 Dei
2888 2784 3030 2841 sunt,
3048 2775 3149 2852 hoc
3168 2787 3346 2832 autem

1783 2864 1985 2937 factum
2008 2876 2243 2934 :propter
2280 2867 2595 2934 ipsa'verba
2624 2877 2878 2937 secutum
2921 2874 3022 2923 est.
3071 2854 3348 2936 Alienatus

1784 2955 1927 3013 enim
1954 2972 1990 3012 a
2015 2957 2146 3024 vita,
2177 2972 2282 3013 non
2311 2957 2482 3012 solum
2511 2953 2670 3025 quam
2702 2955 2874 3027 fuerat
2898 2998 2915 3025 ,
2948 2959 2991 3012 si
3022 2968 3348 3030 praeceptum

1784 3031 2068 3117 servasset,
2102 3065 2222 3105 cum
2251 3049 2459 3121 angelis
2486 3058 2821 3120 accepturus,
2851 3052 2944 3107 sed
2973 3051 3040 3108 ab
3069 3053 3155 3109 illa
3185 3053 3348 3111 etiam

1785 3155 1946 3211 quam
1974 3139 2204 3196 ducebat
2233 3140 2286 3195 in
2336 3140 2603 3210 paradiso,
2649 3139 2793 3196 {elici
2832 3143 3058 3211 quodam
3108 3148 3353 3214 corporis

1787 3239 1953 3298 statu,
1980 3231 2217 3298 separari
2243 3232 2428 3300 utique
2455 3230 2640 3309 debuit
2672 3246 2703 3285 a
2733 3228 2874 3300 ligno
2902 3231 3046 3298 vita,
3075 3233 3188 3289 sive
3209 3242 3346 3303 quod

1786 3339 1851 3378 ex
1886 3323 2002 3392 ipso
2030 3322 2104 3377 illi
2131 3323 2446 3378 subsisteret
2485 3322 2616 3377 felix
2640 3319 2727 3378 ille
2753 3323 2866 3391 ipse
2890 3309 3058 3378 Status
3085 3325 3346 3396 corporis,

1782 3428 1848 3468 ex
1863 3427 1922 3468 re
1943 3411 2138 3468 visibili
2161 3413 2358 3468 virtute
2383 3413 2656 3479 invisibili,
2677 3412 2789 3468 sive
2810 3414 2953 3482 quod
2976 3415 3027 3467 in
3049 3430 3142 3469 cos
3158 3413 3242 3486 [L.
3257 3403 3347 3491 ῥυ]

1783 3513 1928 3560 esset
1948 3513 2340 3559 sacramentum
2367 3501 2576 3575 visibile
2592 3501 2873 3558 invisibilis
2893 3505 3190 3574 sapientiae.
3206 3507 3349 3562 Alie-

1785 3597 1989 3651 nandus
2021 3577 2143 3650 inde
2172 3594 2354 3665 utique
2393 3594 2592 3658 fuerat,
2629 3592 2715 3648 sel
2753 3592 2865 3662 jam
2911 3589 3230 3672 meriturus,
3261 3599 3346 3653 vel

1781 3690 1940 3744 etiam
1970 3696 2221 3755 tanquam
2249 3684 2758 3753 cxcommunicatus,
2791 3685 2929 3738 sicut
2954 3687 3112 3738 etiam
3157 3689 3206 3740 in
3246 3686 3347 3743 huc

1784 3782 2050 3851 paradiso,
2067 3781 2120 3835 id
2140 3791 2226 3834 est
2247 3779 2697 3848 Ecclesia,solent
2723 3793 2752 3834 a
2784 3781 3137 3835 sacramentis
3162 3780 3348 3838 altaris

1782 3873 2076 3940 visibilibus
2103 3873 2344 3927 homines
2363 3871 2646 3941 disciplina
2669 3871 3031 3927 ecclesiastica
3059 3863 3346 3928 removeri.

1784 3969 1850 4023 Et
1869 3966 2027 4036 ejecit
2055 3966 2246 4030 Adam,
2275 3955 2328 4020 et
2357 3964 2637 4019 collocavit
2673 3979 2796 4018 eum
2831 3972 3014 4018 contra
3042 3965 3346 4030 paradisum

1780 4059 2065 4129 voluptatis
2092 4077 2104 4110 :
2129 4069 2183 4113 et
2210 4058 2312 4112 hoc
2337 4055 2671 4126 signiﬁcandi
2700 4054 2869 4124 gratia
2893 4054 3087 4110 factum
3117 4064 3220 4120 est,
3251 4057 3348 4110 sed

1781 4159 1958 4204 tamen
1973 4149 2164 4202 factum
2179 4155 2429 4201 utcontra
2443 4145 2692 4215 paradisu
2702 4162 2749 4197 ni
2759 4183 2774 4209 ,
2787 4160 2893 4213 quo
2906 4145 3056 4199 beata
3069 4145 3173 4199 vita
3186 4143 3346 4200 etiam
3408 4144 3413 4149 ’

1775 4239 2087 4310 spiritaliter
2096 4237 2515 4307 signiﬁcabatur,
2532 4235 2792 4290 habitaret
2810 4246 3075 4303 peccator,
3097 4235 3278 4302 utique
3293 4236 3347 4290 in

82 3813 254 3879 Rem,
272 3815 400 3868 velit
421 3813 686 3886 intelligi],
701 3815 908 3885 quisiex
929 3820 1173 3875 omnibus
1193 3819 1441 3891 gentibus
1457 3838 1680 3892 congre-

79 3915 257 3973 gatur
284 3902 544 3972 Ecclesia,
572 3906 952 3962 bicameratam
967 3908 1190 3973 dictam,
1222 3896 1436 3979 promer
1459 3913 1563 3966 duo
1590 3929 1680 3982 ge-

80 4011 226 4050 nera
249 3995 550 4062 hominum,
567 4000 1025 4054 circumcisionem
1044 4001 1248 4056 scilicet
1263 4013 1317 4056 et
1335 4003 1674 4072 praeputium,

77 4088 239 4155 quod
273 4087 564 4154 Apostolus
593 4088 699 4143 alio
729 4091 889 4144 modo
917 4090 1078 4156 dicit,
1107 4093 1319 4148 Judzcos
1342 4107 1398 4149 et
1437 4095 1674 4161 Graecos,

75 4181 503 4234 tricatneratam
535 4195 684 4244 vero,
717 4196 783 4236 eo
812 4182 958 4251 quod
985 4198 1171 4238 omnes
1199 4198 1384 4255 gentes
1412 4188 1478 4240 de
1509 4188 1677 4241 tribus

72 4269 218 4324 ﬁliis
252 4268 372 4323 Noe
402 4280 521 4336 post
542 4271 812 4329 diluvium.
825 4285 1085 4341 reparata:
1114 4287 1276 4341 sunt;
1308 4277 1400 4331 sed
1428 4277 1568 4330 aliud
1595 4278 1677 4330 di-
1775 4268 2676 4343 ΨῘ¹¹³Ϊ¹¹¹⁵¹⁵⁸ῗ¹⁶¹³ῗῗνῗυῖἶωλωέιῗῖ

70 4371 171 4415 cat
193 4325 414 4431 aliquid
438 4364 576 4431 quod
605 4325 959 4436 sanasse]
989 4325 1671 4434 reg..i.1'.';o’..'.'iliisin}.
1710 4434 1733 4436 Α
1780 4331 2023 4436 ¹¹ξί⁵⁸¹ί³³
2067 4325 3349 4436 e'“9‘27"?-°‘f?f§‘k‘_“f1‘l‘$‘ft°‘}ff_"':’."_':

70 4452 119 4508 Ν
299 4417 316 4431 -
407 4453 417 4461 ο
454 4417 468 4431 -
691 4417 699 4419 ~
735 4417 757 4484 ξ
823 4455 834 4465 υ
897 4417 959 4466 ᾖ»
989 4417 1135 4482 "10f
1196 4417 1208 4419 '
1235 4417 1296 4420 '"
1705 4434 1755 4494 Β
1784 4426 1989 4492 ριιωεω
2023 4435 2144 4491 qua;
2173 4421 2399 4475 vertitur
2430 4417 2698 4472 custodire
2727 4419 2866 4472 Viam
2898 4417 3021 4486 ligni
3061 4417 3203 4471 νίῑιὲ·
3237 4417 3347 4472 11υο

72 4543 86 4561 ,
123 4467 226 4506 am
246 4466 508 4520 quonam
535 4455 874 4561 minus"!
897 4459 1548 4561 "“‘.’"°'.'”"‘°"""'.‘"°."e‘
1567 4458 1676 4528 ω
1776 4531 1870 4561 m-r
1893 4515 2142 4561 cmlestes
2165 4511 2345 4561 utiuue
2375 4518 2663 4561 potestates
2685 4506 2846 4561 etiam
2870 4507 2925 4561 in
2948 4507 3193 4561 paradiso
3221 4508 3345 4561 visi-

67 4515 303 4597 liabere
326 4558 501 4598 arcam
529 4547 713 4610 voluit,
735 4548 1081 4602 veruinctiam
1106 4550 1158 4602 in
1182 4550 1545 4617 superioribus
1889 4515 2142 4617 fdest
2165 4515 3345 4617 ωιαυθθωίῗδωιῗᾳιῳξὶἰι-Ρ

63 4636 202 4691 hac
227 4633 374 4688 dixit
397 4600 742 4701 bicamerata,
768 4648 824 4692 et
849 4642 899 4690 in
923 4600 1292 4707 superioribtis
1311 4643 1667 4709 superiorum,
1773 4609 1865 4711 1’?“
1886 4607 2082 4711 “sum
2923 4600 3224 4711 sei??qu
3239 4615 3344 4711 Ψ.

62 4739 127 4781 ει
190 4721 345 4779 haec
367 4727 655 4793 appellavit
697 4692 1061 4792 tricamerata,
1093 4692 1667 4805 illisi—.LLIJJQLJ
1773 4694 2488 4807 ’ξίειέτίῄυῗιξέέξίῧξῖῗίεξτζῗ
2507 4692 3343 4807 ﬁffdfﬁ'ﬁ231f'i‘fgjf2f:‘32:???

62 4835 286 4876 versus
346 4782 500 4874 ιεὲἱίε
564 4833 910 4892 consurgeret
967 4782 1271 4891 ιιειιὲίιείίοζ
1307 4782 1670 4896 Basilii}
1772 4783 2638 4896 .‘f“s‘f‘f‘f.°,“'_‘f‘_‘_’ifi’:"iifﬂ'i‘i
2667 4782 3344 4896 ῗῗέῗῗὲἷθῖίηῗξὶίέῗῗῖἱίί³¹¹¹

62 4872 438 4979 esse...
489 4872 594 4965 si.
636 4872 909 4982 51:21};
956 4872 1296 4970 satis};
1317 4872 1670 4986 ’τιξιᾷξίδιιςξῖ
1779 4878 2090 4949 dum“
2122 4876 2392 4945 νεπεσίεοο
2561 4885 2645 4929 εει
2673 4873 2856 4940 υιίιιυα
2882 4872 3247 4928 “Medum-

60 5003 253 5065 lides,
315 5014 477 5068 spes,
525 4988 780 5057 elisi-itas.
826 4995 1052 5057 Possunt
1080 5009 1240 5058 etiam
1273 5008 1437 5060 multo
1478 5020 1671 5063 conve-

55 5095 336 5148 nientiae
401 5098 510 5145 tres
559 5091 667 5146 illae
718 5095 988 5148 nbertates
1035 5097 1383 5165 evangelicae,
1438 5100 1668 5164 tricena,

51 5199 387 5252 sexagena,
410 5193 654 5247 centena,
680 5194 738 5235 ut
762 5185 815 5237 in
837 5185 1024 5238 intimo
1042 5185 1242 5239 habitet
1270 5187 1518 5253 pudicitia
1540 5203 1668 5242 con-

45 5279 150 5346 jug
172 5278 300 5335 -lis,
334 5287 489 5340 Supra
521 5274 766 5342 vidualis,
793 5285 950 5343 atque
982 5278 1081 5330 hac
1107 5280 1353 5344 superior
1375 5279 1666 5346 virginalis,

47 5383 103 5424 et
129 5367 180 5420 si
217 5363 375 5434 quid
402 5366 589 5418 melius
629 5368 923 5430 secundum
955 5367 1112 5421 [idem
1141 5369 1367 5422 civitatis
1398 5369 1553 5435 hujus
1584 5373 1666 5423 in-

39 5459 239 5526 {elligi
292 5463 358 5506 ct
394 5454 496 5507 dici
538 5467 732 5524 potest.
778 5458 890 5512 Hoc
915 5460 1072 5511 etiam
1104 5459 1172 5512 de
1199 5457 1408 5514 caterls
1438 5463 1671 5528 quin-hic

43 5544 405 5615 exponenda
431 5555 555 5599 sunt
583 5547 835 5616 dixerim,
858 5548 980 5617 quia
1005 5546 1106 5602 etsi
1135 5563 1239 5602 non
1260 5564 1376 5603 uno
1399 5549 1668 5604 disserun-

45 5657 142 5701 tur
167 5639 386 5702 modo,
409 5637 473 5691 ad
497 5654 652 5696 unam
676 5647 853 5697 tamen
874 5640 1154 5697 catholica:
1184 5641 1303 5700 ddei
1328 5642 1667 5700 concordiam

40 5727 390 5792 revocanda
419 5737 565 5783 sunt.

2388 5007 2613 5064 CAPUT
2654 5007 2715 5062 L.

1773 5128 2040 5201 Quomodo
2081 5127 2242 5201 Adam
2275 5140 2374 5176 non
2416 5125 2479 5176 sit
2509 5121 2768 5201 seductus,
2796 5128 2849 5201 ut
2880 5119 3016 5170 dicit
3037 5113 3340 5201 Apostolus,

1839 5216 1954 5251 cum
2011 5200 2143 5250 idem
2194 5196 2328 5247 dicat
2374 5209 2486 5247 eum
2537 5192 3009 5260 prevaricatorem,
3056 5203 3120 5240 ex
3160 5187 3339 5238 eodem

1845 5272 1974 5324 liora
2001 5284 2072 5321 xu.

1849 5363 1978 5418 Illud
2024 5361 2189 5428 magis
2235 5365 2432 5421 movet,
2461 5357 2507 5409 si
2534 5355 2641 5423 jam
2689 5349 2943 5420 spiritalis
2970 5358 3090 5404 erat
3133 5349 3332 5408 Adam.

1776 5456 2018 5522 quamvis
2049 5461 2256 5513 mente,
2286 5429 2389 5500 non
2415 5458 2662 5513 corpore,
2692 5439 2964 5511 quomodo
2991 5439 3211 5492 credere
3241 5454 3332 5508 po-
3428 5472 3432 5477 ς

1778 5547 1938 5603 tuerit
1967 5544 2106 5615 quod
2151 5558 2244 5610 per
2285 5548 2586 5608 serpentem
2620 5537 2824 5590 dictum
2863 5543 2982 5598 est,
3015 5532 3133 5584 ideo
3176 5531 3338 5631 Deum

1779 5637 2112 5708 prohibuisse
2141 5647 2206 5686 ne
2251 5631 2422 5685 l'ruetu
2459 5628 2587 5696 ligni
2627 5626 2778 5682 illius
2816 5632 3181 5686 vescerentur,
3213 5626 3337 5689 quia

1777 5731 1980 5790 sciebat
2006 5741 2109 5785 eos.
2135 5727 2178 5784 si
2204 5719 2692 5793 lccissent,l‘uturos
2718 5731 2836 5776 esse
2867 5727 2924 5774 ut
2951 5717 3100 5785 deos,
3116 5721 3336 5786 propter
