3886 6224
519 290 619 346 ὀΐζῧ

523 497 717 553 bonum
750 513 1005 556 creatura:
1037 518 1145 555 sua:
1173 503 1392 556 Crcator
1439 504 1714 558 inviderit.
1751 506 1862 559 lloc
1893 507 2083 559 mirum

521 592 564 644 si
595 593 754 648 homo
782 595 1004 660 spiritali
1050 606 1229 651 mente
1273 597 1526 663 prmditus
1550 597 1770 652 credere
1801 599 2081 665 potuisset,

522 696 588 734 an
619 684 736 749 quia
768 685 863 736 hoc
891 684 1107 740 credere
1157 689 1270 754 ipse
1302 702 1405 740 non
1429 697 1629 756 possm,
1656 698 1933 756 propterea
1963 702 2082 740 mu-

523 772 620 824 lier
647 772 824 826 addita
855 782 954 838 est,
987 790 1106 843 quas
1133 778 1279 844 parvi
1312 777 1613 833 intellecms
1642 786 1805 841 esset,
1833 785 1888 830 et
1913 775 2086 828 adhuc

521 860 744 915 fortasse
792 864 1081 918 secundum
1132 881 1347 920 sensum
1399 869 1603 932 carnis,
1654 883 1758 920 non
1792 866 2084 920 secundum

519 951 762 1018 spiritum
808 956 1002 1010 mentis
1040 958 1276 1022 viveret,
1307 968 1360 1014 et
1391 959 1488 1012 hoc
1520 966 1600 1014 est
1632 956 1772 1024 quod
1803 957 2088 1023 Apostolus

520 1043 568 1094 ei
601 1059 704 1097 non
742 1046 922 1101 tribuit
950 1048 1231 1117 imaginem
1266 1049 1392 1103 Dei?
1414 1049 1502 1103 Sic
1528 1049 1672 1102 enim
1703 1049 1778 1101 ait
1808 1066 1822 1102 :
1855 1047 1948 1102 Vir
1973 1049 2090 1116 qui-

521 1130 640 1185 dem
672 1148 775 1187 non
809 1134 968 1189 debet
996 1137 1171 1191 velare
1199 1145 1356 1203 caput
1384 1150 1561 1199 suum,
1592 1150 1712 1189 cum
1745 1137 1816 1191 sit
1834 1137 2009 1205 imago
2037 1144 2088 1190 et

521 1219 687 1288 gloria
723 1221 854 1290 Dei,
889 1227 1074 1279 mulier
1104 1234 1279 1278 autem
1311 1225 1477 1293 gloria
1509 1225 1610 1279 viri
1655 1233 1736 1279 est
1771 1243 1782 1276 :
1817 1240 1921 1279 non
1951 1224 2090 1294 quod

524 1327 676 1367 mens
704 1313 911 1368 femina:
956 1314 1193 1369 eamdem
1224 1316 1506 1385 imaginem
1537 1330 1732 1386 capere
1763 1331 1868 1371 non
1899 1317 2089 1385 possit,

525 1416 644 1457 cum
679 1404 730 1457 in
759 1405 842 1457 illa
874 1405 1037 1474 gratia
1070 1421 1166 1460 nos
1195 1406 1338 1461 dicat
1381 1423 1482 1463 nec
1512 1409 1801 1463 masculum
1842 1423 1963 1465 esse
1994 1423 2092 1465 nec

528 1493 798 1557 feminam,
825 1495 916 1549 sed
950 1489 1088 1564 quod
1122 1497 1365 1553 fortassis
1407 1499 1493 1553 illa
1523 1499 1622 1554 hoc
1651 1499 1885 1554 nondum
1910 1515 2095 1569 perce-

527 1593 678 1653 perat
704 1585 843 1654 quod
877 1586 933 1640 lit
977 1586 1029 1641 in
1059 1577 1327 1657 agnitione
1369 1589 1500 1655 Dei,
1544 1598 1600 1645 et
1638 1591 1758 1645 viro
1786 1600 2013 1661 regente,
2033 1604 2096 1646 ac

526 1677 869 1746 dispensante
901 1680 1147 1749 paulatim
1182 1679 1352 1737 fuerat
1378 1677 1709 1752 perceptura.
1741 1682 1923 1754 Neque
1951 1681 2094 1736 enim

1600 303 1667 354 1).
1713 297 2025 354 EUGYPPII
2069 275 2716 356 annarts‘armcm

521 408 935 475 ilignosccntiam
993 412 1112 465 honi
1147 420 1194 464 et
1229 411 1377 475 mali,
1426 419 1675 480 tanquam
1727 413 1826 467 hoc
1880 422 2081 467 tantum
2114 421 2160 479 Α

3688 301 3791 348 65b

2727 415 2831 484 [ιι
2870 413 3094 469 (ΖΛῐύΤ
3136 412 3218 466 Ll.

2191 507 2267 560 De
2300 508 2553 559 creatione
2584 508 2739 572 primi
2779 509 3017 570 hominis,
3045 515 3092 559 et
3119 508 3180 558 de
3219 501 3518 556 consulibus
3553 500 3787 572 rationi—

2261 579 2370 638 ιω,
2396 578 2471 628 vel
2492 570 2746 643 quomodo
2763 577 2926 628 additi
2949 579 3053 629 sint
3072 577 3194 628 anni
3214 574 3508 643 quindecim
3538 570 3782 623 Exte/ria

2257 646 2366 712 regi
2393 646 2461 696 ad
2509 647 2682 710 vitam,
2713 663 2858 714 quem
2887 646 3194 712 prmdixerat
3239 660 3344 697 non
3384 644 3665 705 uicturum,
3717 655 3780 692 ea

2257 715 2386 765 libro
2419 729 2468 767 vt
2495 715 2556 768 de
2586 715 2766 770 Genesi
2795 717 2862 768 ad
2886 717 3128 769 litteram.

2261 803 2315 857 In
2347 803 2430 858 illa
2462 804 2629 873 prima
2657 804 2962 859 conditione
2991 803 3197 867 mundi,
3216 817 3353 861 .cum
3395 801 3534 854 Deus
3563 796 3778 852 creavit

2189 894 2387 958 omnia,
2413 893 2570 947 simul
2595 893 2753 948 homo
2781 893 2947 947 factus
2969 901 3052 946 est
3073 890 3212 962 [cum
3241 891 3380 944 Deus
3401 889 3580 942 omnia
3609 885 3774 940 simul

2189 985 2411 1049 creavit,
2445 985 2604 1038 homo
2653 984 2821 1038 factus
2851 981 2975 1051 est],
3005 984 3094 1052 qui
3139 990 3281 1036 esset
3327 979 3556 1034 futurus.
3612 979 3774 1031 Ratio

2189 1073 2402 1127 creandi
2432 1073 2685 1137 hominis,
2718 1087 2821 1127 non
2843 1073 2984 1127 actio
3015 1073 3203 1139 creati,
3235 1070 3330 1126 sed
3369 1071 3484 1124 haec
3524 1068 3688 1122 aliter
3720 1068 3772 1119 in

2190 1164 2353 1218 verbo
2383 1164 2501 1230 Dei,
2526 1164 2614 1218 ubi
2642 1165 2741 1218 ista
2769 1179 2873 1219 non
2901 1165 3031 1219 facta
3074 1164 3170 1218 sed
3199 1170 3396 1216 mterna
3425 1171 3577 1222 sunt;
3612 1161 3774 1212 aliter

2194 1257 2246 1309 in
2295 1256 2576 1310 elementis
2623 1256 2826 1319 mundi,
2857 1257 2946 1311 ubi
2970 1256 3148 1311 omnia
3196 1255 3352 1308 simul
3383 1253 3557 1307 omnia
3606 1252 3769 1308 facta.

2193 1345 2368 1401 futura
2401 1356 2555 1411 sunt;
2588 1348 2740 1402 aliter
2783 1349 2836 1401 in
2870 1349 3031 1402 rebus
3076 1361 3195 1416 qua:
3241 1345 3534 1401 secundum
3582 1357 3772 1398 causas

2191 1435 2354 1491 simul
2396 1445 2606 1490 creatas
2635 1451 2738 1490 non
2765 1435 2877 1506 jam
2902 1435 3085 1496 simul.
3112 1435 3206 1489 sed
3235 1449 3331 1488 suo
3357 1446 3582 1503 quaeque
3615 1433 3770 1502 [quo-

2202 1525 2328 1599 que]
2354 1535 2594 1596 tempore
2613 1527 2880 1590 creantur,
2905 1527 2955 1580 in
2977 1525 3168 1594 quibus
3190 1525 3355 1580 Adam
3381 1523 3490 1592 jam
3515 1523 3770 1576 formatus

2195 1632 2262 1672 ex
2295 1619 2421 1673 limo
2449 1628 2504 1674 et
2532 1618 2627 1674 Dei
2655 1618 2780 1672 tlatu
2807 1619 3092 1685 animatus,
3122 1617 3256 1673 sicut
3285 1616 3461 1672 fenum
3487 1625 3765 1676 exortum;

2197 1710 2354 1765 aliter
2383 1711 2434 1764 in
2465 1710 2781 1779 seminibus,
2826 1710 2879 1765 in
2910 1710 3102 1780 quibus
3133 1723 3319 1764 rursus
3356 1707 3507 1776 quasi
3537 1707 3766 1775 primor-

528 1766 720 1870 imsm
762 1778 816 1822 θί
860 1770 986 1870 in“?
1016 1771 1326 1870 ,ᾹΡθῗ-ίοωδ
1352 1775 1425 1870 ai!
1454 1773 1666 1870 {Aliam
1717 1775 1859 1829 enim
1893 1773 2095 1870 Primus
2124 1779 2170 1839 Β
2199 1799 2367 1855 diales
2416 1814 2593 1855 causa
2621 1766 2955 1870 repetuntur,
2985 1799 3057 1856 de
3105 1799 3264 1854 rebus
3311 1766 3482 1852 ducta:
3523 1766 3647 1864 quae
3686 1811 3765 1849 se-

529 1856 785 1914 formatus
809 1869 914 1927 est,
948 1861 1137 1917 deinde
1157 1861 1262 1916 Eva
1287 1881 1299 1916 :
1325 1872 1378 1918 et
1400 1861 1567 1918 Adam
1590 1879 1693 1918 non
1719 1873 1803 1919 est
1821 1864 2095 1932 seductus,

530 1951 719 2005 mulier
747 1961 924 2007 autem
950 1953 1163 2007 seducta
1196 1954 1248 2008 in
1277 1955 1716 2024 praevaricatione
1748 1954 1886 2009 facta
1917 1962 2019 2020 est,
2043 1954 2122 2020 id,

523 2051 613 2095 est
657 2054 710 2096 ut
760 2058 852 2110 per
898 2043 1037 2096 illam
1085 2045 1243 2097 etiam
1275 2044 1354 2097 vir
1397 2046 1854 2113 praevaricaretur.
1883 2043 2014 2099 Nam
2044 2051 2100 2099 et

529 2131 701 2200 ipsum
724 2132 852 2187 dicit
880 2133 1340 2202 praevaricatorem
1363 2134 1453 2188 ubi
1475 2135 1576 2189 ait:
1611 2134 1665 2189 ln
1694 2135 2096 2190 similitudinem

534 2224 982 2290 praevaricationis
1013 2225 1139 2280 Adae
1168 2226 1256 2294 qui
1285 2234 1366 2280 est
1394 2224 1560 2280 forma
1591 2226 1749 2282 futuri
1775 2243 1790 2299 ;
1819 2226 2096 2286 seductum

531 2325 708 2370 tamen
755 2325 930 2387 negat.
963 2316 1092 2371 Nam
1124 2328 1177 2373 et
1217 2318 1578 2389 interrogatus
1619 2333 1727 2373 non
1766 2319 1869 2378 ait;
1910 2317 2098 2374 Mulier

527 2421 688 2475 quam
709 2408 900 2464 dedisti
929 2423 1134 2465 mecum
1163 2409 1377 2464 seduxit
1396 2425 1501 2476 me,
1526 2419 1579 2465 et
1601 2408 2095 2475 manducavi;sed:

531 2499 649 2567 Ipsa
679 2500 831 2565 mihi,
881 2499 1072 2569 inquit,
1103 2499 1249 2554 dedit
1286 2513 1315 2552 a
1350 2500 1491 2570 ligno
1520 2509 1574 2553 et
1606 2497 1957 2553 ‘manducavi.
2007 2496 2097 2553 Illa

531 2607 705 2647 vero:
758 2595 1022 2660 Serpens,
1075 2591 1264 2662 inquit,
1305 2591 1514 2646 seduxit
1568 2604 1673 2646 me.
1721 2589 1797 2644 Ita
1846 2589 2098 2654 Salomon

533 2684 616 2737 vir
661 2691 820 2736 tanta:
871 2684 1176 2752 sapientiae,
1230 2681 1592 2752 nunquidnam
1642 2681 1966 2738 credendum
2017 2688 2101 2736 est

532 2777 673 2845 quod
702 2778 751 2830 in
774 2755 1186 2830 simulacrbrum
1215 2778 1355 2832 cultu
1379 2777 1605 2833 credidit
1625 2791 1743 2833 esse
1772 2766 1971 2846 aliquid
1998 2776 2104 2831 uti-

535 2867 739 2921 litatis?
775 2867 867 2923 sed
901 2867 1177 2922 mulierum
1205 2868 1371 2922 amori
1403 2869 1468 2922 ad
1515 2868 1615 2923 hoc
1640 2868 1837 2923 malum
1867 2867 2100 2923 trahenti

535 2957 783 3012 resistere
829 2973 931 3012 non
969 2957 1152 3023 valuit,
1186 2958 1383 3014 faciens
1411 2958 1552 3028 quod
1598 2957 1798 3014 sciebat
1847 2972 1953 3012 non
1982 2970 2102 3013 esse

535 3047 854 3115 faciendum,
889 3063 956 3103 ne
983 3062 1103 3103 suas
1130 3049 1316 3118 quibus
1338 3049 1642 3118 deperiebat
1672 3046 1991 3120 [deperibat]
2017 3056 2100 3103 at-

536 3153 640 3206 que
661 3139 928 3195 defluebat
972 3139 1272 3214 mortiferas
1299 3141 1512 3196 delicias
1550 3142 1907 3198 contristaret.
1937 3141 2013 3195 Ita
2050 3151 2102 3196 et
2130 3137 2174 3198 C

537 3229 729 3291 Adam.
752 3239 1094 3300 posteaquam
1122 3230 1348 3302 deligno
1379 3231 1641 3302 prohibito
1669 3233 1884 3288 seducta
1916 3232 2108 3287 mulier

539 3319 894 3398 manducavit,
918 3319 1071 3388 eique
1092 3320 1238 3374 dedit
1263 3330 1319 3374 ut
1347 3320 1501 3375 simul
1528 3321 1765 3389 ederent,
1795 3322 1964 3376 noluit
1990 3337 2105 3376 eam

541 3411 874 3477 contristare,
927 3426 1082 3478 quam
1133 3411 1383 3466 credebat
1415 3426 1569 3481 posse
1619 3413 1734 3468 sine
1773 3415 1871 3468 sub
1916 3413 2108 3468 solatio

540 3502 914 3556 contabescere
943 3502 984 3555 si
1011 3502 1077 3557 ab
1101 3503 1216 3573 ejus
1238 3503 1560 3558 alienaretur
1585 3503 1784 3570 animo,
1812 3513 1866 3558 et
1891 3506 2110 3558 omnino

542 3593 631 3649 illa
656 3593 871 3646 interire
899 3592 1182 3647 discordia.
1210 3593 1322 3647 Non
1352 3594 1563 3662 quidem
1594 3596 1772 3648 carnis
1794 3592 1962 3648 vi'ctus
1983 3608 2110 3648 con-

545 3684 906 3753 cupiscentia,
956 3699 1111 3752 quam
1166 3683 1394 3737 nondum
1448 3693 1688 3739 senserat
1737 3684 1788 3737 in
1831 3685 2112 3738 resistente

545 3775 662 3843 lege
694 3773 1048 3827 membrorum
1095 3775 1192 3843 legi
1237 3774 1427 3827 mentis
1453 3789 1579 3839 suat,
1613 3775 1704 3828 sed
1728 3775 1936 3828 amicali
1978 3789 2111 3842 qua-

546 3865 669 3919 dam
703 3865 1088 3930 benevolentia,
1121 3880 1224 3934 qua
1258 3865 1566 3934 plerumque
1617 3865 1672 3919 lit
1714 3876 1770 3918 ut
1817 3865 2115 3920 olfendatur

548 3954 708 4020 Deus,
740 3969 804 4009 ne
834 3954 992 4008 homo
1011 3969 1074 4008 ex
1099 3955 1270 4008 amico
1295 3955 1384 4008 fiat
1411 3955 1677 4018 inimicus,
1698 3953 1836 4022 quod
1864 3969 1982 4007 eum
2011 3970 2112 4007 non

549 4047 722 4100 facere
753 4043 915 4116 [quod
946 4060 1064 4099 eum
1117 4045 1289 4099 facere
1332 4058 1436 4098 non
1467 4042 1740 4116 debuisse]
1773 4043 1965 4097 divina:
1995 4059 2117 4097 scn-

553 4136 729 4190 tentia:
755 4137 923 4202 justus
968 4133 1140 4188 exitus
1182 4133 1451 4188 iudicavit.
1489 4133 1627 4202 Ergo
1668 4134 1772 4186 alio
1801 4133 1962 4187 modo
1987 4149 2118 4201 quo-

553 4228 676 4281 dam
705 4227 863 4279 etiam
887 4225 1000 4293 ipse
1021 4225 1274 4292 deceptus
1296 4234 1400 4290 est,
1423 4224 1520 4278 sed
1545 4224 1668 4278 dolo
1689 4225 1779 4281 iUo
1811 4229 2118 4294 serpentino

553 4332 657 4384 quo
697 4315 888 4369 mulier
913 4315 1129 4368 seducta
1170 4322 1269 4378 est,
1313 4315 1461 4368 nullo
1509 4314 1666 4367 modo
1702 4315 1846 4368 illum
1890 4315 2118 4369 arbitror

557 4411 792 4478 potuisse
830 4405 1032 4461 seduci.
1083 4405 1228 4458 llanc
1275 4415 1447 4459 autem
1499 4407 1709 4474 proprie
1754 4407 2118 4460 seductionem

2198 1889 2431 1946 cundum
2473 1906 2660 1947 causas
2699 1906 2830 1961 quas
2872 1891 3100 1961 primum
3148 1889 3388 1946 condidit
3417 1890 3767 1948 exstiterunt.

2202 1981 2351 2036 velut
2370 1981 2538 2037 herba
2557 1997 2622 2037 ex
2646 1992 2807 2048 terra,
2841 1997 3024 2053 semen
3046 1998 3112 2037 ex
3139 1981 3322 2047 herba,
3358 1981 3412 2035 in
3439 1981 3630 2050 quibus
3657 1994 3769 2032 om-

2200 2070 2359 2125 nibus
2393 2085 2454 2125 ea
2492 2071 2604 2140 jam
2635 2071 2988 2128 facta-modos
3026 2080 3083 2127 et
3107 2081 3256 2126 actus
3285 2072 3366 2126 sui
3400 2070 3654 2137 temporis
3684 2083 3769 2122 ac-

2198 2169 2616 2232 ceperunt,gua:
2637 2177 2702 2218 ex
2723 2165 2944 2218 occultis
2965 2171 3121 2233 atque
3134 2162 3429 2217 visibilibus
3449 2162 3765 2222 rationibus.

2198 2268 2317 2324 qua:
2334 2254 2384 2309 in
2403 2263 2646 2310 creatura
2663 2255 3145 2320 causaliterlatent,
3163 2256 3218 2310 in
3242 2254 3548 2310 manilestas
3571 2254 3766 2308 formas

2201 2354 2524 2416 naturasque
2552 2345 2892 2417 prodierunt,
2925 2348 3065 2402 sicut
3091 2347 3251 2402 herba
3281 2354 3463 2401 exorta
3495 2338 3578 2400 est
3607 2358 3765 2412 super

2201 2449 2423 2504 terram,
2451 2447 2508 2494 et
2545 2438 2708 2493 homo
2737 2437 2906 2492 factus
2936 2438 2988 2493 in
3015 2438 3244 2492 animam
3273 2439 3466 2499 vivam,
3497 2445 3551 2490 et
3575 2447 3765 2489 caetera

2201 2529 2527 2599 huiusmodi,
2579 2528 2693 2584 sive
2737 2528 2951 2595 fruteta,
3000 2529 3114 2584 sive
3164 2529 3470 2593 animantia,
3503 2525 3571 2579 ad
3625 2526 3764 2578 illam

2199 2620 2566 2688 operationem
2597 2617 2688 2673 Dei
2717 2616 3058 2685 pertinentia,
3085 2631 3189 2686 qua
3215 2621 3387 2684 usque
3409 2629 3545 2668 nunc
3572 2627 3762 2682 opera-

2165 2716 2306 2763 'tur.
2339 2706 2444 2763 Sed
2486 2706 2648 2762 etiam
2692 2707 2792 2761 ista
2816 2719 2996 2760 secum
3045 2714 3254 2774 gerunt,
3303 2713 3548 2770 tanquam
3576 2701 3763 2756 iterum

2201 2797 2380 2866 seipsa
2419 2794 2762 2850 invisibiliter
2787 2795 2838 2848 in
2866 2794 3069 2850 occulta
3111 2794 3338 2864 quadam
3369 2793 3419 2846 vi
3461 2792 3762 2862 generandi,

2202 2901 2364 2957 quam
2389 2893 2675 2942 traxerunt
2693 2884 2762 2939 de
2778 2884 2883 2939 illis
2901 2883 3209 2953 primordiis
3233 2896 3511 2937 causarum
3534 2895 3758 2938 suarum.

2204 2979 2256 3033 in
2287 2978 2500 3048 quibus,
2531 2983 2712 3030 creato
2744 2975 2967 3040 mundo,
2994 2987 3113 3028 cum
3143 2973 3310 3026 factus
3343 2979 3425 3026 est
3452 2971 3586 3034 dies,
3618 2982 3761 3024 ante-

2203 3082 2363 3137 quam
2390 3067 2442 3122 in
2472 3065 2808 3120 manifestam
2831 3065 3064 3132 speciem
3091 3063 3174 3117 sui
3203 3061 3414 3133 generis
3441 3062 3763 3115 exorirentur

2207 3159 2408 3214 inserta
2433 3163 2574 3210 sunt.
2606 3156 2662 3211 Si
2701 3154 2842 3209 enim
2875 3153 3039 3222 prima
3071 3151 3159 3206 illa
3191 3165 3352 3220 opera
3398 3151 3510 3214 Dei,
3553 3166 3670 3204 cum
3698 3150 3762 3204 si-

2208 3249 2318 3304 mul
2340 3247 2516 3303 omnia
2543 3244 2770 3312 creavit,
2800 3243 2854 3299 in
2883 3257 2980 3300 suo
3007 3242 3164 3294 modo
3189 3241 3420 3310 perfecta
3449 3256 3550 3294 non
3573 3251 3759 3302 essent,

2208 3353 2266 3394 ea
2299 3336 2649 3408 proculdubio
2681 3343 2800 3404 post
2830 3333 3174 3396 adderentur,
3211 3347 3328 3400 qua:
3357 3332 3467 3385 illis
3497 3330 3762 3399 percien-

2197 3421 2292 3482 ‘dis
2319 3426 2635 3491 defuiSsent,
2659 3433 2716 3479 ut
2735 3423 2975 3494 quasdam
3007 3421 3366 3476 universitatis
3387 3420 3636 3489 perfectio
3662 3416 3760 3489 [ex]

2211 3519 2446 3588 utrisque
2471 3523 2740 3571 constaret
2764 3514 2985 3585 singulis
3009 3512 3158 3583 quasi
3181 3511 3368 3574 semis,
3393 3511 3536 3564 velut
3556 3510 3763 3576 alicujus

2213 3609 2376 3664 totius
2431 3616 2612 3678 partes
2659 3613 2882 3673 essent,
2915 3618 3137 3672 quarum
3187 3601 3556 3670 conjunctione
3603 3601 3762 3666 ipsum

2225 3711 2416 3766 totum,
2466 3700 2617 3768 cujus
2657 3706 2836 3766 partes
2879 3695 3129 3761 fuerant,
3163 3694 3536 3762 compleretur.
3576 3692 3764 3746 Rursus

2219 3792 2262 3844 si
2295 3791 2361 3843 ita
2392 3796 2573 3856 essent
2600 3788 2686 3841 illa
2715 3786 2962 3856 perlecta,
2988 3782 3502 3852 sicut~perticiuntur
3519 3797 3628 3834 cum
3660 3795 3761 3833 sua

2219 3895 2447 3950 qumque
2498 3878 2822 3946 temporibus
2867 3877 2920 3932 in
2967 3874 3280 3930 manifestas
3311 3875 3504 3929 formas
3530 3883 3763 3939 πωςῳιε

2218 3981 2580 4041 procreantur.
2625 3969 2864 4039 profecto
2910 3978 3000 4022 aut
3051 3967 3180 4021 nihil
3230 3983 3293 4020 ex
3339 3969 3419 4021 eis
3462 3976 3628 4034 postea
3682 3979 3762 4030 per

2221 4074 2452 4130 tempora
2484 4061 2655 4125 fieret,
2697 4069 2788 4113 aut
2818 4057 2920 4112 hoc
2944 4058 3090 4112 ﬁeret
3134 4057 3270 4124 quod
3303 4072 3368 4109 ex
3401 4057 3514 4110 istis
3542 4069 3648 4122 qua:
3676 4070 3761 4105 suo

2226 4165 2450 4219 qumque
2472 4149 2582 4218 jam
2618 4159 2854 4216 tempore
2884 4149 3125 4202 oriuntur
3157 4147 3294 4200 Deus
3324 4162 3429 4199 non
3457 4155 3618 4199 cessat
3645 4158 3758 4210 Ope-

2223 4242 2353 4295 rari.
2384 4241 2536 4294 Nunc
2577 4249 2752 4292 autem
2783 4239 2906 4306 quia
2927 4249 2981 4291 et
3011 4235 3160 4308 [jam]
3191 4246 3551 4290 consummata
3577 4246 3758 4299 etquo-

2221 4330 2505 4384 dammodo
2546 4328 2791 4382 inchoata
2819 4336 2942 4380 sunt
2969 4341 3031 4380 ea
3057 4328 3318 4398 ipsaqua:
3345 4326 3758 4394 consequentibus

2221 4420 2510 4474 evolvenda
2561 4418 2909 4486 temporibus,
2960 4416 3198 4484 primitus
3231 4416 3370 4470 Deus
3411 4417 3579 4468 omnia
3622 4413 3758 4466 simul

558 4501 836 4569 appellavit
868 4499 1174 4567 Apostolus,
1207 4498 1504 4569 quia,[qu:i]
1540 4501 1587 4552 id
1612 4500 1749 4569 quod
1775 4500 2104 4564 suadebatur,

2223 4511 2444 4573 creavit,
2469 4523 2589 4561 cum
2620 4507 2821 4561 faceret
2845 4505 3098 4560 mundum
3124 4522 3137 4558 :
3169 4515 3530 4559 consummata
3551 4504 3754 4572 quidem,

559 4609 678 4648 cum
710 4594 892 4645 falsum
922 4601 1085 4656 esset,
1119 4605 1297 4643 verum
1346 4598 1583 4657 putatum
1633 4600 1736 4654 est,
1763 4591 1812 4644 id
1857 4600 1939 4645 est
1976 4591 2116 4659 quod

564 4683 698 4734 Deus
742 4681 859 4734 ideo
900 4681 1095 4748 lignum
1151 4676 1276 4731 illud
1326 4687 1540 4744 tangere
1589 4677 1949 4744 prohibuerit,
1978 4680 2116 4749 quod

561 4771 761 4824 sciebat
781 4772 948 4834 cos,si
973 4773 1288 4838 tetigissent,
1307 4769 1450 4822 velut
1474 4768 1601 4822 deos
1625 4769 1850 4835 futuros,
1875 4776 2116 4838 tanquam

561 4865 640 4918 eis
669 4863 992 4915 divinitatem
1045 4861 1318 4928 invideret,
1367 4859 1455 4928 qui
1487 4874 1579 4914 eos
1625 4861 1868 4914 homines
1905 4861 2119 4917 fecerat.

561 4957 664 5011 Sed
699 4958 854 5009 etiam
901 4955 941 5005 si
975 4955 1140 5006 virum
1187 4963 1400 5023 propter
1428 4953 1658 5021 aliquam
1706 4953 1898 5007 mentis
1936 4955 2120 5008 elatio-

565 5066 705 5114 nem,
741 5063 856 5116 qucc
891 5048 1052 5099 Deum
1082 5045 1408 5100 internorum
1439 5055 1787 5100 scrutatorem
1818 5046 1984 5100 latere
2017 5063 2118 5099 non

566 5146 793 5208 poterat,
823 5135 1124 5189 sollicitavit
1156 5135 1326 5201 aliqua
1357 5135 1660 5203 experiendi
1690 5133 1972 5202 cupiditas,
2001 5149 2120 5187 cum

568 5230 839 5283 mulierem
865 5228 1068 5281 videret
1090 5235 1301 5293 accepta
1323 5227 1410 5278 illa
1429 5242 1544 5281 esca
1573 5243 1675 5280 non
1700 5241 1818 5280 esse
1837 5236 2121 5305 mortuam,

566 5321 856 5375 secundum
887 5336 948 5373 ea
980 5335 1098 5389 qua:
1140 5320 1378 5387 superius
1408 5321 1765 5384 tractavimus,
1807 5335 1910 5392 non
1951 5331 2121 5374 tamen

568 5426 688 5463 cum
721 5410 966 5468 arbitror.
999 5412 1040 5463 si
1083 5411 1189 5478 jam
1222 5408 1443 5476 spiritali
1491 5419 1662 5464 mente
1699 5411 1950 5478 prmditus
1989 5422 2125 5473 erat,

571 5503 678 5555 ullo
710 5502 866 5555 modo
893 5501 1111 5555 credere
1159 5501 1393 5570 potuisse
1425 5502 1564 5568 quod
1610 5518 1701 5557 eos
1733 5504 1868 5559 Deus
1899 5505 1967 5558 ab
2008 5519 2125 5559 esca

575 5590 709 5645 illius
739 5591 860 5659 ligni
896 5592 1171 5648 invidendo
1206 5594 1475 5649 vetuisset.

2223 4599 2348 4669 quia
2375 4597 2504 4652 nihil
2530 4597 2726 4650 habent
2751 4597 2840 4649 illa
2871 4597 2921 4649 in
2947 4596 3146 4649 naturis
3169 4597 3419 4663 propriis,
3451 4595 3626 4665 quibus
3653 4607 3757 4645 suo-

2226 4705 2341 4743 rum
2375 4699 2674 4755 temporum
2699 4701 2890 4739 cursus
2919 4695 3100 4754 agunt,
3145 4686 3285 4753 quod
3311 4701 3414 4739 non
3446 4687 3496 4739 in
3525 4685 3626 4738 istis
3646 4698 3755 4736 can-

2225 4780 2410 4834 saliter
2442 4778 2637 4831 factum
2669 4778 2778 4840 sit;
2812 4776 3057 4830 inchoata
3102 4791 3229 4830 vero
3255 4779 3504 4846 quoniam
3546 4775 3753 4844 quaedam

2227 4879 2378 4925 erant
2406 4868 2554 4937 quasi
2587 4870 2788 4922 semina
2822 4868 3117 4920 futurorum
3169 4882 3264 4933 per
3313 4867 3489 4920 saeculi
3538 4875 3769 4924 tractum;

2229 4978 2291 5016 ex
2321 4961 2528 5014 occulto
2557 4959 2607 5012 in
2641 4957 2977 5012 manifestum
3011 4957 3299 5024 Scriptura:
3339 4956 3593 5027 [quoniam
3631 4967 3754 5020 qu:-

2229 5055 2350 5107 dam
2372 5061 2524 5106 erant
2544 5052 2691 5120 quasi
2715 5048 2916 5104 semina
2936 5049 3232 5103 futurorum
3257 5064 3351 5115 per
3372 5048 3542 5102 saeculi
3561 5055 3752 5099 tractum

2230 5158 2292 5197 ex
2340 5142 2546 5194 occulto
2591 5141 2642 5194 in
2673 5138 3006 5193 manifestum
3043 5139 3172 5193 locis
3200 5139 3447 5208 congruis
3490 5133 3750 5190 exerenda:

2232 5234 2395 5301 ipsius
2424 5232 2580 5285 etiam
2611 5229 2921 5298 Scripturzel
2947 5230 3104 5284 verba
3127 5229 3260 5282 satis
3289 5229 3354 5281 ad
3381 5229 3477 5281 hoc
3503 5227 3752 5278 admonen-

2233 5325 2356 5376 ilum
2409 5322 2681 5389 insigniter
2712 5321 2916 5389 vigent,
2951 5320 2995 5373 si
3027 5321 3146 5388 quis
3197 5320 3248 5372 in
3280 5321 3360 5373 eis
3399 5320 3612 5387 evigilet.
3639 5312 3750 5366 Nam

2233 5412 2337 5484 {ea}
2367 5421 2420 5466 et
2451 5420 2806 5464 consummata
2835 5411 2962 5464 dicit
2992 5420 3045 5463 et
3069 5411 3336 5464 inchoata.
3361 5409 3465 5463 Nisi
3495 5409 3618 5462 enim
3643 5419 3752 5459 eon-

2235 5515 2493 5557 smnmata
2521 5511 2716 5566 essent,
2742 5517 2844 5555 non
2868 5504 3119 5568 scriptum
3143 5513 3316 5556 esset:
3347 5502 3412 5557 Et
3434 5507 3750 5558 consummata

2237 5607 2358 5650 sunt
2385 5598 2575 5650 etnlum
2604 5607 2653 5651 ct
2682 5605 2839 5660 terra,
2871 5605 2925 5648 et
2946 5597 3119 5650 omnis
3148 5598 3530 5650 ecusummatio
3553 5594 3752 5663 [compo-

2241 5685 2384 5754 sitiol
2415 5702 2617 5750 corum,
2667 5696 2715 5740 et
2747 5702 2758 5734 :
2793 5687 3187 5740 Consummavit
3221 5687 3362 5741 Deus
3392 5683 3483 5756 [in]
3521 5683 3598 5737 die
3621 5688 3750 5736 sexto
