3886 6224
100 288 204 343 657
1423 285 1685 342 TIIESAU

1796 283 1856 342 S.
1898 284 2047 343 CAP.
2091 284 2179 341 LI.
3249 285 3297 333 ’ἵ
3322 284 3351 333 ‘3

99 418 266 471 Opera
297 422 398 464 sua
448 422 563 477 qua:
596 406 737 469 fecit,
768 412 822 461 et
867 402 1141 459 benedixit
1172 402 1310 456 Deus
1337 402 1477 457 diem
1519 403 1682 470 septi-
1710 403 1762 462 Λ
1785 400 1852 455 ad
1882 400 2166 471 imaginem
2192 414 2340 456 suam
2368 398 2516 464 fecit,
2558 408 2774 469 propter
2806 397 2904 451 hoc
2942 398 3079 465 quod
3107 401 3154 453 ei
3204 398 3351 452 dedit

100 512 273 562 mum,
321 508 379 553 et
407 497 923 553 sanctilicaviteumv.
976 495 1284 564 Rursusque
1306 494 1407 548 nisi
1436 492 1682 548 inchoata
1786 501 2020 547 mentem
2053 490 2604 559 intellectualern,qua
2637 499 2846 557 pra-stat
2871 488 3181 557 pecoribus:
3210 488 3349 541 unde

97 601 157 641 cs
187 598 310 653 ent,
340 605 445 643 non
468 589 537 642 ita
569 596 902 656 sequeretur,
930 587 1083 655 quia:
1115 586 1171 640 In
1198 586 1285 640 illa
1308 585 1396 640 die
1423 584 1685 653 requievit
1781 582 1890 651 jam
1908 581 2185 651 superiore
2198 581 2313 636 loco
2330 580 2695 635 disseruimus.
2715 581 2890 649 lnquu
2906 579 3106 633 honore
3124 581 3346 647 positus.

97 679 166 732 ab
195 681 460 737 omnibus
481 682 731 750 operibus
758 681 868 734 suis
889 695 1006 749 qum
1033 679 1301 734 inchoavit
1320 678 1459 733 Deus
1484 678 1679 732 facere.

100 769 198 823 llic
233 771 404 839 igitur
428 770 475 825 si
506 774 626 839 quis
653 771 881 840 inquirat
908 769 1176 843 quomodo
1214 768 1601 823 consummavit
1628 774 1683 822 et

96 860 385 925 quomodo
414 860 684 914 inchoavit
709 901 724 927 ,
758 874 931 929 neque
956 860 1097 914 enim
1127 860 1233 914 alia
1273 852 1681 921 consummavit,

97 952 145 1003 al
170 966 200 1003 a
234 952 535 1016 inchoavit,
567 952 661 1006 sed
688 951 873 1005 eadem
898 952 1031 1019 ipsa,
1052 951 1232 1020 utique
1253 966 1280 1002 a
1306 949 1498 1018 quibus
1525 949 1576 1002 in
1598 948 1684 1004 die

97 1043 347 1109 septimo
372 1041 653 1110 requievit,
684 1055 748 1096 ex
779 1040 860 1096 his
888 1055 1007 1111 qua:
1036 1055 1192 1107 supra
1222 1039 1452 1095 diximus
1481 1038 1681 1093 clarum

95 1139 199 1189 est.
230 1132 657 1187 Cousummasse
706 1132 900 1200 quippe
946 1131 1045 1186 ista
1099 1131 1441 1202 intelligimus
1493 1131 1680 1194 Deum,

98 1233 225 1272 cum
251 1222 461 1274 creavit
489 1220 667 1274 omnia
696 1220 874 1285 simul,
898 1220 968 1274 ita
993 1222 1247 1289 perfecte,
1278 1218 1479 1273 utniliil
1509 1228 1560 1272 et
1590 1216 1683 1291 [ei]

102 1308 289 1364 adhuc
313 1310 370 1363 in
387 1312 573 1366 ordine
596 1320 891 1379 temporum
918 1310 1204 1364 creandum
1225 1316 1387 1374 esset,
1412 1310 1553 1379 quod
1579 1326 1683 1363 non

99 1398 166 1453 ab
206 1415 277 1455 eo
322 1401 434 1470 jam
466 1400 522 1455 in
564 1402 753 1457 ordine
799 1416 1076 1457 causarum
1125 1411 1361 1457 creatum
1409 1411 1569 1457 esset.
1601 1402 1687 1457 ln-

100 1490 342 1547 choasse
391 1504 590 1558 autem,
620 1492 843 1563 utquod
874 1493 958 1548 hic
1004 1494 1301 1562 prmlixerat
1345 1494 1519 1549 causis
1568 1502 1685 1560 post

100 1579 363 1649 impleret
406 1576 630 1638 effectis.
664 1583 894 1639 Proinde
944 1585 1190 1651 formavit
1232 1585 1371 1641 Deus
1413 1584 1683 1640 hominem

102 1672 388 1739 pulverem
414 1682 590 1741 terrae,
616 1675 695 1730 vel
727 1675 909 1729 limum
940 1684 1117 1740 terrm,
1149 1676 1251 1731 hoc
1275 1676 1442 1731 estde
1468 1660 1685 1745 pulvere

1785 673 1832 727 si
1856 688 1960 727 non
1988 673 2313 728 intellexerit
2333 682 2389 727 ut
2406 672 2540 727 bene
2556 680 2695 741 agat,
2716 673 2902 727 iisdem
2922 672 3050 741 ipsis
3074 673 3350 739 pecoribus

1785 765 1974 833 quibus
2005 764 2255 833 prmlatus
2284 772 2365 819 est
2392 764 2808 833 comparabitur.
2833 763 2919 819 Sic
2943 764 3083 817 enim
3108 772 3163 817 et
3184 762 3350 831 scrip.

1786 865 1896 910 tum
1920 866 2035 910 est:
2063 856 2233 910 llomo
2248 858 2301 912 in
2325 857 2526 911 honore
2545 857 2745 925 positus
2762 869 2864 909 non
2887 854 3177 920 intellexit;
3203 871 3320 908 com

1788 956 2002 1015 paratus
2028 956 2109 1002 est
2142 946 2425 1015 pecoribus
2456 945 2757 1011 inseusatis,
2781 956 2833 1000 et
2857 945 3046 1000 similis
3073 948 3238 1000 iactus
3269 956 3353 999 est

1786 1039 1883 1093 eis.
1919 1038 2049 1093 Nam
2078 1048 2131 1092 et
2160 1052 2348 1107 pecora
2382 1038 2521 1093 Deus
2548 1038 2690 1102 fecit,
2717 1038 2811 1093 sed
2843 1052 2947 1093 non
2971 1036 3035 1090 ad
3066 1038 3345 1105 imaginem

1786 1143 1958 1184 suam.
1986 1129 2094 1185 Nec
2113 1128 2396 1184 dicendum
2424 1137 2536 1183 est:
2561 1128 2837 1183 Hominem
2863 1130 2975 1198 ipse
2988 1128 3137 1201 fecit,
3160 1143 3343 1196 pecora

1785 1236 1914 1276 vero
1931 1213 2089 1291 jussit
2108 1230 2163 1276 et
2190 1220 2324 1274 facta
2351 1228 2504 1283 sunt;
2535 1226 2587 1273 et
2610 1218 2749 1272 hunc
2769 1218 2905 1271 enim
2929 1228 2981 1272 et
3005 1217 3088 1271 illa
3114 1232 3207 1287 per
3224 1217 3325 1270 Ver

1788 1314 1912 1367 bum
1938 1325 2089 1365 suum
2121 1309 2265 1377 fecit,
2289 1325 2385 1379 per
2410 1309 2549 1377 quod
2576 1309 2709 1363 facta
2732 1318 2854 1362 sunt
2878 1308 3075 1362 omnia.
3098 1308 3201 1362 Sed
3230 1310 3349 1374 quia

1787 1403 1925 1459 idem
1953 1402 2209 1467 Verbum,
2231 1412 2283 1458 et
2314 1402 2593 1471 sapientia,
2623 1410 2677 1457 et
2703 1402 2867 1456 virtus
2891 1402 3007 1468 ejus
3032 1413 3133 1465 εει,
3163 1401 3352 1454 dicitur

1787 1502 1846 1551 et‘
1869 1508 2057 1548 manus
2086 1496 2231 1562 ejus,
2261 1493 2466 1566 [Supp.
2495 1496 2633 1558 non]
2667 1492 2873 1547 visiliile
2903 1492 3225 1557 membrum,
3260 1496 3351 1547 sed

1787 1584 2052 1640 efﬁciendi
2081 1585 2337 1653 potentia.
2382 1584 2510 1637 Nam
2543 1583 2727 1639 eadem
2770 1583 3039 1652 Scriptura
3070 1599 3183 1653 qui:
3225 1584 3353 1636 dicit

1788 1676 1928 1745 quod
1948 1676 2087 1731 Deus
2106 1674 2369 1731 hominem
2387 1675 2453 1729 de
2467 1676 2760 1729 limoterrte
2788 1676 3018 1743 tinxerit,
3045 1675 3169 1729 dicit
3191 1676 3350 1729 etiam

102 1762 187 1818 vel
205 1762 341 1817 limo
364 1772 523 1820 teme
548 1782 560 1819 :
586 1773 643 1821 ct
660 1766 954 1836 inspiravit,
979 1760 1103 1823 sive
1132 1767 1331 1822 inﬂavit
1353 1766 1683 1840 [insufﬂavit]
1717 1770 1763 1829 B
1790 1767 1929 1836 quod
1957 1775 2010 1821 et
2028 1765 2135 1837 42
2157 1766 2355 1820 bestias
2376 1766 2487 1835 agri
2510 1766 2574 1820 de
2597 1776 2737 1820 terra
2765 1766 3006 1829 tinxerit;
3037 1766 3245 1835 ipiandu
3266 1781 3353 1820 cas

101 1857 155 1911 in
185 1858 308 1927 ejus
342 1859 551 1927 faciem,
585 1862 833 1929 spiritum
874 1863 1091 1929 vitae,et
1120 1864 1290 1920 factus
1316 1874 1397 1921 est
1425 1866 1587 1921 homo
1631 1866 1685 1921 in

106 1947 347 2004 animam
380 1949 573 2007 vivam.
620 1952 735 2007 Non
769 1962 892 2009 tunc
926 1954 1366 2025 praedestinatus,
1399 1956 1501 2012 hoc
1544 1956 1686 2012 enim

102 2052 229 2096 ante
256 2042 518 2097 saeculum
550 2043 601 2098 in
644 2045 981 2114 praescientia
1028 2045 1325 2114 Creatoris,
1355 2062 1528 2115 neque
1559 2058 1684 2115 tunc

104 2134 421 2199 causaliter,
449 2136 535 2191 vel
561 2137 985 2193 inconsummate
1007 2139 1308 2205 inchoatus,
1335 2140 1417 2196 vel
1445 2140 1690 2197 inchoato

104 2231 510 2278 consummatus
528 2264 545 2290 ,
579 2224 681 2280 hoc
717 2226 861 2281 enim
887 2240 917 2280 a
943 2226 1141 2282 smculo
1170 2227 1222 2281 in
1255 2215 1552 2285 rationibus
1578 2230 1688 2299 pri-

104 2311 476 2381 niordialibus,
509 2328 633 2369 cum
659 2316 818 2371 simul
850 2317 1029 2377 omnia
1054 2328 1389 2386 crearentur,
1416 2320 1513 2375 sed
1539 2304 1691 2376 crea-

105 2402 271 2455 tusin
304 2411 546 2474 tempore
574 2419 694 2471 suo,
724 2405 1004 2464 visibiliter
1032 2409 1085 2464 in
1122 2424 1372 2480 corpore,
1404 2412 1690 2468 invisibili-

108 2504 197 2546 ter
229 2494 282 2548 in
329 2495 537 2561 anima,
567 2505 822 2553 constans
865 2513 931 2555 ex
978 2500 1161 2563 anima,
1186 2510 1243 2557 et
1294 2515 1542 2573 corpore.
1573 2502 1690 2559 Jam

107 2596 236 2651 ergo
264 2583 543 2640 videamus
584 2586 858 2656 quomodo
885 2603 1008 2645 eum
1038 2588 1226 2647 fecerit
1250 2592 1391 2649 Deus
1416 2612 1428 2647 :
1464 2594 1691 2664 primum

107 2672 172 2727 de
202 2685 342 2729 terra
371 2689 566 2745 corpus
592 2678 728 2747 ejus,
752 2688 873 2748 post
895 2678 1053 2735 etiam
1076 2681 1144 2737 de
1169 2683 1345 2739 anima
1368 2684 1687 2755 videbimus,

108 2763 153 2818 si
184 2764 312 2833 quid
340 2765 657 2823 valebimus.
691 2767 845 2836 Quod
871 2772 1014 2826 enim
1047 2772 1292 2829 manibus
1318 2777 1693 2845 corporalibus

110 2852 249 2909 Deus
275 2856 343 2911 de
367 2856 496 2912 limo
520 2857 732 2915 finxerit
759 2858 1055 2929 hominem,
1086 2865 1305 2920 nimium
1347 2868 1571 2937 puerilis
1597 2884 1691 2924 co-

109 2942 295 3010 gitatio
320 2954 422 3011 est,
441 2946 512 3001 ita
536 2956 596 3006 ut
619 2948 665 3003 si
690 2948 789 3003 hoc
812 2949 1091 3021 Scriptura
1111 2952 1355 3022 dixisset,
1378 2956 1547 3026 magis
1564 2962 1691 3013 “eum

109 3032 201 3102 qui
229 3034 445 3103 scripsit
468 3037 725 3095 translato
746 3040 910 3097 verbo
933 3055 1085 3098 usum
1106 3044 1328 3102 credere
1349 3046 1688 3113 deberemus,

1788 1874 1907 1914 cum
1928 1858 2227 1913 volatilibus
2250 1859 2371 1913 cceli
2394 1858 2613 1912 adduxit
2637 1858 2703 1913 ad
2721 1860 2906 1923 Adam,
2936 1869 2990 1911 ut
3012 1859 3211 1912 videret
3233 1859 3355 1927 quid

1787 1962 1849 2004 ea
1877 1958 2109 2004 vocaret.
2144 1948 2231 2005 Sic
2255 1949 2397 2002 enim
2420 1949 2673 2017 scriptum
2693 1957 2805 2004 est:
2834 1949 2897 2003 Et
2928 1950 3081 2002 linxit
3106 1950 3242 2004 Deus
3267 1950 3355 2001 ad-

1792 2040 1991 2113 hucde
2016 2050 2159 2096 terra
2191 2055 2380 2095 omnes
2408 2041 2628 2095 bestias.
2663 2040 2718 2096 Si
2741 2055 2866 2110 ergo
2890 2039 3074 2112 [enim]
3104 2051 3156 2095 et
3185 2040 3356 2093 homi-

1790 2149 1915 2189 nem
1941 2133 2008 2189 de
2034 2141 2177 2189 terra
2208 2141 2263 2189 et
2292 2133 2490 2188 bestias
2513 2133 2577 2188 de
2601 2142 2738 2188 terra
2767 2133 2880 2202 ipse
2925 2133 3197 2198 formavit,
3232 2136 3357 2202 quid

1791 2225 1951 2281 habet
1980 2224 2142 2279 hcmo
2168 2224 2517 2280 excellentius
2548 2223 2598 2277 in
2634 2222 2734 2277 hac
2761 2238 2839 2288 re,
2860 2224 2957 2277 nisi
2982 2224 3120 2293 quod
3152 2224 3263 2292 ipse
3292 2225 3357 2277 ad

1792 2317 2075 2387 imaginem
2110 2316 2202 2371 Dei
2226 2324 2439 2371 creatus
2468 2316 2586 2371 est?
2611 2331 2706 2371 nec
2734 2324 2908 2371 tamen
2939 2316 3038 2370 hoc
3068 2316 3357 2371 secundum

1790 2424 2012 2477 corpus,
2042 2408 2137 2464 sed
2179 2408 2471 2463 secundum
2517 2408 2843 2463 intellectum
2891 2409 3112 2476 mentis,
3145 2409 3213 2463 de
3256 2426 3356 2478 quo

1794 2508 1915 2569 post
1938 2500 2305 2569 loquebamur.
2333 2498 2642 2567 Quanquam
2667 2507 2721 2553 et
2763 2500 2816 2553 in
2848 2500 2960 2567 ipso
3001 2514 3223 2567 corpore
3266 2498 3355 2551 ha-

1792 2591 1917 2646 beat
1945 2590 2228 2659 quamdam
2260 2590 2640 2659 prOprietatem
2673 2604 2791 2667 quae
2819 2590 2917 2644 hoc
2947 2589 3172 2650 indicet,
3221 2590 3357 2651 quod

1794 2693 1971 2738 erecta
1996 2691 2202 2736 statura
2244 2682 2415 2736 factus
2458 2691 2541 2736 est
2565 2721 2579 2747 ,
2611 2689 2667 2735 ut
2697 2682 2797 2737 hoc
2837 2682 2953 2750 ipso
2983 2683 3357 2737 admoneretur

1796 2792 1901 2830 non
1931 2774 2033 2830 sibi
2065 2782 2278 2829 terrena
2322 2787 2440 2828 esse
2481 2773 2730 2828 sectanda
2756 2814 2772 2840 ,
2801 2775 2944 2829 velut
2980 2790 3198 2844 pecora,
3230 2790 3356 2845 qzio-

1771 2876 1912 2923 'rum
1928 2867 2170 2935 voluptas
2184 2866 2355 2921 omnis
2372 2881 2438 2921 ex
2463 2878 2600 2921 terra
2625 2876 2727 2931 est,
2746 2866 2883 2919 unde
2908 2867 2958 2919 in
2980 2868 3150 2920 alvum
3171 2875 3357 2922 cuncta

1796 2975 1961 3030 prona
1993 2968 2151 3029 atque
2178 2967 2445 3028 prostrata
2490 2966 2633 3013 sunt.
2667 2956 2917 3027 Congruit
2947 2972 3073 3028 ergo
3095 2969 3145 3012 et
3169 2973 3359 3028 corpus

1780 3051 1913 3125 'ejus
1955 3055 2146 3109 animm
2173 3054 2416 3109 rationali
2443 3094 2457 3118 ,
2490 3068 2597 3108 non
2629 3054 2917 3109 secundum
2950 3055 3267 3109 lineamenta
3302 3056 3359 3108 li-

109 3139 270 3216 quam
299 3126 463 3181 Deum
498 3128 691 3186 talibus
719 3133 1080 3188 membrorum
1129 3136 1467 3194 lineamentis
1510 3140 1689 3196 deter-
1717 3125 1763 3189 C
1793 3144 2559 3216 gurasquemembrorum,sed
2578 3145 2753 3214 potius
2773 3146 3061 3200 secundum
3079 3146 3128 3200 id
3150 3147 3285 3214 quod
3306 3147 3356 3201 in

110 3214 401 3281 minatum,
455 3218 630 3286 qualia
666 3220 909 3279 videmus
968 3224 1022 3279 iu
1088 3228 1404 3297 corporibus
1466 3231 1687 3286 nostris.

113 3305 324 3361 Dictum
354 3318 437 3363 est
478 3311 663 3365 enim:
695 3310 881 3369 Manus
908 3325 995 3371 tua
1034 3320 1586 3393 gentes~disperdidit,
1633 3331 1687 3379 et

113 3398 301 3453 eduxit
328 3401 577 3468 populum
603 3412 752 3459 tuum
805 3405 858 3462 in
886 3422 1047 3464 manu
1087 3410 1210 3466 furti
1238 3420 1293 3466 et
1336 3411 1556 3468 brachio
1595 3429 1687 3469 ex-

113 3490 293 3557 celso;
325 3492 417 3547 sed
448 3509 542 3564 pro
566 3505 828 3567 potestate
850 3510 903 3556 et
932 3501 1127 3560 virtute
1154 3503 1249 3560 Dei
1273 3506 1498 3574 positum
1531 3507 1687 3578 hujus

114 3585 340 3640 membri
364 3601 582 3653 nomen,
614 3591 732 3659 quis
760 3606 928 3662 usque
957 3593 1093 3651 adeo
1138 3598 1353 3668 desipit,
1383 3610 1439 3655 ut
1466 3616 1573 3657 non
1605 3604 1687 3657 in-

115 3675 482 3745 telligat‘lNec
510 3680 643 3736 illud
666 3683 990 3741 audiendum
1021 3698 1121 3754 est,
1150 3691 1290 3760 quod
1319 3695 1562 3751 nonnulli
1592 3710 1688 3766 pu-

115 3775 247 3829 tant,
278 3769 399 3826 ideo
420 3774 744 3843 praecipuum
769 3778 862 3834 Dei
888 3794 1026 3850 opus
1073 3798 1194 3840 esse
1242 3786 1535 3855 hominem,
1564 3790 1686 3860 quia

114 3870 305 3915 cetera
329 3863 462 3919 dixit
488 3875 543 3920 et
575 3866 711 3923 facta
738 3871 1048 3937 suut,,bunc
1075 3883 1252 3932 autem
1277 3877 1391 3947 ipse
1419 3879 1563 3946 fecit,
1589 3880 1684 3935 sed

118 3951 237 4006 ideo
261 3955 456 4022 potius,
482 3958 604 4025 quia
636 3958 775 4014 hunc
797 3962 862 4016 ad
887 3955 1171 4033 i‘maginem
1194 3980 1343 4021 suam
1375 3968 1520 4024 fecit.
1548 3971 1685 4027 Nam

116 4042 205 4096 illa
250 4060 366 4113 quae
409 4045 543 4100 dixit
584 4056 641 4102 et
669 4049 803 4104 facta
834 4061 991 4118 sunt,
1026 4055 1145 4111 ideo
1174 4057 1252 4111 sic
1278 4060 1535 4127 scriptum
1576 4068 1683 4127 est,

116 4136 236 4204 quia
265 4152 356 4205 per
384 4140 602 4195 verbum
629 4142 745 4210 ejus
772 4144 905 4198 facta
946 4155 1091 4214 sunt,
1124 4154 1259 4203 sicut
1290 4166 1384 4219 per
1416 4151 1685 4209 hominem

119 4227 421 4285 hominibus
459 4230 562 4287 dici
597 4235 765 4301 patuit
791 4236 965 4292 verbis
994 4254 1113 4307 qua:
1145 4242 1513 4311 temporaliter
1541 4246 1690 4313 cogi-

117 4328 294 4374 tantur
321 4331 378 4375 et
409 4338 535 4378 voce
568 4327 931 4394 proferuntur.
964 4330 1079 4385 Non
1108 4333 1198 4388 'sic
1225 4343 1401 4389 autem
1454 4336 1688 4407 loquitur

120 4410 277 4475 Deus,
306 4413 407 4469 nisi
453 4429 573 4469 cum
607 4431 700 4485 per
729 4428 1027 4475 creaturam
1057 4426 1389 4493 corporalem
1432 4427 1682 4496 loquitur,

1789 3235 1985 3291 cmlum
2007 3244 2244 3290 erectum
2269 3234 2435 3290 estad
2460 3235 2709 3290 intuenda
2732 3251 2848 3305 quae
2874 3237 2922 3290 in
2950 3251 3174 3305 corpore
3197 3238 3361 3305 ipsius

1790 3326 1972 3382 mundi
1992 3341 2224 3394 superna
2246 3335 2389 3390 sunt,
2407 3328 2544 3381 sicut
2568 3326 2739 3380 anima
2761 3328 3034 3381 rationalis
3059 3328 3109 3381 in
3130 3344 3188 3383 ea
3203 3328 3360 3383 debet

1790 3417 1919 3486 erigi
1939 3432 2056 3487 quae
2079 3418 2130 3473 in
2153 3417 2377 3486 spiritali
2400 3426 2588 3472 natura
2614 3418 2841 3472 maxime
2862 3419 3147 3484 excellunt,
3164 3430 3217 3474 ut
3241 3437 3359 3490 qua:

1789 3523 2003 3563 sursum
2036 3517 2161 3562 sunt
2189 3510 2379 3577 sapiat,
2410 3523 2513 3561 non
2535 3524 2653 3578 qua:
2675 3524 2833 3578 super
2862 3521 3076 3565 terram.
3102 3513 3206 3567 Sed
3231 3530 3360 3582 quo-

1789 3600 1948 3654 modo
1967 3615 2088 3655 eum
2112 3598 2237 3654 fecit
2274 3614 2392 3653 eum
2424 3599 2563 3654 Deus
2602 3600 2667 3656 de
2706 3600 2831 3655 limo
2856 3609 3030 3667 terrm,
3070 3614 3243 3657 utrum
3280 3621 3357 3659 rc-

1788 3690 2004 3759 peutina
2026 3686 2288 3761 [repente]
2318 3690 2760 3759 aetateperieeta,
2796 3691 2897 3747 hoc
2926 3704 3007 3747 est
3036 3694 3169 3748 virili
3197 3706 3358 3765 atque

1785 3780 2006 3851 jttveaili
2032 3823 2046 3847 ,
2080 3796 2145 3834 an
2174 3781 2309 3835 sicut
2340 3795 2479 3836 nunc
2524 3797 2692 3849 usque
2736 3784 2932 3838 format
2963 3784 3013 3838 in
3049 3788 3211 3841 uteris
3242 3805 3358 3840 ina-

1790 3877 1964 3930 trum?
1988 3873 2170 3943 Neque
2191 3874 2331 3928 enim
2357 3875 2489 3929 alius
2514 3874 2627 3929 haec
2652 3873 2772 3929 fecit
2794 3891 2948 3945 quam
2980 3878 3067 3932 ille
3088 3881 3173 3945 qui
3194 3880 3354 3935 dixit:

1790 3964 2102 4033 Priusquam
2121 3972 2170 4018 te
2184 3962 2467 4019 formarem
2487 3964 2536 4018 in
2561 3978 2729 4030 utero,
2750 3966 2869 4019 novi
2897 3975 2979 4030 te;
3006 3978 3059 4021 ut
3092 3969 3217 4021 illud
3242 3978 3357 4022 tan-

1790 4062 1899 4108 tum
1925 4054 2197 4123 proprium
2214 4054 2656 4121 habueritAdam,
2679 4056 2818 4125 quod
2849 4073 2950 4110 non
2976 4074 3035 4112 ex
3054 4062 3358 4127 parentibus

1788 4154 1944 4200 natus
1966 4154 2068 4212 est,
2083 4146 2173 4200 sed
2198 4144 2366 4200 factus
2389 4162 2451 4200 ex
2470 4154 2632 4210 terra,
2648 4161 2711 4200 eo
2735 4158 2906 4201 tamen
2926 4150 3084 4202 modo
3108 4162 3161 4204 ut
3186 4152 3234 4204 in
3256 4155 3355 4207 huc

1788 4236 2112 4303 proﬁciendo
2138 4244 2191 4290 et
2219 4250 2311 4305 per
2336 4244 2520 4290 :etates
2548 4238 2809 4306 augendo,
2844 4239 2893 4291 in
2928 4238 3017 4310 [Ε.
3037 4241 3132 4311 leg.
3152 4242 3206 4310 ii]
3226 4253 3359 4297 tern-

1790 4344 1974 4396 porum
2007 4328 2210 4383 numeri
2238 4330 2661 4397 complerentur,
2693 4346 2825 4399 quos
2854 4334 3086 4387 naturale
3121 4333 3221 4404 [μ.
3257 4338 3357 4409 leg.

1790 4418 2011 4491 naturae]
2035 4421 2249 4474 humani
2274 4422 2483 4490 generis
2505 4422 2786 4476 attributos
2810 4424 3065 4479 videmus.
3084 4425 3161 4479 An
3188 4430 3360 4494 potius

117 4502 250 4556 sicut
282 4506 531 4571 Abrahae,
572 4508 708 4563 sicut
734 4510 864 4565 Mosi
885 4553 900 4577 ,
933 4515 1072 4567 sicut
1103 4531 1199 4585 per
1227 4518 1421 4572 nubem
1450 4519 1514 4573 de
1544 4519 1680 4575 Filio
1712 4504 1759 4565 Ι)
1789 4527 1894 4566 non
1912 4512 2852 4582 esthocrequirendum?utrumlibet
2874 4518 3011 4571 enim
3039 4507 3359 4582 fecerit.'hoc

117 4608 232 4647 suo.
277 4600 415 4651 Ante
461 4613 589 4653 vero
630 4615 841 4655 omnem
893 4616 1227 4673 creaturam,
1274 4616 1331 4661 ut
1371 4617 1514 4663 esset
1563 4610 1677 4678 ipsa

117 4696 391 4753 creatura,
420 4704 486 4743 eo
517 4689 690 4744 Verbo
736 4692 933 4746 dictum
980 4704 1080 4759 est,
1131 4697 1271 4764 quod
1319 4697 1372 4751 lu
1417 4700 1679 4769 principio
1715 4687 1721 4691 ’

119 4788 229 4831 erat
251 4778 384 4834 Deus
415 4780 550 4846 apud
576 4780 770 4845 Deum;
799 4794 851 4836 et
880 4783 1000 4852 quia
1024 4786 1201 4839 omnia
1231 4802 1323 4854 per
1348 4789 1515 4855 ipsum
1547 4789 1682 4843 facta

120 4880 261 4933 sunt,
291 4882 342 4927 et
370 4873 489 4928 sine
516 4874 628 4940 ipso
657 4875 851 4929 factum
899 4887 981 4932 est
1021 4879 1169 4943 nihil,
1220 4882 1399 4949 utique
1428 4890 1481 4935 et
1520 4882 1680 4936 homo

126 4974 214 5026 per
238 4962 405 5030 ipsum
428 4962 599 5018 factus
626 4975 727 5019 est.
766 4967 921 5022 Certe
950 4968 1089 5021 enim
1117 4969 1310 5023 caelum
1340 4971 1504 5024 verbo
1535 4972 1679 5037 fecit,

122 5050 237 5116 quia
261 5050 387 5104 dixit
406 5061 460 5106 ct
484 5052 675 5107 factum
694 5064 794 5117 est,
820 5056 1073 5124 scriptum
1096 5068 1177 5111 est
1199 5074 1406 5113 tamen:
1435 5061 1499 5114 Et
1518 5077 1680 5131 opera

123 5156 364 5198 manuum
410 5156 617 5199 tuarum
659 5158 782 5201 sunt
820 5149 976 5214 caeli;
1019 5159 1074 5204 et
1110 5151 1174 5205 de
1230 5151 1329 5205 hoc
1377 5154 1482 5208 imo
1531 5154 1681 5223 quasi

128 5230 285 5286 fnudo
315 5234 493 5288 rutundi
528 5238 787 5304 scriptum
822 5248 903 5293 est
930 5257 943 5292 :
975 5239 1235 5306 Quoniam
1269 5242 1433 5311 ipsius
1464 5254 1546 5298 est
1577 5260 1688 5297 nia-

125 5338 182 5377 re
208 5363 221 5387 ,
250 5336 299 5379 et
327 5328 437 5394 ipse
470 5329 593 5383 fecit
621 5330 747 5383 illud
773 5373 787 5395 ,
834 5342 886 5385 et
927 5312 1127 5387 aridam
1160 5350 1344 5389 manus
1374 5336 1489 5404 ejus
1517 5336 1681 5392 tinxe-

126 5424 263 5468 runt.
293 5416 403 5471 Non
428 5420 584 5487 igitur
613 5420 713 5475 hoc
744 5422 796 5475 in
826 5424 1077 5479 honorem
1114 5427 1343 5480 hominis
1372 5428 1676 5496 deputetur,

124 5503 458 5563 velutcaetera
476 5511 613 5565 Deus
627 5512 821 5567 dixerit
843 5525 895 5569 et
914 5516 1048 5571 facta
1064 5518 1191 5581 sint,
1216 5518 1351 5573 hunc
1369 5529 1545 5574 autem
1560 5520 1678 5588 ipse

128 5596 333 5659 fecerit;
362 5609 448 5652 aut
476 5602 639 5655 verbo
666 5614 879 5669 cmtcra,
909 5608 1046 5661 hunc
1069 5618 1243 5680 autem
1273 5610 1513 5665 manibus
1541 5609 1675 5666 fece-

130 5688 213 5742 rit.
242 5690 338 5747 Sed
367 5692 465 5748 hoc
494 5695 708 5752 excellit
739 5696 789 5752 in
822 5698 1059 5767 homine,
1092 5702 1212 5771 quia
1242 5703 1381 5761 Deus
1413 5702 1677 5761 hominem

1792 4603 1921 4657 fecit
1937 4603 2076 4672 quod
2104 4603 2267 4656 Deum
2291 4612 2344 4658 et
2371 4604 2785 4673 omnipotentem
2809 4616 2861 4660 et
2884 4609 3177 4674 sapientem
3204 4626 3358 4678 posse

1790 4695 2034 4749 etfacere
2055 4696 2400 4765 congruebat.
2438 4693 2510 4747 Ita
2532 4696 2669 4749 enim
2687 4705 2860 4750 certas
2886 4705 3179 4767 temporum
3215 4701 3353 4769 leges

1787 4787 2068 4854 generibus
2092 4784 2532 4855 qualitatibusque
2554 4801 2726 4841 rerum
2752 4787 2801 4840 in
2828 4790 3156 4844 manifestum
3181 4807 3237 4845 ex
3261 4794 3359 4846 ab-

1787 4877 1897 4929 dito
1929 4875 2277 4943 producendis
2302 4878 2569 4937 attribuit.
2603 4888 2657 4931 nt
2682 4879 2795 4947 ejus
2826 4881 3069 4935 voluntas
3099 4884 3167 4936 sit
3200 4900 3360 4952 super

1787 4965 1983 5018 omnia.
2020 4964 2257 5018 Potentia
2288 4968 2483 5035 quippe
2515 4982 2607 5021 sua
2632 4984 2881 5023 numeros
2909 4984 3166 5026 creaturae
3191 4974 3256 5028 de
3278 4976 3358 5041 lit,

1788 5074 1891 5110 non
1936 5059 2101 5126 ipsam
2131 5059 2425 5126 potentiam
2458 5060 2655 5113 eisdem
2687 5062 2919 5115 numeris
2945 5063 3194 5131 alligavit.
3227 5066 3357 5121 Nam

1786 5148 2001 5216 Spiritus
2026 5148 2142 5215 ejus
2173 5149 2241 5201 il]
2290 5150 2537 5203 faciendo
2570 5152 2766 5203 mundo
2809 5153 3235 5219 superferebatur
3261 5198 3274 5223 ,
3306 5170 3357 5213 ut

1786 5250 1838 5294 et
1870 5239 2007 5293 farto
2054 5239 2445 5307 Superferatur,
2494 5258 2603 5295 non
2635 5244 3005 5311 corporalibus
3052 5245 3213 5313 locis,
3265 5251 3355 5303 sed

1788 5330 2097 5384 excellentia
2132 5332 2427 5397 potestatis.
2455 5333 2587 5399 Quis
2634 5337 2773 5387 en'm
2812 5336 2983 5389 nescit
3013 5354 3198 5406 aquam
3231 5357 3351 5395 con-

1784 5433 1982 5478 cretam
2016 5435 2187 5486 terrm,
2219 5440 2336 5478 cum
2382 5426 2445 5478 ad
2490 5426 2694 5479 radices
2732 5427 2850 5481 vitis
2882 5433 3115 5495 venerit,
3158 5433 3276 5487 duci
3306 5437 3357 5490 in

1785 5514 2018 5583 saginam
2052 5514 2173 5581 ligni
2208 5515 2382 5580 illius,
2411 5526 2570 5583 atque
2622 5517 2672 5568 in
2717 5532 2781 5571 eo
2807 5534 3016 5572 sumere
3048 5522 3355 5589 qualitazent

1783 5621 1883 5675 qua
1930 5606 1979 5659 in
2011 5622 2161 5659 uvam
2197 5607 2448 5674 procedat
2492 5607 2746 5674 paulatim
2778 5620 3161 5679 erumpentem,
3196 5626 3355 5685 atque

1784 5700 1839 5757 in
1870 5714 1928 5755 ea
1960 5699 2336 5770 grandescentc
2385 5702 2565 5757 vinum
2614 5701 2721 5770 ﬁat,
2764 5713 3133 5777 maturumque
3172 5682 3355 5765 dulce-
