3886 6224
489 312 598 369 659

1581 323 1642 376 n.
1674 317 1989 377 EUGYPPII
2029 285 2318 376 austris
2356 317 2676 381 amcam

3655 319 3765 374 660

491 429 779 499 scat,quod
801 429 974 486 adhuc
997 429 1260 488 fervescat
1281 448 1618 504 expressum,
1644 445 1699 492 et
1719 437 1946 506 quadam
1969 452 2054 493 ve-
2087 440 2137 498 Α
2165 433 2518 507 stitutionem]
2538 435 2834 492 contexuit.
2868 407 3201 496 bianifestum
3227 445 3314 494 est
3341 438 3514 500 enim.
3536 438 3624 492 sic
3656 452 3766 490 non

492 529 685 576 tustate
704 522 989 588 ﬁrmatum,
1005 523 1068 576 ad
1089 539 1237 577 nsum
1253 512 1468 580 bibendi
1485 526 1660 582 utilius
1673 528 2067 598 jucundiusque

491 612 804 676 perveniat?
833 610 963 665 Num
997 612 1115 665 ideo
1146 613 1400 668 Dominus
1431 615 1630 686 lignum
1660 620 1932 689 quaesivit,
1965 631 2057 674 aut

491 708 690 755 terram
711 740 726 765 ,
757 710 848 755 aut
874 700 969 754 itas
994 711 1290 770 temporum
1332 721 1531 773 moras,
1563 722 1682 761 cum
1713 723 1902 776 aquam
1926 711 2064 764 miro

492 793 807 860 compendio
834 793 1104 847 convertit
1134 795 1184 848 in
1217 798 1425 861 vinum,
1460 809 1514 852 et
1544 800 1647 854 tale
1697 801 1873 855 vinum
1919 801 2062 871 quod

491 881 671 938 ebrius
707 883 868 936 etiam
917 884 1141 939 conviva
1201 886 1477 942 laudaret?
1507 889 1749 957 Nunquid
1793 890 2062 959 adjutorio

491 971 745 1040 temporis
771 982 919 1042 eguit
945 975 1192 1030 conditor
1223 980 1553 1048 temporum?
1573 965 1750 1035 nonne
1774 979 1932 1034 certis
1950 981 2064 1036 die-

489 1077 606 1114 rum
639 1063 876 1117 numeris
905 1079 1003 1120 suo
1031 1066 1222 1136 cuique
1249 1068 1428 1136 generi
1476 1070 1892 1125 accommodatis
1940 1088 2061 1126 om-

486 1151 570 1205 nis
599 1162 783 1208 natura
829 1157 1459 1223 serpentiummoalescit',
1489 1157 1771 1227 formatur,
1803 1165 2059 1228 nascitur,

487 1242 808 1301 roboratur?
834 1248 966 1301 Num
996 1250 1283 1316 exspectati
1312 1260 1435 1306 sunt
1463 1250 1516 1306 hi
1543 1252 1689 1316 dies,
1717 1256 1848 1309 utin
1875 1256 2064 1311 draco-

487 1351 612 1392 nem
656 1339 803 1408 virga
843 1350 1240 1397 converteretur
1276 1342 1344 1397 de
1385 1359 1540 1398 manu
1577 1345 1704 1399 Mosi
1743 1355 1799 1400 et
1839 1348 2063 1402 Aaron?

486 1443 590 1482 nec
619 1432 715 1484 ista
761 1445 878 1484 cum
912 1431 1043 1485 ﬁunt
1087 1442 1271 1486 contra
1305 1444 1549 1488 naturam
1584 1418 1715 1491 ﬁunt
1754 1438 1852 1491 nisi
1886 1439 2060 1505 nobis,

485 1517 680 1586 quibus
711 1521 845 1574 alter
871 1531 1073 1576 natura:
1103 1535 1293 1576 cursus
1314 1524 1565 1591 innotuit,
1602 1541 1704 1579 non
1728 1537 1902 1581 autem
1928 1528 2058 1593 Deo,

487 1611 577 1665 cui
609 1610 707 1666 hoc
728 1619 810 1668 est
839 1621 1024 1666 natura
1051 1611 1193 1682 quod
1225 1614 1430 1670 fecerit.
1467 1617 1640 1683 Qumri
1667 1628 1839 1672 autem
1873 1621 2063 1674 merito

486 1709 682 1772 potest,
727 1701 969 1758 causales
1011 1702 1116 1759 illas
1163 1705 1395 1761 rationes
1436 1721 1565 1776 quas
1597 1708 1796 1762 mundo
1844 1709 2060 1773 indidit,

2170 524 2368 580 factum
2417 539 2540 583 esse
2567 526 2839 582 hominem
2860 568 2875 592 ,
2904 537 3089 584 contra
3127 544 3288 599 quam
3317 537 3435 584 erat
3463 529 3553 583 illa
3587 528 3764 596 prim:

2169 620 2374 692 [contra
2402 621 2542 691 quod
2591 630 2709 676 erat
2750 622 2804 677 in
2851 623 2937 677 illa
2981 623 3176 696 prima]
3207 624 3514 679 conditione
3557 635 3762 678 causa-

2168 727 2327 776 rum,
2356 712 2480 781 quia
2520 711 2593 766 ibi
2615 721 2733 768 erat
2777 713 2938 770 etiam
2983 716 3064 770 sic
3090 715 3209 771 ﬁeri
3264 731 3454 783 posse,
3503 715 3762 785 quamvis

2167 816 2276 856 non
2307 802 2375 856 ibi
2405 811 2523 857 erat
2551 804 2618 857 ita
2654 804 2769 859 ﬁeri
2799 819 3018 861 necesse
3038 821 3180 871 esse.
3206 808 3318 862 Hoc
3345 809 3486 862 enim
3503 822 3619 862 non
3641 817 3758 861 erat

2168 891 2221 944 in
2260 891 2576 947 conditione
2615 903 2916 969 creaturae,
2967 896 3061 950 sed
3109 895 3163 949 in
3217 897 3414 962 placito
3455 896 3754 954 Creatoris.

2169 982 2318 1051 cujus
2347 982 2593 1044 voluntas
2615 999 2796 1039 rerum
2818 995 2903 1041 est
2945 987 3256 1043 necessitas.
3286 986 3420 1045 Nam
3447 998 3504 1042 et
3522 1001 3629 1041 nos
3658 1003 3752 1054 pro

2168 1082 2324 1139 captu
2350 1074 2678 1130 infirmitatis
2705 1075 2981 1146 humanm,
3012 1078 3123 1146 jam
3169 1078 3222 1134 in
3263 1078 3394 1148 ipsis
3419 1079 3586 1133 rebus
3614 1086 3750 1131 tem-

2169 1178 2301 1229 pore
2328 1165 2528 1219 exortis
2552 1206 2567 1230 ,
2598 1180 2884 1232 possumus
2932 1151 3092 1221 nosse
3132 1167 3257 1237 quid
3285 1168 3336 1222 in
3362 1167 3628 1236 cujusque
3659 1181 3742 1218 na-

2171 1261 2284 1306 tura
2314 1253 2422 1317 sit,
2471 1255 2611 1324 quod
2663 1255 2867 1329 [quam]
2897 1259 3264 1326 experimento
3308 1257 3713 1328 perceperimus

2166 1343 2261 1397 sed
2295 1353 2468 1399 utrum
2499 1346 2663 1400 etiam
2696 1346 2930 1402 futurum
2963 1349 3034 1403 sit
3065 1349 3394 1418 ignoramus.
3424 1347 3517 1400 Est
3544 1347 3745 1415 quippe

2168 1432 2221 1487 in
2247 1442 2431 1490 natura
2460 1436 2620 1503 hujus
2645 1480 2662 1504 ,
2708 1437 2859 1492 verbi
2898 1439 3091 1506 gratia,
3119 1437 3334 1506 juvenis
3366 1445 3422 1491 ut
3455 1446 3740 1492 senescat:

2168 1523 2261 1577 sed
2291 1534 2467 1579 utrum
2499 1526 2602 1580 hoc
2627 1527 2698 1582 sit
2724 1527 2882 1581 etiam
2918 1527 2972 1581 in
3005 1527 3100 1581 Dei
3131 1528 3405 1582 voluntate
3434 1526 3740 1588 nescimus;

2168 1616 2261 1670 sed
2294 1631 2393 1671 nec
2421 1617 2475 1670 in
2503 1626 2690 1672 natura
2721 1627 2894 1684 esset,
2929 1617 3034 1672 nisi
3071 1618 3126 1673 in
3169 1617 3263 1672 Dei
3295 1618 3566 1672 voluntate
3594 1617 3740 1685 prius

2171 1708 2378 1775 luisset,
2399 1707 2489 1777 qui
2514 1708 2753 1763 condidit
2773 1708 2972 1764 omnia.
2995 1706 3060 1762 Et
3081 1708 3260 1777 utique
3280 1707 3636 1763 occultantio
3659 1712 3739 1757 est

485 1805 606 1846 cum
629 1793 872 1860 primum
917 1794 1072 1848 simul
1115 1798 1291 1852 omnia
1343 1798 1542 1854 creavit
1562 1840 1577 1863 ,
1630 1800 1898 1867 quomodo
1947 1803 2054 1855 sint
2087 1806 2129 1863 Β
2155 1801 2448 1853 senectutis
2477 1798 2532 1855 in
2561 1813 2787 1867 corpore
2809 1798 3035 1868 juvenili
3058 1838 3074 1864 ,
3105 1799 3186 1853 vel
3213 1799 3510 1867 juventutis
3538 1798 3589 1850 in
3621 1811 3738 1850 cor-

485 1880 781 1939 instiiutm?
811 1895 986 1937 utrum
1019 1895 1081 1960 ut
1103 1886 1548 1956 quemadmodum
1579 1889 1821 1944 videmus
1871 1901 2058 1946 cuncta

486 1973 785 2035 nascentia,
809 1973 890 2028 vel
920 1972 1290 2041 D‘uticum,vel
1313 1979 1659 2035 animantium
1681 1978 2058 2052 [animalium],

484 2061 540 2118 in
571 2067 681 2118 suis
710 2063 1220 2122 coniormationibus
1245 2079 1402 2139 atque
1425 2072 1770 2126 incrementis
1800 2114 1813 2137 ,
1845 2088 1941 2126 sua
1965 2090 2060 2143 pro

488 2154 801 2210 diversitate
828 2170 1078 2224 generum
1105 2151 1308 2212 diversa
1331 2159 1499 2227 spatia
1522 2170 1836 2231 peragerent
1854 2170 2059 2231 tempo-

494 2257 614 2298 rum
635 2245 753 2299 iAn
775 2254 829 2299 ut
845 2246 1289 2316 quemadmodum
1313 2249 1548 2304 creditur
1565 2250 1737 2305 factus
1756 2252 1920 2307 Adam
1945 2254 2062 2310 sine

488 2335 600 2390 ullo
625 2351 913 2407 progressu
953 2339 1402 2415 incrementorum
1443 2343 1579 2397 virili
1606 2352 1764 2399 aetate
1791 2347 2050 2401 continuo

485 2427 989 2485 conformarentur?
1015 2432 1121 2487 Sed
1152 2448 1247 2487 cur
1275 2449 1382 2490 non
1414 2445 1697 2504 utrumque
1731 2437 1851 2491 illas
1874 2438 2056 2492 credi-

492 2532 615 2571 mus
642 2518 911 2587 habuisse,
932 2532 986 2574 ut
1013 2521 1116 2577 hoc
1145 2538 1211 2584 ex
1237 2525 1312 2579 eis
1343 2525 1578 2579 futurum
1605 2537 1750 2582 esset
1779 2527 1920 2597 quod
1949 2531 2060 2583 lac-

487 2609 593 2664 lori
625 2609 956 2678 placuisset?
985 2612 1041 2668 Si
1067 2615 1209 2667 enim
1242 2614 1332 2669 illo
1362 2616 1522 2670 modo
1563 2616 1885 2682 dixerimus,
1927 2621 2060 2674 inci-

486 2699 564 2768 pit
588 2710 775 2756 contra
799 2703 939 2771 ipsas
972 2703 1166 2758 factum
1197 2705 1384 2769 videri,
1417 2722 1520 2761 non
1549 2707 1720 2762 solum
1752 2710 2060 2766 etiamillud

486 2792 555 2848 de
579 2808 717 2864 aqua
747 2797 924 2849 vinum
946 2838 960 2862 ,
990 2800 1082 2850 sed
1112 2807 1166 2854 et
1209 2798 1385 2852 omnia
1430 2801 1682 2856 miracula
1731 2817 1849 2871 quae
1875 2813 2058 2858 contra

487 2894 690 2940 natura:
720 2887 972 2942 usitatum
1004 2903 1217 2944 cursum
1251 2889 1384 2946 ﬁunt
1411 2908 1425 2957 ;
1460 2891 1508 2946 si
1537 2904 1713 2948 autem
1749 2896 1848 2950 isto
1876 2898 2057 2966 modo,

489 2977 659 3031 multo
687 2979 788 3032 erit
823 2979 1108 3036 absurdius
1138 2983 1269 3036 istas
1309 2983 1451 3052 ipsas
1480 2985 1816 3059 quotidianus
1859 2997 2060 3044 naturas

487 3064 687 3123 formas
716 3081 762 3123 et
789 3071 998 3137 Species
1019 3081 1206 3126 contra
1234 3072 1355 3128 illas
1394 3075 1671 3142 primarias
1701 3076 1937 3133 omnium
1966 3094 2060 3133 na-

2167 1906 2295 1957 pore
2326 1891 2513 1959 puerili
2545 1908 2557 1944 :
2599 1906 2775 1960 neque
2805 1892 2945 1945 enim
2973 1892 3142 1955 oculis
3166 1891 3425 1954 cernitur,
3453 1892 3583 1943 slcut
3626 1888 3735 1955 ipsa

2169 1982 2222 2034 in
2257 1996 2422 2050 puero
2451 1981 2705 2050 pueritia,
2739 1981 2877 2036 sicut
2901 1981 3154 2051 juventus
3185 1982 3236 2036 in
3258 1981 3486 2050 juvene,
3515 1980 3606 2034 sed
3639 1979 3735 2028 alia

2163 2071 2620 2138 quadamnotitia
2658 2072 2927 2142 colligitur
2966 2073 3141 2128 inesse
3185 2072 3234 2126 in
3288 2082 3478 2131 natura
3522 2070 3734 2138 quidam

2163 2160 2469 2234 [quoddam]
2500 2163 2690 2230 latens,
2720 2179 2823 2233 quo
2851 2165 3142 2220 educantur
3172 2167 3225 2219 in
3250 2173 3498 2234 promptu
3531 2164 3732 2217 numeri

2161 2253 2376 2318 occulti,
2399 2254 2480 2306 vel
2506 2252 2802 2321 juventutis
2830 2269 2858 2307 a
2890 2254 3140 2322 pueritia,
3168 2253 3252 2309 vel
3281 2253 3570 2309 senectutis
3599 2266 3628 2305 a
3651 2252 3734 2319 ju-

2161 2350 2403 2396 ventute.
2449 2342 2666 2396 Occulta
2694 2352 2776 2397 est
2806 2358 2934 2412 ergo
2965 2345 3064 2396 ista
3089 2342 3257 2412 ratio,
3303 2357 3407 2412 qua
3456 2346 3515 2396 lit
3545 2351 3602 2396 ut
3641 2342 3734 2395 hoe

2163 2445 2282 2485 esse
2309 2431 2496 2499 possit,
2525 2424 2617 2486 sed
2643 2432 2834 2499 oculis,
2866 2433 3028 2488 menti
3057 2441 3234 2486 autem
3264 2447 3369 2487 non
3395 2442 3478 2486 est
3508 2433 3731 2486 occulta.

2165 2521 2351 2576 Utrum
2395 2531 2575 2577 autem
2607 2523 2709 2580 hoc
2743 2525 2900 2579 etiam
2934 2539 3151 2580 necesse
3174 2525 3272 2591 sit,
3313 2525 3617 2580 omnimodo
3647 2541 3732 2579 ne-

2162 2614 2384 2670 scimus.
2417 2616 2482 2670 Et
2506 2617 2648 2673 illam
2673 2617 2883 2686 quidem
2910 2633 3011 2686 gna
3041 2620 3098 2671 ﬁt
3125 2627 3180 2672 ut
3201 2632 3321 2674 ese
3349 2619 3516 2686 possit
3542 2634 3658 2671 esse
3684 2617 3732 2671 iu

2160 2715 2347 2760 natura
2375 2706 2543 2774 ipsius
2568 2708 2808 2776 corporis
2834 2709 3101 2762 novimus.
3128 2709 3274 2762 Illam
3307 2723 3434 2762 vero
3462 2723 3563 2776 qua
3598 2708 3651 2759 tit
3679 2716 3731 2760 ut

2160 2806 2381 2852 necesse
2408 2797 2476 2851 sit
2497 2797 2833 2854 manifesmm
2858 2806 2940 2852 est
2966 2799 3076 2852 illic
3105 2813 3211 2851 non
3241 2811 3380 2851 esse.
3412 2798 3516 2850 Sed
3548 2796 3730 2849 fortas-

2160 2890 2234 2944 sis
2257 2891 2310 2946 in
2333 2890 2531 2945 mundo
2556 2898 2666 2956 est,
2690 2899 2758 2965 ut
2797 2905 3018 2945 necesse
3062 2891 3132 2944 sit
3160 2890 3318 2944 istum
3347 2890 3615 2941 hominem
3646 2902 3726 2940 se-

2165 2995 2424 3037 nescere:
2457 2981 2501 3039 si
2522 2993 2696 3036 autem
2725 2996 2825 3036 nec
2853 2983 2904 3035 in
2926 2982 3125 3035 mundo
3153 2990 3255 3044 est,
3280 2979 3332 3033 in
3363 2979 3471 3034 Deo
3497 2991 3597 3033 est.
3626 2977 3729 3030 Hoc

2173 3052 2315 3126 enim
2345 3074 2648 3128 necessario
2669 3070 2901 3125 futurum
2921 3079 3002 3124 est
3021 3071 3160 3139 quod
3184 3070 3274 3124 ille
3296 3070 3427 3133 vult,
3448 3081 3499 3123 et
3527 3083 3588 3123 ea
3612 3083 3729 3121 vere

486 3169 731 3213 secutum
763 3160 1001 3215 causales
1043 3162 1279 3216 rationes
1308 3177 1524 3218 suorum
1575 3172 1875 3235 temporum
1909 3182 2062 3235 pera-
2088 3160 2135 3222 C
2169 3160 2347 3217 futura
2370 3172 2494 3216 sunt
2518 3177 2636 3231 qua
2662 3161 2752 3217 ille
2776 3161 3057 3231 praescivit.
3085 3160 3216 3214 Nam
3255 3162 3417 3214 multa
3449 3161 3729 3213 secundum

485 3265 614 3319 gere
646 3253 835 3318 spatia.
870 3253 1051 3306 Restat
1073 3268 1200 3322 ergo
1233 3267 1287 3307 ut
1318 3255 1382 3308 ad
1415 3265 1696 3325 utrumque
1727 3258 1940 3313 modum
1968 3259 2063 3313 ha-

485 3341 621 3398 liles
670 3351 864 3398 creatae
908 3343 1053 3408 sint,
1088 3345 1197 3399 sive
1245 3345 1309 3398 ad
1354 3346 1513 3400 istum
1555 3361 1662 3417 quo
1718 3350 2064 3406 usitatissime

487 3434 798 3500 temporalia
845 3441 1218 3488 transcurrunt
1241 3477 1256 3498 ,
1289 3436 1401 3490 sive
1445 3436 1512 3491 ad
1542 3437 1695 3491 illum
1724 3454 1834 3509 quo
1862 3455 1982 3495 rara
2009 3451 2064 3498 et

487 3521 746 3576 mirabilia
780 3523 938 3589 ﬁunt,
969 3525 1106 3580 sicut
1136 3525 1247 3580 Deo
1273 3526 1447 3582 facere
1473 3528 1732 3596 placuerit
1760 3532 1902 3600 quod
1927 3541 2062 3587 tem-

488 3613 603 3679 pori
650 3623 925 3683 Congruat.
968 3614 1344 3673 Verumtamen
1396 3620 1476 3672 sic
1525 3619 1695 3673 factus
1734 3630 1817 3675 est
1866 3621 2061 3688 homo,

484 3704 934 3770 quemadmodum
964 3705 1068 3759 illae
1101 3707 1283 3773 prima:
1321 3722 1493 3761 causa:
1522 3708 1791 3764 habebant
1828 3721 1883 3764 ut
1912 3711 2063 3766 ﬁo-ret

485 3797 694 3864 primus
739 3797 918 3861 homo,
953 3812 1108 3865 quem
1143 3813 1248 3851 non
1288 3814 1354 3852 ex
1399 3801 1706 3868 parentibus
1746 3805 1890 3858 nasci
1916 3842 1931 3866 ,
1975 3805 2063 3858 cui

486 3887 620 3942 nulli
652 3898 1034 3956 przecesserant
1060 3928 1074 3951 ,
1102 3888 1196 3942 sed
1240 3889 1306 3943 de
1333 3889 1462 3942 limo
1490 3887 1706 3945 formari
1743 3893 2058 3959 oportebat,

486 3979 781 4032 secundum
807 3976 1075 4033 causalem
1109 3980 1366 4033 rationem
1399 3981 1448 4032 in
1476 3996 1575 4048 qua
1621 3982 1868 4049 primitus
1893 3981 2063 4039 factus

486 4078 622 4126 erat.
649 4068 781 4127 Nam
806 4069 852 4124 si
881 4070 1036 4123 aliter
1067 4070 1235 4124 factus
1263 4080 1377 4138 est,
1411 4087 1515 4125 non
1543 4087 1665 4127 eutn
1697 4071 1841 4127 Deus
1868 4074 1919 4127 in
1947 4075 2063 4128 illo-

486 4176 604 4221 rum
632 4176 726 4218 sex
749 4161 954 4215 dierum
985 4162 1234 4229 cperibus
1261 4162 1459 4216 fecerat
1481 4202 1498 4228 ,
1530 4163 1581 4215 in
1609 4164 1803 4232 quibus
1831 4180 1951 4218 cum
1983 4165 2064 4220 di-

487 4253 629 4311 citur
659 4253 854 4318 iactus,
887 4256 1054 4321 ipsom
1085 4271 1300 4310 causam
1331 4260 1513 4324 utique
1548 4256 1747 4310 fecerat
1776 4257 1937 4322 Deus,
1963 4272 2062 4326 qua

487 4353 604 4400 erat
634 4359 733 4399 suo
765 4353 1003 4414 tempore
1032 4346 1191 4400 homo
1221 4347 1456 4407 futurus.
1491 4355 1546 4401 ct
1574 4349 1867 4400 secundum
1900 4363 2061 4417 quam

495 4432 676 4510 [quod]
719 4437 889 4490 trierat
919 4435 985 4488 ab
1012 4435 1100 4490 illo
1128 4433 1398 4513 faciendus
1425 4436 1516 4504 qui
1544 4438 1699 4491 simul
1734 4449 1786 4491 et
1819 4452 2060 4490 consum-

2169 3253 2451 3308 inl'eriores
2491 3265 2680 3308 causas
2730 3250 2903 3305 futura
2949 3259 3092 3314 sunt,
3123 3250 3217 3304 sed
3245 3252 3289 3305 si
3322 3251 3391 3303 ita
3437 3260 3559 3301 sunt
3586 3259 3638 3302 et
3679 3248 3729 3302 in

2168 3344 2498 3413 praescientia
2522 3345 2645 3408 Dei,
2674 3357 2802 3398 vere
2828 3343 3003 3397 futura
3030 3351 3172 3396 sunt.
3204 3343 3261 3398 Si
3286 3351 3460 3395 autem
3488 3342 3556 3394 ibi
3584 3341 3727 3393 aliter

2164 3450 2323 3505 sunt,
2355 3440 2426 3492 ita
2459 3437 2634 3505 potius
2662 3437 2834 3491 futura
2862 3442 2990 3489 sunt
3026 3433 3162 3490 sicut
3204 3435 3274 3498 ibi
3320 3442 3473 3493 sunt;
3518 3431 3605 3484 ubi
3647 3432 3727 3498 qui

2166 3530 2379 3600 praescit
2407 3528 2510 3582 falli
2536 3543 2640 3582 non
2669 3535 2866 3595 potest.
2898 3524 3027 3578 Nam
3071 3525 3242 3579 futura
3274 3523 3464 3577 dicitur
3489 3532 3727 3575 senectus

2164 3623 2217 3675 in
2247 3622 2472 3690 juvene,
2503 3619 2595 3674 sed
2627 3628 2803 3671 tamen
2836 3617 3012 3670 futura
3044 3630 3148 3669 non
3192 3625 3308 3679 est,
3338 3614 3383 3668 si
3422 3625 3542 3666 ante
3568 3614 3726 3665 meri-

2166 3718 2314 3762 turus
2345 3718 2446 3763 est.
2483 3707 2592 3761 lloc
2621 3715 2804 3761 autem
2845 3706 2917 3759 ita
2960 3706 3059 3759 erit
3101 3705 3240 3757 sicut
3283 3717 3342 3758 se
3389 3703 3578 3756 habent
3619 3701 3725 3754 alia

2163 3815 2361 3869 causae,
2393 3801 2507 3854 sive
2555 3796 2652 3869 [in]
2679 3797 2876 3852 mundo
2921 3805 3205 3859 contextae,
3239 3797 3351 3848 sive
3380 3796 3429 3846 in
3463 3793 3549 3845 Dei
3598 3806 3724 3858 prae-

2165 3889 2391 3955 scientia
2423 3894 2726 3943 reservata.
2765 3885 2899 3939 Nam
2937 3883 3231 3939 secundum
3262 3883 3506 3951 quasdam
3537 3879 3724 3932 futuro-

2166 3997 2282 4036 rum
2314 3995 2502 4035 causas
2533 4022 2547 4047 ,
2573 3978 2866 4032 "moriturus
2893 3984 3009 4033 erat
3029 3974 3135 4044 43
3170 3974 3437 4036 Ezechias.
3475 3974 3555 4026 cui
3597 3971 3724 4024 Deus

2167 4071 2369 4125 addidit
2397 4068 2704 4139 quindecim
2729 4082 2899 4121 annos
2924 4067 2988 4126 ad
3019 4068 3178 4120 vitam
3207 4082 3221 4120 :
3254 4067 3303 4119 id
3338 4067 3506 4132 utique
3529 4064 3719 4117 faciens

2165 4159 2308 4230 quod
2341 4170 2465 4213 ante
2496 4156 2928 4212 constitutiOnem
2978 4154 3159 4209 mundi
3205 4169 3265 4208 se
3312 4154 3566 4207 iacturum
3612 4164 3719 4204 esse

2165 4249 2508 4320 prmsciebat,
2542 4258 2594 4302 et
2622 4243 2673 4299 in
2717 4260 2808 4301 sua
2837 4246 3104 4299 voluntate
3137 4245 3402 4300 servabat.
3450 4244 3559 4296 Non
3606 4256 3720 4308 ergo

2165 4341 2218 4402 id
2244 4340 2468 4393 faciebat
2497 4338 2637 4402 quod
2677 4339 2913 4401 futurum
2946 4352 3051 4390 non
3083 4347 3217 4400 erat,
3265 4335 3365 4389 hoc
3389 4334 3521 4387 enim
3570 4334 3718 4396 n-agis

2168 4436 2282 4483 crat
2309 4429 2538 4482 luturum
2579 4427 2717 4496 quod
2745 4441 2802 4480 se
2829 4425 3085 4480 facturum
3111 4440 3232 4479 esse
3261 4424 3589 4492 praesciebat.
3622 4421 3718 4475 Nec

487 4507 724 4584 maverat
753 4527 992 4581 inchoata
1015 4518 1046 4591 ,’
1079 4507 1297 4594 propter
1342 4525 1716 4595 perfectionem
1761 4528 2052 4581 causalium
2087 4512 2136 4570 Ῑ)
2163 4527 2344 4572 tamen
2375 4518 2447 4571 illi
2478 4519 2600 4570 anni
2641 4515 2806 4569 additi
2854 4521 2996 4569 recte
3032 4514 3360 4575 diceremur.
3406 4511 3500 4565 ηῖεί
3539 4507 3716 4577 aliqu“

389 4653 394 4660 ι
487 4619 772 4681 rationum,
803 4628 855 4671 et
881 4618 1228 4672 inchoaverat
1258 4620 1677 4672 conSnmmanda
1729 4628 1945 4687 propter
1972 4636 2059 4672 or-

487 4714 666 4766 dinem
699 4722 1014 4779 temporum.
1049 4710 1104 4764 Si
1149 4725 1276 4777 ergo
1307 4712 1357 4762 in
1387 4710 1489 4764 illis
1523 4711 1706 4777 primis
1729 4725 1905 4764 rerum
1932 4725 2058 4764 cau-

487 4804 603 4869 sis,
653 4816 786 4871 quas
826 4802 1020 4855 mundo
1071 4802 1312 4869 primitus
1363 4801 1587 4854 Creator
1630 4802 1894 4862 inseruit.
1953 4817 2056 4855 non

487 4901 692 4947 tantum
736 4891 910 4960 posuit
937 4891 1073 4958 quod
1113 4893 1180 4949 de
1217 4891 1343 4944 limo
1375 4891 1695 4944 formaturns
1726 4899 1840 4944 erat
1885 4890 2061 4944 homi-

487 5002 609 5044 nem
635 5024 650 5048 .
681 4983 775 5038 sed
806 4983 964 5037 etiam
996 4983 1439 5050 quemadmodum
1476 4981 1796 5034 formaturus
1822 5022 1835 5045 ,
1875 4989 2059 5034 utrum

487 5080 625 5140 sicut
653 5077 704 5132 in
736 5074 918 5129 matris
949 5083 1134 5138 utero,
1164 5088 1231 5126 an
1265 5074 1315 5126 in
1349 5073 1513 5126 forma
1552 5072 1806 5140 juvenili,
1855 5071 2065 5138 procul-

488 5169 654 5226 dubio
683 5170 760 5222 sic
787 5165 913 5221 fecit
941 5173 998 5217 ut
1032 5162 1142 5216 illic
1176 5162 1501 5228 praaﬁxerat,
1535 5174 1705 5229 neque
1744 5159 1885 5214 enim
1929 5174 2062 5212 con-

490 5272 568 5317 tra
598 5258 996 5327 dispositionem
1028 5269 1178 5307 suam
1229 5252 1440 5309 faceret.
1492 5253 1547 5306 Si
1578 5263 1757 5305 autem
1793 5251 1897 5302 vim
1943 5259 2062 5301 tan-

491 5365 602 5410 tum
637 5352 704 5405 ibi
737 5351 911 5416 posuit
956 5336 1441 5415 possibilitatis,'ut
1470 5344 1626 5396 homo
1661 5343 1810 5396 ﬁeret
1850 5356 2062 5410 quoquo

491 5444 651 5503 modo
679 5440 847 5503 ﬁeret,
881 5447 935 5491 ut
955 5448 1008 5492 et
1037 5441 1112 5493 sic
1142 5444 1194 5491 et
1224 5434 1301 5489 sic
1331 5444 1508 5499 posset
1533 5474 1546 5495 ,
1579 5435 1625 5485 id
1659 5447 1737 5486 est
1769 5443 1824 5484 ut
1853 5432 1903 5484 id
1924 5446 2062 5499 quo-

493 5550 595 5603 que
623 5533 689 5587 ibi
721 5541 895 5596 esset,
929 5531 1047 5600 quia
1078 5538 1131 5598 et
1160 5529 1237 5582 sic
1267 5533 1321 5582 et
1346 5526 1421 5578 sic
1452 5535 1657 5591 posset,
1690 5538 1847 5575 unum
1879 5533 2054 5576 autem

494 5624 664 5690 ipsum
696 5623 907 5676 modum
955 5635 1058 5688 quo
1099 5630 1214 5672 crat
1245 5618 1478 5671 facturus
1504 5656 1518 5681 ,
1569 5615 1617 5665 in
1653 5628 1741 5663 sna
1792 5614 2062 5667 voluntate

494 5713 745 5777 servavit,
777 5728 879 5766 non
911 5710 1089 5766 mundi
1133 5703 1493 5766 constitutioni
1527 5704 1666 5759 lcum
1710 5705 1887 5757 mundi
1936 5718 2065 5760 Con-

2167 4607 2453 4662 adderetur
2477 4607 2614 4675 quod
2644 4620 2702 4659 se
2728 4605 2881 4658 aliter
2905 4605 2954 4656 in
2980 4602 3097 4657 aliis
3127 4602 3303 4656 causis
3337 4602 3576 4654 habuerat
3602 4614 3615 4649 :
3643 4611 3717 4650 se-

2168 4699 2398 4753 cundum
2444 4699 2647 4766 aliquas
2689 4697 2848 4764 igitur
2893 4708 3079 4749 causas
3120 4692 3418 4755 inferiores,
3445 4692 3544 4757 jam
3570 4689 3713 4740 vitam

2169 4791 2403 4852 ﬁnierat,
2433 4787 2726 4842 secundum
2758 4786 2874 4840 illas
2899 4797 3072 4839 autem
3095 4800 3213 4852 qua:
3243 4793 3365 4836 sunt
3394 4784 3441 4836 in
3468 4780 3713 4833 voluntate

2170 4891 2218 4933 ct
2271 4879 2603 4944 prmscientia
2638 4877 2730 4930 Dei
2762 4918 2776 4943 ,
2807 4864 2893 4945 qui
2925 4890 2990 4929 ex
3029 4874 3329 4927 mternitate
3375 4880 3578 4924 noverat
3604 4865 3710 4931 quia

2172 4970 2265 5023 illo
2300 4979 2535 5036 tempore
2555 4965 2790 5019 facturus
2819 4972 2961 5024 erat.
2992 4971 3045 5018 et
3074 4962 3174 5016 hoc
3191 4976 3317 5017 vere
3343 4961 3561 5014 futurum
3589 4967 3709 5010 erat.

2169 5062 2317 5114 Tunc
2339 5068 2453 5113 erat
2484 5058 2731 5110 ﬁniturus
2760 5054 2942 5119 vitam,
2981 5054 3190 5121 quando
3211 5052 3378 5106 ﬁnivit
3401 5052 3571 5115 vitam,
3598 5046 3707 5115 quid

2170 5154 2267 5207 etsi
2297 5148 2440 5223 {quia
2468 5158 2520 5201 et
2541 5146 2639 5217 sic]
2669 5145 2841 5199 oranti
2865 5159 3175 5198 concessum
3201 5153 3315 5209 est,
3344 5147 3493 5198 etiam
3514 5141 3584 5194 sic
3602 5152 3707 5191 eum

2169 5250 2469 5300 oraturum,
2507 5247 2563 5289 ut
2583 5237 2672 5289 tali
2701 5235 2923 5288 orationi
2951 5234 3169 5288 concedi
3196 5242 3484 5300 oporteret,
3515 5231 3593 5284 ille
3620 5228 3707 5279 uti-

2170 5344 2271 5397 que
2296 5321 2628 5396 prtesciebat,
2659 5324 2812 5391 cujus
2860 5321 3184 5387 praescientia
3218 5322 3327 5376 falli
3362 5338 3461 5375 non
3491 5327 3667 5388 poterat
3690 5356 3703 5376 .

2166 5429 2221 5474 et
2266 5418 2385 5471 ideo
2431 5414 2930 5483 quod'praesciebat
2973 5412 3278 5466 necessario
3330 5411 3548 5465 futurum
3585 5414 3703 5459 erat.

2166 5513 2498 5576 Quapropter
2528 5507 2570 5559 si
2601 5506 2839 5558 omnium
2873 5505 3173 5558 futurorum
3196 5517 3369 5557 causa:
3401 5500 3578 5556 mundo
3599 5504 3705 5550 sunt

2167 5603 2358 5668 insitm,
2387 5613 2504 5653 cum
2536 5598 2626 5651 ille
2659 5596 2826 5649 factus
2853 5604 2936 5650 est
2980 5595 3095 5648 dies
3135 5595 3348 5664 quando
3375 5594 3505 5648 Deus
3529 5587 3700 5644 crearit

2167 5693 2341 5752 omnia
2379 5688 2564 5750 simul.
2607 5703 2712 5742 non
2763 5687 2916 5741 aliter
2968 5684 3137 5740 Adam
3185 5685 3354 5740 factus
3392 5694 3468 5738 cst
3509 5693 3616 5736 cum
3644 5674 3700 5729 de
