3842 6226
97 292 174 382 ssi

1268 301 1727 375 .‘rnasaunus.
1760 308 1910 366 car.
1953 307 2084 363 LIV.

3167 277 3286 339 .662

93 435 371 489 llmolerrte
392 432 644 487 formatus
666 436 766 496 cst,
788 426 925 482 sicut
946 432 1027 480 est
1047 421 1356 479 credibilius
1373 423 1481 493 jam
1505 435 1617 490 pcr-
1646 422 1696 481 A
1718 417 1910 475 ccelum
1938 417 2137 493 creavit
2155 457 2171 476 .
2203 430 2261 471 ea
2288 386 2546 485 potestate
2576 407 2821 481 deposuit
2853 414 2906 460 et
2933 400 3155 479 recepit,
3181 414 3285 467 qua

94 515 223 578 lecta:
244 516 727 587 virilitatis,"q’uam
752 525 865 573 erat
893 516 943 571 in
985 514 1087 570 illis
1113 513 1288 570 causis
1309 535 1330 579 ,-
1353 512 1445 568 ubi
1480 511 1623 567 Deus

96 614 340 671 hominem
358 614 411 667 in
440 628 533 668 sex
557 611 759 667 dierum
782 609 1027 679 operibus
1056 606 1199 663 fecit.
1229 605 1306 659 lbi
1339 604 1479 660 enim
1510 610 1625 657 erat

94 722 182 761 non
201 704 366 759 solum
394 712 452 757 ut
480 703 548 758 ita
576 701 689 757 ﬁeri
714 710 911 767 posset,
932 712 1113 754 verum
1135 695 1294 751 etiam
1323 705 1377 749 ttt
1405 695 1478 748 ita
1503 706 1624 746 eum

97 795 195 849 ﬁeri
218 807 436 860 necesse
463 797 605 849 esset
630 809 645 858 ;
674 799 781 845 tam
809 788 951 845 enim
979 803 1083 843 non
1113 786 1237 841 facit
1269 784 1414 839 Dens
1436 790 1623 839 contra

95 897 286 938 causam
326 897 483 953 quam
509 882 625 937 sine
662 880 827 936 dubio
878 878 1067 934 volens
1112 875 1424 946 praestituit,
1470 887 1627 943 quam

95 982 261 1027 contra
290 972 609 1026 voluntatem
632 983 778 1023 suam
805 982 912 1022 non
940 965 1080 1022 facit.
1111 965 1169 1021 Si
1190 973 1364 1020 autem
1388 977 1493 1018 non
1520 976 1627 1017 om-

95 1077 177 1118 nes
201 1076 386 1117 causas
413 1062 465 1115 in
494 1070 734 1115 creatura
756 1057 999 1128 primitus
1018 1055 1229 1115 condita
1257 1053 1505 1124 prtelixit,
1529 1050 1625 1107 sed

90 1155 280 1222 aliquas
310 1152 365 1206 in
396 1165 488 1207 sua
520 1151 789 1205 voluntate
819 1148 1068 1213 servavit,
1093 1161 1196 1200 non
1226 1154 1352 1200 sunt
1375 1145 1477 1199 illa:
1507 1143 1626 1212 qui-

93 1241 199 1295 dem
226 1255 376 1309 quas,
403 1240 458 1294 in
481 1254 576 1293 sua
600 1238 866 1292 voluntate
889 1235 1138 1299 servavit,
1156 1236 1222 1289 ex
1242 1233 1463 1288 istarum
1491 1246 1626 1301 quas

90 1330 275 1386 creavit
315 1328 630 1383 necessitate
650 1326 997 1396 pendentes,
1040 1340 1146 1379 non
1191 1332 1369 1379 tamen
1412 1327 1631 1391 possunt

91 1436 197 1477 esse
243 1422 528 1478 contrariae
573 1433 704 1488 quas
749 1418 803 1473 in
842 1432 936 1472 sua
962 1415 1231 1471 voluntate
1257 1414 1488 1469 servavit
1524 1411 1629 1465 illis

91 1522 209 1577 quas
232 1522 330 1563 sua
358 1507 628 1561 voluntate
657 1505 945 1569 constituit,
974 1504 1092 1574 quia
1125 1503 1216 1559 Dei
1245 1503 1490 1557 voluntas
1520 1514 1627 1557 non

89 1607 251 1666 potest
277 1597 379 1651 sibi
407 1604 529 1651 εεεε
552 1596 841 1651 contraria.
861 1592 995 1649 istas
1022 1607 1148 1663 ergo
1172 1592 1249 1647 sic
1272 1590 1540 1656 condidit,
1568 1597 1630 1644 ut

90 1704 145 1744 ex
177 1690 279 1743 illis
308 1703 430 1744 esse
463 1689 591 1743 illud
618 1688 765 1758 cujus
793 1700 967 1742 causae
997 1694 1137 1751 sunt,
1166 1684 1370 1757 possit,
1400 1683 1494 1739 sed
1523 1698 1628 1738 non

89 1790 297 1831 necesse
324 1776 415 1830 sit.
461 1774 580 1831 Illas
610 1786 782 1830 autem
813 1775 890 1829 sic
914 1774 1208 1837 abscondit,
1234 1782 1294 1828 ut
1322 1788 1388 1828 ex
1412 1773 1493 1827 eis
1513 1785 1631 1829 esse
1661 1771 1707 1833 B

90 1878 296 1921 necesse
322 1866 391 1919 sit
419 1863 518 1920 hoc
536 1864 675 1934 quod
699 1879 769 1920 ex
800 1865 926 1933 ipsis
949 1864 1091 1930 fecit,
1114 1873 1171 1919 ut
1196 1877 1314 1920 esse
1342 1862 1527 1933 possit.

667 1971 891 2030 CAPUT
930 1974 1039 2029 ιιι.

92 2061 159 2118 De
178 2064 322 2118 stella
350 2080 501 2133 quam
532 2062 672 2133 Magi
700 2063 855 2118 secuti
880 2074 993 2117 sunt
1014 2058 1199 2133 Cigisti
1216 2061 1410 2130 [amula
1437 2076 1533 2115 non
1555 2063 1636 2132 fa-

374 2136 469 2187 tali
494 2175 508 2197 ,
539 2150 604 2187 ea:
624 2130 755 2187 libro
784 2149 819 2189 tt
854 2147 1029 2186 contra
1058 2130 1329 2184 Faustum.

151 2223 255 2279 Nos
278 2223 495 2294 quidem
518 2224 619 2279 sub
644 2223 752 2279 fato
771 2223 1035 2279 stellarum
1065 2223 1260 2278 nullius
1290 2222 1517 2277 hominis
1540 2236 1638 2293 ge-

86 2328 180 2368 nus
209 2315 551 2383 imponimus,
574 2324 629 2369 et
652 2310 874 2370 ﬁbcrum
898 2314 1184 2375 voluntatis
1211 2313 1507 2378 arbitrium,
1538 2327 1640 2383 qua

91 2406 170 2459 vel
201 2406 339 2461 bene
366 2406 445 2460 vel
472 2406 611 2461 male
632 2405 846 2471 vivitur,
895 2404 1108 2475 propter
1130 2403 1334 2473 justum
1385 2404 1639 2473 judicium

91 2494 198 2559 Dei,
225 2496 291 2550 ab
311 2495 455 2550 omni
477 2496 805 2551 necessitatis
829 2495 1037 2550 vinculo
1059 2483 1411 2559 vindicamus;
1444 2500 1642 2563 quanto

91 2587 267 2639 minus
294 2584 440 2639 illius
463 2585 802 2654 temporalem
834 2584 1227 2653 generationem
1259 2583 1357 2637 sub
1379 2570 1641 2638 astrorum

86 2672 391 2727 conditione
420 2674 682 2727 credimus
711 2674 925 2735 laetam,
954 2673 1043 2740 qui
1066 2681 1147 2726 est
1168 2682 1397 2727 aeternus
1430 2674 1642 2727 univer-

86 2772 509 2823 sorumcreatur
535 2773 587 2816 et
624 2762 917 2817 Dominus!
953 2762 1133 2831 Itaque
1170 2762 1257 2815 illa
1303 2762 1454 2816 stella
1485 2776 1640 2830 quam

87 2850 335 2906 viderunt
363 2851 498 2921 Magi
529 2849 743 2904 Christo
770 2849 1059 2904 secundum
1102 2862 1314 2903 carnem
1360 2857 1506 2914 nato,
1537 2864 1639 2904 non

86 2944 149 2993 ad
178 2942 458 2997 decretum
482 2940 875 3008 dominabatur,
894 2940 985 2993 sed
1010 2939 1074 2993 ad
1091 2938 1447 2994 testimonium
1476 2939 1641 2995 famu-

84 3034 311 3102 labatur,
335 3049 437 3089 nec
461 3048 582 3088 eum
614 3032 929 3101 subjiciebat
966 3033 1221 3101 imperio,
1258 3032 1350 3089 sed
1378 3032 1641 3087 indicabat

82 3126 366 3197 obsequio.
400 3126 628 3181 Proinde
660 3131 763 3180 non
794 3140 853 3179 ex
888 3124 991 3178 illis
1037 3132 1154 3179 erat
1182 3126 1295 3179 haec
1317 3124 1486 3179 stellis
1524 3138 1639 3195 quae
1668 3136 1712 3197 ρ

84 3217 151 3271 ab
187 3218 347 3306 initip
395 3224 653 3272 creaturze
704 3216 951 3271 itinerum
1006 3230 1223 3271 suorum
1261 3212 1499 3271 Ordinem
1546 3215 1644 3271 sub

82 3298 359 3363 Creatoris
397 3308 515 3378 lege
558 3308 887 3371 custodiunt,
934 3307 1027 3367 sed
1066 3321 1203 3361 novo
1234 3307 1445 3377 virginis
1470 3298 1642 3376 partit,

83 3414 284 3454 novum
314 3399 463 3453 sidus
494 3399 755 3467 apparuit,
788 3398 927 3467 quod
967 3397 1311 3451 ministerium
1356 3394 1513 3451 ofﬁcii
1562 3396 1644 3451 sui

81 3490 245 3545 etiam
278 3490 410 3558 ipsis
437 3488 599 3558 Magis
638 3487 996 3557 quaerentibus
1024 3486 1322 3553 Christum,
1360 3501 1479 3540 cum
1524 3497 1646 3543 ante

82 3580 282 3633 faciem
312 3579 554 3646 praeiret,
585 3578 845 3644 exhibuit,
874 3577 1044 3631 donec
1070 3590 1163 3630 eos
1189 3590 1353 3645 usque
1380 3576 1444 3630 ad
1475 3578 1645 3645 ipsum

78 3668 257 3723 locum
310 3668 398 3722 ubi
430 3666 521 3721 Dei
557 3666 785 3723 Verbum
816 3666 987 3721 infans
1013 3671 1129 3721 erat
1159 3669 1495 3735 perduceret.
1545 3667 1644 3734 Qui

78 3759 301 3813 tandem
331 3757 581 3827 astrologi
607 3758 676 3811 ita
705 3756 1092 3814 constituerunt
1127 3757 1396 3827 hominum
1428 3770 1647 3810 nascen-

78 3849 210 3901 tium
236 3847 287 3901 t‘a
298 3856 347 3901 ta
364 3848 465 3901 sub
481 3847 668 3913 stellis,
687 3858 743 3901 ut
760 3832 986 3916 aliquam
1004 3848 1295 3912 stellarum,
1316 3848 1529 3902 homine
1550 3847 1648 3900 ali-

76 3952 181 4003 quo
205 3945 360 4000 nato,
386 3936 637 3990 circuitus
661 3937 740 3990 sui
764 3938 1005 3990 ordinem
1032 3937 1333 4003 reliquisse,
1354 3946 1403 3989 et
1433 3936 1499 3990 ad
1520 3950 1644 3990 eum

77 4028 168 4094 qui
202 4037 367 4082 natus
399 4039 478 4081 est
512 4028 807 4094 perrexisse
836 4026 1177 4081 assererem?
1214 4026 1420 4081 Sortem
1452 4028 1647 4096 quippe

73 4123 360 4176 nascentis
375 4129 634 4174 astrorum
658 4119 894 4173 ordinem
920 4108 1006 4191 [ιι.
1028 4116 1222 4188 ordini]
1243 4118 1477 4187 colligari
1505 4118 1646 4171 arbi-

76 4222 322 4279 trantur,
358 4226 467 4263 non
489 4220 752 4263 astrorum
775 4200 1014 4263 ordinem
1044 4208 1108 4261 ad
1131 4207 1356 4261 hominis
1379 4207 1485 4260 nati
1506 4205 1647 4261 diem

74 4317 241 4370 posse
291 4300 508 4354 mutari.
537 4300 865 4369 Quapropter
896 4299 947 4353 si
988 4299 1136 4353 stella
1172 4298 1262 4353 illa
1303 4298 1369 4353 de
1410 4297 1491 4352 his
1532 4306 1649 4353 erat

72 4409 196 4463 quae
230 4394 291 4448 in
325 4393 465 4448 coelo
492 4399 749 4463 peragunt
770 4392 984 4445 ordines
1021 4404 1164 4455 suos,
1208 4390 1475 4459 quomodo
1505 4400 1651 4460 pote-

70 4446 157 4539 ;at
186 4446 661 4549 decernere.un
695 4488 847 4535 natus
875 4480 1116 4535 Christus
1136 4446 1346 4535 acturus
1369 4446 1640 4550 erae-qum

1753 4449 2160 4509 resurrectionis
2202 4446 2339 4510 dies,

71 4583 205 4629 nato
236 4572 465 4627 Christo
503 4571 649 4640 iussa
688 4579 775 4625 est
824 4570 1124 4633 relinquere
1162 4569 1302 4638 quod
1332 4569 1553 4638 agebat?
1594 4569 1651 4625 Si

67 4677 285 4728 autem,
322 4674 381 4717 ut
415 4662 735 4731 probabilius
768 4660 1021 4723 creditur,
1072 4660 1138 4714 ad
1175 4662 1649 4717 demonstrandum

66 4754 367 4807 Christum
399 4764 515 4818 quae
538 4764 641 4803 non
664 4758 776 4803 erat
798 4758 978 4803 exorta
998 4758 1099 4811 est.
1132 4764 1234 4802 non
1266 4749 1383 4804 ideo
1409 4749 1650 4804 Christus

68 4853 240 4897 natus
272 4851 385 4906 est,
412 4840 533 4909 quia
562 4839 649 4892 illa
672 4838 894 4903 exstitit,
921 4838 1009 4892 sed
1035 4836 1151 4890 ideo
1172 4836 1257 4890 illa
1285 4838 1504 4902 exstitit,
1531 4837 1649 4905 quia

66 4936 338 4990 Christus
369 4914 637 4985 natusest.
671 4929 843 4996 unde,
870 4931 913 4984 si
945 4929 1047 4983 dici
1073 4935 1359 4996 oporteret,
1395 4944 1497 4981 non
1526 4928 1652 4981 stel-

66 5026 177 5078 lam
210 5023 467 5087 Christo,
499 5020 591 5074 sed
619 5020 884 5073 Christum
912 5018 1080 5072 stellae
1105 5016 1298 5073 factum
1328 5018 1486 5072 fuisse
1510 5016 1651 5071 dice-

66 5127 286 5167 remus.
330 5112 449 5180 lpse
477 5111 670 5179 quippe
698 5108 799 5175 illi,
831 5124 933 5162 non
956 5109 1041 5163 illa
1073 5109 1191 5184 huic
1218 5108 1463 5161 nascendi
1509 5116 1649 5160 attu-

61 5203 125 5259 lit
146 5215 414 5259 causam.
444 5199 499 5253 Si
530 5213 655 5267 ergo
682 5208 806 5253 sunt
831 5200 963 5253 faeta
994 5216 1109 5268 quze
1130 5215 1158 5253 a
1187 5200 1367 5266 fando,
1399 5203 1449 5256 id
1488 5211 1592 5268 est,
1621 5218 1648 5255 a

58 5292 319 5350 dicendo
364 5290 630 5360 appellata
677 5298 823 5372 sunt,
870 5292 1113 5359 quoniam
1142 5292 1384 5352 Christus
1416 5293 1649 5348 Verbum

58 5386 163 5445 Dei
179 5394 299 5449 est,
332 5383 386 5436 in
404 5396 509 5451 quo
529 5388 809 5450 antequam
828 5394 1006 5439 essent
1029 5384 1166 5437 dicta
1189 5385 1522 5452 suntomnia,
1547 5400 1651 5440 non

58 5472 422 5533 consortium
446 5469 681 5525 siderum
713 5471 875 5524 latum
904 5470 1101 5526 Christi
1125 5483 1230 5537 est,
1260 5472 1353 5528 sed
1381 5473 1540 5528 latum
1572 5476 1649 5527 si-

55 5565 206 5631 dera
233 5560 413 5623 etiam
443 5558 686 5613 Christus
718 5566 827 5624 est,
877 5559 967 5627 qui
997 5569 1051 5614 et
1081 5560 1244 5630 ipsam
1293 5576 1505 5619 carnem
1551 5563 1650 5621 sub
1746 5590 1749 5591 ν

59 5661 207 5723 celo
244 5658 493 5709 creatam
531 5663 593 5705 ea
634 5649 903 5706 voluntate
960 5652 1281 5723 assumpsit,
1337 5668 1438 5722 qua
1492 5655 1647 5710 etiam

1725 509 1884 564 etiam
1914 507 2179 564 sideribus
2206 504 2503 575 imperavit.

2306 635 2529 691 CAPUT
2567 632 2698 689 LIII.

1727 754 1804 808 De
1850 753 2115 824 praesnti:
2144 750 2350 824 agendae
2378 750 2494 802 vita:
2535 755 2585 799 et
2615 743 2898 824 ἵριίιε-ςενιῑε
2933 732 3287 811 signiﬁcanda:

1990 892 1993 893 ν
2018 811 2260 885 ὐὶιιεξεπ
2280 819 2410 873 libro
2440 833 2491 870 vt
2518 811 2695 870 contra
2726 811 2771 866 F
2774 820 2990 864 austum.

1795 910 2251 991 Quemadmodum
2282 928 2333 975 et
2366 932 2528 986 qnare
2567 914 2855 981 accipiatur
2891 909 3288 964 Testamentum

1733 1014 1894 1069 Vetus
1920 1014 1986 1069 ab
2015 1011 2312 1067 hazredibus
2338 1007 2660 1065 Testamenti
2687 1004 2816 1060 Novi
2838 1002 2946 1071 jam
2976 1003 3133 1066 supra
3154 995 3285 1049 dixi-

1732 1118 1849 1161 mus
1876 1120 1889 1156 :
1918 1103 2011 1159 sed
2034 1105 2152 1171 quia
2180 1101 2338 1171 paulo
2367 1107 2491 1153 ante
2534 1099 2602 1160 de
2628 1092 2906 1166 promissis
2928 1088 3042 1157 ejus
3066 1085 3291 1139 Faustus

1729 1197 1857 1263 egit,
1890 1208 2029 1249 nunc
2049 1203 2224 1248 autem
2255 1191 2323 1245 de
2354 1188 2633 1257 praeceptis
2668 1196 2825 1254 agere
2864 1179 3052 1241 voluit,
3074 1187 3291 1242 respon-

1729 1284 1832 1339 deo
1859 1283 1987 1337 istos
2013 1283 2229 1337 omnino
2257 1278 2465 1334 nescire
2491 1274 2616 1345 quid
2641 1271 2847 1328 intersit
2876 1269 3011 1323 inter
3032 1267 3290 1333 praecepta

1730 1376 1852 1431 vitae
1891 1364 2111 1445 agendae
2140 1382 2195 1427 et
2233 1376 2495 1440 praecepta
2522 1368 2643 1421 vita:
2681 1357 3060 1430 signiﬁcanda.
3102 1353 3291 1445 Exem-

1730 1466 1803 1537 pli
1833 1442 2033 1537 gratia.
2066 1464 2178 1520 Non
2205 1460 2578 1531 concupisces,
2611 1462 2927 1526 praeceptum
2958 1456 3040 1505 est
3075 1442 3291 1537 agenda:

1732 1535 1858 1612 vitae
1907 1574 1921 1610 :
1970 1553 2325 1611 Circumeides
2374 1565 2531 1607 omne
2585 1546 2933 1603 masbulinum
2972 1548 3157 1595 octavo
3184 1535 3290 1597 die,

1730 1656 2051 1719 praeceptum
2069 1656 2153 1702 est
2173 1644 2529 1717 signiﬁcanda:
2558 1641 2698 1695 vitae.
2732 1639 2811 1693 Ex
2843 1636 2943 1691 hac
2968 1628 3288 1703 quippcqim-

1731 1740 1918 1809 peritia
1946 1738 2243 1806 Manichazi,
2275 1746 2329 1791 et
2356 1746 2543 1791 omnes
2582 1730 2774 1801 quibus
2794 1726 3069 1795 displicent
3102 1723 3287 1809 littera:

1737 1808 1945 1885 Veteris
1976 1826 2323 1892 Testamenti,
2343 1820 2595 1893 quidquid
2620 1820 2759 1874 Deus
2786 1813 3051 1871 mandavit
3082 1808 3291 1881 proprio

1738 1916 1944 1993 [priori]
1972 1917 2184 1987 populo,
2212 1915 2276 1970 ad
2307 1913 2676 1971 celebrandam
2721 1908 2959 1962 umbraut
2992 1903 3291 1993 futurorum

1738 1989 1847 2064 non
1870 2005 2247 2077 intelligentes,
2276 2011 2332 2060 et
2357 2018 2417 2058 ea
2449 2002 2605 2057 modo
2626 2013 2731 2054 non
2764 1994 3031 2051 observari
3056 1989 3293 2046 animad-

1736 2108 2027 2167 vertentes,
2059 2114 2123 2166 ex
2146 2112 2293 2153 more
2316 2095 2590 2165 prmscntis
2611 2091 2862 2162 temporis
2884 2089 2967 2142 illa
2998 2084 3305 2155 reprehcnr

1734 2192 1890 2259 dunt,
1922 2204 2043 2261 qua:
2082 2190 2261 2257 utique
2291 2186 2367 2241 illi
2396 2184 2618 2254 tempori
2648 2178 3007 2251 congruebant
3051 2188 3157 2243 quo
3194 2173 3293 2225 ista
3386 2182 3391 2187 '

1736 2298 1859 2353 qttze
1907 2296 2046 2337 nunc
2084 2281 2387 2335 manllcSta‘
2415 2286 2540 2333 sunt
2586 2282 2804 2330 ventura
2852 2268 3293 2340 signiﬁcarentur.

1734 2375 1848 2432 Sed
1876 2375 1998 2443 quid
2028 2372 2216 2428 dicturi
2264 2378 2387 2425 sunt
2437 2368 2697 2423 adversus
2732 2362 3041 2433 Apostolum
3071 2360 3158 2429 qui
3182 2358 3255 2411 ait
3282 2374 3294 2409 :

1651 2482 1659 2487 ‘
1740 2464 1869 2523 Haec
1897 2463 2070 2518 omnia
2105 2463 2159 2515 in
2187 2458 2352 2529 ﬁgura
2380 2456 2755 2525 contingebant
2801 2453 2927 2518 illis,
2960 2448 3154 2518 scripta
3177 2448 3297 2501 s‘unt

1741 2563 1913 2611 autem
1946 2565 2162 2624 propter
2198 2565 2319 2619 nos,
2350 2551 2403 2603 in
2427 2561 2559 2617 quos
2603 2545 2724 2600 linis
2775 2542 3088 2598 streulorum
3135 2538 3297 2591 obve-

1741 2648 1860 2703 nit?
1888 2647 2027 2701 Ecce
2057 2645 2171 2713 ipse
2198 2642 2406 2712 aperuit
2434 2653 2527 2693 cur
2557 2638 2661 2691 ilhc
2692 2634 2882 2689 litterae
2912 2629 3233 2699 accipiantur
3272 2641 3300 2681 a

1740 2737 1922 2804 nobis,
1952 2744 2006 2790 et
2028 2750 2123 2790 cur
2149 2733 2239 2787 illa
2264 2746 2439 2786 rerum
2470 2731 2617 2798 signa
2644 2725 2751 2793 jam
2779 2735 2997 2777 necesse
3029 2734 3133 2773 non
3161 2718 3230 2771 sit
3250 2726 3301 2769 ut

1741 2817 2107 2891 observentur,
2128 2839 2158 2877 a
2206 2822 2380 2878 nobis.
2425 2819 2556 2874 Cum
2586 2816 2726 2871 enim
2765 2813 2913 2880 dicit,
2945 2810 3151 2879 Scripta
3182 2818 3302 2863 sunt

1740 2900 1958 2987 propter
1989 2930 2119 2981 nos,
2160 2909 2510 2983 proculdubio
2544 2906 2875 2962 demonstrat
2916 2911 3108 2972 quanta
3154 2899 3303 2953 nobis
3379 2932 3386 2939 -

1740 3023 1867 3064 cura
1894 3007 2119 3077 legenda
2150 3019 2204 3059 et
2229 2998 2592 3071 intelligenda,
2623 2996 2748 3051 etin
2776 3002 2971 3064 quanta
2994 2990 3304 3046 auctoritate

1748 3097 1985 3152 habenda
2017 3096 2145 3161 sint,
2167 3094 2293 3163 quia
2318 3100 2532 3162 propter
2580 3101 2676 3143 nos
2708 3086 2888 3154 utique
2927 3082 3120 3150 scripta
3157 3088 3301 3135 sunt.

1747 3190 1878 3245 Cum
1915 3204 2042 3245 vero
2071 3188 2225 3255 dicit,
2256 3186 2463 3255 Figuraa
2487 3191 2685 3236 nostrae
2714 3180 2943 3241 inerunt,
2974 3186 3024 3229 et
3054 3176 3105 3229 in
3135 3174 3301 3243 figura

1744 3278 2120 3348 contingebant
2167 3276 2296 3341 illis,
2331 3271 2568 3328 ostendit
2602 3270 2709 3339 iam
2740 3281 2844 3321 non
2889 3279 3019 3332 Opus
3063 3277 3182 3348 csse
3213 3270 3268 3316 ut
3290 3304 3303 3328 ,

1746 3346 1864 3425 cum
1895 3346 1985 3423 res
2011 3369 2153 3435 ipsas
2177 3362 2487 3419 manifestas
2507 3359 2729 3429 agimus,
2755 3355 3037 3425 ﬁgurarum
3063 3346 3305 3420 primunt-

1748 3460 1991 3513 tiantium
2046 3453 2393 3515 celebrationi
2448 3451 2755 3505 serviamus.
2818 3443 2968 3501 Unde
3020 3444 3146 3497 dicit
3200 3442 3304 3495 alio

1745 3547 1887 3611 loco,
1922 3546 2087 3599 Nemo
2109 3557 2236 3612 ergo
2259 3540 2570 3610 vosjndicct
2598 3540 2649 3591 in
2686 3539 2825 3602 cibo,
2855 3537 3015 3590 autin
3045 3546 3191 3604 potu,
3221 3545 3306 3588 aut

1748 3638 1800 3693 in
1832 3645 1978 3705 parte
2017 3635 2121 3690 diei
2162 3634 2306 3697 festi,
2337 3641 2426 3685 aut
2477 3630 2791 3695 neomenize,
2823 3638 2915 3683 aut
2944 3628 3306 3690 sabbatorum,

1748 3727 1886 3798 quod
1904 3724 1985 3782 est
2006 3725 2141 3798 [quae
2158 3723 2299 3794 sunt]
2317 3723 2499 3776 umbra
2517 3721 2831 3775 futurorum.
2853 3719 2946 3773 llic
2963 3717 3129 3788 [hinc]
3147 3718 3306 3770 etiam

1747 3835 1867 3874 cum
1896 3818 2049 3882 dicit,
2094 3816 2262 3871 Nemo
2306 3829 2400 3867 vos
2444 3812 2497 3866 in
2537 3812 2615 3866 eis
2641 3810 2863 3879 judicet,
2892 3808 3125 3863 declarat
3151 3824 3308 3875 quam

1749 3925 1851 3964 non
1881 3910 1949 3963 sit
1977 3922 2197 3962 necesse
2220 3916 2274 3959 ut
2292 3904 2401 3974 jam
2436 3904 2549 3957 hanc
2569 3902 2946 3955 observentur.
2979 3900 3107 3953 Cum
3136 3911 3309 3952 autem

1749 4000 1896 4065 dicit,
1918 3998 2070 4064 Quod
2097 4006 2177 4052 est
2199 3991 2510 4068 [qumsunt]
2537 3991 2720 4045 umbra
2739 3990 3052 4054 lutdrornm,
3082 3989 3309 4042 ostendit

1750 4106 1904 4162 quatn
1935 4086 2233 4157 oportuerit
2260 4093 2317 4138 ut
2343 4084 2432 4137 illo
2465 4090 2705 4148 tempore
2745 4079 3177 4141 observarentur,
3209 4091 3310 4145 quo

1751 4183 1850 4237 ista
1880 4195 1997 4249 quae
2022 4179 2127 4246 jam
2177 4174 2329 4229 nobis
2359 4172 2689 4225 manifestata
2718 4168 2999 4223 eluxerunt
3046 4181 3139 4234 per
3180 4166 3311 4218 tales

1752 4273 1968 4326 umbras
1996 4270 2280 4337 ﬁgurarum
2322 4264 2493 4317 futura
2541 4260 2984 4329 praedicebantur.
3014 4256 3239 4311 Proinde
3268 4258 3309 4310 si

1754 4360 2028 4418 Manichmi
2055 4356 2442 4413 resurrectione
2468 4352 2672 4409 Domini
2695 4352 3131 4420 justiticarentur,
3164 4349 3311 4419 cujus

2382 4462 2445 4500 ex
2474 4444 2560 4498 die
2583 4442 2796 4516 quidem
2823 4442 3085 4509 passionis
3104 4442 3309 4502 tertius,

1755 4552 1872 4610 post
1917 4539 2057 4592 diem
2116 4544 2293 4589 tamen
2345 4532 2570 4595 sabbati,
2624 4530 2727 4584 hoc
2771 4537 2853 4582 est
2886 4536 3003 4597 post
3032 4530 3312 4595 septimum

1753 4642 1971 4686 octavus
2000 4628 2118 4691 fuit,
2171 4625 2407 4694 proiecto
2458 4622 2883 4689 exspoliarentur
2932 4616 3128 4673 carnali
3170 4618 3310 4672 vela-

1753 4731 1931 4779 mento
1952 4721 2249 4776 mortalium
2281 4716 2692 4779 desideriorum,
2734 4722 2785 4766 et
2836 4712 3014 4766 cordis
3045 4710 3313 4764 circumci-

1752 4821 1902 4871 sione
1930 4815 2240 4884 gaudentes,
2270 4826 2375 4863 non
2398 4824 2513 4864 eam
2544 4807 2593 4860 in
2618 4821 2777 4861 carne
2802 4806 3168 4859 adumbratam
3183 4802 3313 4875 ligu-

1750 4917 2025 4974 ratamque
2073 4904 2375 4957 deriderent
2425 4912 2663 4965 tempore
2699 4896 2911 4950 Veteris
2961 4896 3311 4960 Testamenti,

1752 4995 1991 5066 quamvis
2022 4993 2130 5060 jam
2160 5002 2397 5059 tempore
2430 4988 2557 5041 Novi
2611 4983 2937 5039 Testamenti
2979 4984 3091 5038 ﬁeri
3122 4984 3310 5037 obser-

1756 5084 1970 5151 varique
1991 5097 2093 5134 non
2121 5089 2365 5148 cogerent
2390 5070 2767 5148 [cogerentur].
2790 5073 2841 5126 In
2861 5086 2965 5141 quo
2986 5073 3124 5125 enim
3146 5085 3311 5125 metu.

1755 5174 1851 5226 bro
1873 5169 2250 5236 congruentius
2267 5167 2580 5234 oxspoliatio
2605 5165 2832 5218 carnalis
2855 5172 2906 5217 ct
2929 5163 3166 5216 mortalis
3187 5176 3312 5216 con-

1753 5262 2089 5332 cupiscentia:
2122 5260 2454 5327 ﬁguraretur,
2485 5271 2639 5323 quam
2672 5254 2809 5309 unde
2835 5253 3062 5307 carnalis
3090 5263 3140 5307 ct
3167 5268 3311 5306 mor-

1754 5352 1873 5404 talis
1896 5353 2032 5404 tetus
2056 5347 2314 5418 exoritur?
2338 5347 2463 5412 Sed,
2488 5348 2620 5399 sit-ut
2642 5344 2769 5397 dicit
2794 5344 3099 5412 Apostolus,
3124 5342 3311 5399 Omnia

1756 5443 1949 5498 munda
1983 5433 2215 5496 mundis.

2257 5550 2364 5624 ω,
2413 5548 2633 5604 CAPUT
2671 5547 2803 5609 LIV.

1754 5646 1852 5701 Cur
1896 5647 1945 5699 in
1994 5643 2315 5700 Testamento
2352 5639 2517 5694 Veteri
2570 5641 2771 5708 quidam
2804 5640 2894 5693 tibi
2925 5655 3148 5694 (armum
3179 5640 3307 5703 vesci
