3886 6224
515 294 619 351 6Εὸ
1574 292 1634 345 D.
1680 289 1991 344 EUCYPI‘II
2034 288 2318 343 ΔΒΒᾹΤΙΞ
2360 289 2675 344 AFRICANI

584 410 963 481 prohibeantur,
1011 409 1189 481 quit-ns
1221 410 1301 481 ⁸τινι
1353 406 1534 457 animm
1570 406 1849 481 iummudw
1887 405 2081 473 signi/i-
2112 407 2167 471 Α
2188 405 2386 456 veteris
2416 404 2770 473 corruptionis
2802 404 3120 458 necessitate
3158 413 3317 472 atque
3349 401 3621 472 indigentia
3643 420 3724 458 nos

2189 508 2434 560 passuros
2462 494 2543 546 vel
2578 504 2792 545 acturos
2823 506 3033 561 semper
3076 504 3353 561 peccatum
3385 503 3481 561 est,
3515 498 3725 557 quandiu

588 478 716 533 'mtw
754 490 908 543 sunt,
961 482 1035 531 vel
1071 478 1349 542 doctrinm,
1404 492 1463 529 ea:
1514 479 1686 527 eodem
1731 478 1861 528 libro
1908 487 2082 529 contra

592 550 857 603 Faustum.

591 662 931 714 Testamento
948 668 1120 711 autent
1146 658 1345 723 Veteri,
1372 659 1457 711 ubi
1482 657 1693 726 quidam
1723 656 1824 709 eihi
1846 658 2081 713 carnium

516 750 887 819 prohibentur,
934 765 1029 801 cur
1075 766 1178 802 non
1236 752 1303 802 sit
1341 749 1608 802 contraria
1655 749 1750 800 ista
1791 751 2077 816 sententia,

511 856 612 908 qua
637 838 769 893 dicit
794 838 1081 903 Apostolus
1110 856 1123 889 :
1150 839 1334 895 Omnia
1354 837 1544 890 tnttttda
1564 835 1772 889 mundis
1795 877 1809 899 ,
1840 847 1886 889 et
1911 838 2084 892 omnis

513 940 754 983 creatura
785 928 875 983 Dei
907 931 1041 983 bona
1091 939 1195 992 est,
1250 929 1293 980 si
1351 935 1590 996 possunt,
1642 925 1935 995 intelligant
1982 926 2083 982 hoc

514 1024 830 1091 Apostolum
859 1027 923 1078 de
955 1024 1083 1092 ipsis
1109 1024 1305 1077 dixisse
1330 1021 1562 1086 naturis;
1590 1020 1706 1074 illas
1731 1031 1907 1075 autem
1941 1003 2082 1078 litte-

510 1129 618 1178 ras,
649 1126 863 1184 propter
912 1114 1162 1183 quasdam
1207 1111 1661 1180 pra-ﬁgurationes
1702 1113 1926 1180 tempori
1955 1127 2083 1167 Con-

510 1220 783 1274 grueutes,
818 1211 1059 1263 animalia
1092 1209 1327 1275 qtttedam
1360 1224 1461 1261 non
1514 1219 1723 1270 natura,
1758 1208 1849 1262 sed
1878 1210 2079 1278 signiﬁ-

511 1302 722 1356 catione
752 1302 1022 1356 immunda
1053 1302 1273 1356 dixisse.
1311 1301 1513 1369 Itaque,
1544 1300 1687 1353 verbi
1715 1300 1903 1368 gratia,
1937 1302 1984 1355 si
2015 1303 2080 1357 de

516 1408 677 1457 porco
706 1404 758 1447 ct
787 1408 921 1461 agno
945 1393 1268 1461 requiratur,
1300 1402 1582 1459 utrumque
1609 1400 1793 1443 natura
1826 1392 2077 1447 mundum

511 1493 612 1547 cst,
641 1484 761 1551 quia
792 1484 964 1536 omnis
995 1492 1231 1536 creatura
1271 1483 1357 1535 Dei
1389 1485 1522 1536 bona
1551 1492 1654 1549 est,
1698 1484 1922 1551 quadam
1954 1498 2079 1537 vero

508 1575 892 1641 signiﬁcatione
924 1589 1087 1644 agnus
1120 1574 1370 1638 mundus,
1411 1590 1602 1643 porcus
1644 1576 1949 1630 immundus
1970 1584 2075 1641 est,

507 1675 753 1732 tauquam
783 1666 824 1717 si
856 1669 1076 1717 stultum
1116 1674 1167 1718 et
1199 1664 1493 1732 sapientem
1526 1665 1758 1732 diceres,
1795 1674 2077 1732 utrumque

2184 581 2466 634 volvuntur
2489 582 2574 633 i5ti
2605 591 2810 649 septem
2844 583 2957 635 dies
3001 583 3193 648 quibus
3226 584 3496 650 peragitur
3517 592 3719 650 tempus.

2182 671 2283 726 Sed
2309 672 2408 725 hoc
2436 672 2639 726 Veteris
2670 672 2996 726 Testamenti
3035 674 3363 740 temporibus
3393 674 3444 725 in
3474 674 3621 740 ﬁgura
3644 687 3721 725 oc-

2184 762 2437 815 cultatum
2487 778 2515 814 a
2556 762 2869 830 quihusdam
2916 762 3114 814 sanctis
3157 762 3567 831 intelligebatur,
3604 772 3718 815 tem-

2183 866 2313 919 pore
2344 862 2520 906 autem
2544 852 2675 906 Novi
2706 852 3033 907 Testamenti
3065 852 3115 905 in
3147 852 3568 906 mandes-latione
3594 834 3721 905 reve—

2185 941 2349 995 latum
2380 944 2588 1010 papulis
2613 942 2949 1011 prardieatur.
2986 940 3139 995 Unde
3178 940 3454 1009 Scriptura
3495 940 3595 1008 ipsa
3615 952 3719 992 tunc

2183 1042 2296 1084 erat
2325 1040 2670 1100 praeceptum,
2706 1046 2845 1085 nunc
2876 1031 3257 1084 testimonium.
3289 1029 3604 1097 Seenopegia
3631 1045 3717 1081 non

2185 1124 2461 1176 celebrare
2488 1123 2773 1191 a’iquando
2798 1130 3069 1189 peccaturo
3103 1118 3225 1185 fuit,
3247 1135 3386 1175 nunc
3413 1138 3512 1174 non
3530 1131 3601 1173 est
3618 1134 3717 1187 pec-

2182 1223 2356 1266 catum
2387 1229 2400 1277 ;
2437 1214 2781 1267 tabernaculo
2811 1222 2985 1266 autem
3020 1212 3111 1265 Dei
3138 1252 3153 1277 ,
3184 1212 3326 1280 quod
3355 1223 3436 1265 est
3493 1213 3715 1271 Ecclesia,

2182 1320 2287 1357 non
2337 1304 2724 1369 compaginari,
2766 1318 2977 1372 senqer
3016 1311 3291 1370 peceatum
3322 1312 3407 1356 est
3439 1320 3452 1354 ;
3491 1304 3575 1355 sed
3617 1316 3716 1353 mue

2180 1397 2437 1463 agt-batur
2462 1398 2561 1449 sub
2579 1408 2843 1465 ptmcepto
2870 1400 3115 1467 ligurato,
3142 1412 3281 1449 nunc
3310 1397 3498 1462 legitur
3526 1394 3573 1445 in
3596 1403 3715 1444 [ρεια-

2182 1487 2649 1541 monio-revelato.
2696 1488 2826 1542 Nam
2866 1499 2921 1543 et
2967 1490 3096 1543 illud
3128 1487 3267 1557 quod
3298 1498 3423 1539 tunc
3454 1484 3715 1536 factumest

2182 1592 2284 1629 non
2332 1577 2602 1631 diceretur
2655 1579 3052 1633 tabernaculum
3109 1575 3425 1640 testimonii,
3465 1574 3559 1627 nisi
3586 1572 3716 1623 alicui

2175 1670 2391 1728 veritati
2433 1685 2550 1738 qua:
2579 1683 2680 1723 suo
2723 1678 2963 1737 tempore
3016 1667 3334 1723 declaranda
3364 1674 3500 1726 erat.
3523 1663 3714 1732 quadam

507 1755 608 1807 hoc
640 1755 883 1821 Verbum,
915 1770 1096 1808 natura
1129 1756 1273 1809 vocis
1301 1765 1354 1808 et
1404 1755 1699 1810 litterarum
1742 1764 1797 1812 et
1845 1756 2077 1826 syllaha-
2109 1756 2155 1815 B
2182 1762 2525 1829 congruentia
2549 1761 2955 1830 significationis
2994 1770 3359 1815 attestaretur.
3387 1756 3559 1811 Liueis
3580 1754 3715 1807 vesti-

505 1861 621 1898 rutn
651 1847 840 1915 quibus
857 1856 1068 1900 constat
1085 1846 1264 1915 ttfique
1282 1847 1534 1901 mundum
1559 1858 1662 1912 est,
1691 1847 2078 1917 signiﬁcatione

508 1948 686 1992 autem
731 1953 890 1991 unum
933 1938 1117 1991 horum
1170 1939 1389 1990 vethum
1442 1939 1578 2005 quod
1628 1938 1823 1993 dicitur
1864 1939 2076 2004 stultus,

510 2028 840 2082 immundum
865 2028 970 2083 dici
1002 2038 1195 2097 potest,
1221 2045 1324 2083 non
1354 2039 1539 2083 natura
1568 2030 1670 2093 sui,
1709 2029 1803 2084 sed
1827 2030 2078 2098 quoniam

507 2120 759 2186 quiddam
786 2120 1115 2175 immundum
1145 2120 1427 2189 signiﬁcat,
1480 2130 1531 2172 et
1564 2121 1790 2173 fortasse
1829 2120 1970 2189 quod
1998 2129 2080 2174 est

506 2212 560 2263 in
608 2225 786 2264 rerum
842 2210 1024 2279 ﬁguris
1054 2225 1268 2278 porcus,
1302 2211 1401 2264 hoc
1439 2219 1523 2264 est
1563 2212 1614 2264 in
1672 2226 1851 2265 rerttm
1884 2223 2079 2279 genere

509 2300 723 2364 stultus,
768 2308 823 2354 et
853 2309 957 2353 tam
992 2300 1119 2353 illttd
1151 2300 1345 2353 animal
1379 2314 1535 2369 quam
1569 2300 1685 2353 ista:
1713 2299 1833 2354 dum
1862 2299 2077 2368 53lloha:

504 2393 645 2464 quod
671 2394 870 2449 dicitur
899 2396 1114 2459 stultus,
1142 2393 1390 2464 quiddam
1421 2408 1584 2447 unum
1610 2393 1855 2460 idemque
1880 2393 2081 2461 signiﬁ-

506 2496 613 2539 cat.
643 2486 978 2541 lmmundum
1008 2487 1206 2555 quippe
1230 2484 1359 2538 illud
1392 2484 1587 2536 animal
1620 2485 1669 2536 itt
1703 2483 1819 2551 lege
1849 2484 2077 2551 positum

505 2589 607 2641 est,
637 2593 703 2631 eo
742 2576 883 2645 quod
916 2593 1020 2629 non
1062 2576 1313 2638 ruminat,
1370 2588 1474 2627 non
1523 2581 1700 2626 autent
1732 2572 1833 2626 hoc
1862 2572 1977 2641 ejus
2003 2573 2080 2626 vi-

512 2672 667 2736 tium,
710 2668 803 2724 scd
845 2678 1029 2721 natura
1059 2676 1159 2721 est.
1192 2665 1323 2721 Sunt
1358 2674 1537 2717 autem
1584 2664 1828 2718 homines
1860 2664 1950 2733 qui
1980 2658 2076 2731 per

511 2766 612 2816 hoc
634 2761 830 2816 animal
857 2760 1063 2829 signiﬁe
1082 2768 1242 2823 intur,
1274 2757 1529 2810 immundi
1562 2756 1779 2825 proprio
1800 2755 1949 2821 vitio,
1975 2770 2079 2810 non

508 2863 693 2907 natura
726 2869 738 2905 :
767 2851 856 2920 qui
884 2865 1004 2904 cum
1036 2848 1263 2903 libenter
1317 2847 1534 2901 audiant
1570 2846 1731 2901 verba
1781 2848 2079 2915 sapientia,

510 2952 695 3011 postea
719 2943 784 2996 de
815 2940 895 2996 his
919 2940 1137 2993 omnino
1162 2954 1266 2992 non
1298 2938 1550 3007 cogitant.
1607 2937 1758 3003 Quod
1787 2937 1929 2991 enim
1956 2937 2082 2991 utile

508 3038 763 3103 audieris,
803 3036 950 3091 velut
977 3036 1044 3088 ah
1078 3034 1334 3088 intestino
1380 3032 1676 3097 memoriae,
1726 3040 1975 3102 tanquam
2013 3031 2078 3086 ad

2180 1854 2282 1906 hus
2312 1853 2539 1907 miscere
2578 1867 2863 1921 purpuram
2896 1862 2950 1907 et
2984 1852 3253 1906 linostima
3283 1860 3436 1903 veste
3468 1847 3601 1901 indui
3636 1844 3717 1897 ali-

2178 1943 2393 2011 quando
2424 1952 2694 2011 peceatum
2728 1944 2842 2007 l'uit,
2873 1958 3014 1997 nunc
3060 1959 3162 1995 non
3194 1952 3274 1995 est
3309 1947 3604 2009 peceatum;
3638 1937 3716 1988 sed

2178 2038 2481 2093 inordinate
2504 2026 2682 2092 vivere
2707 2046 2759 2091 et
2780 2037 2979 2091 diversi
3003 2036 3214 2105 generis
3238 2032 3587 2101 professiones
3604 2028 3718 2081 velle

2179 2132 2436 2196 miscere,
2489 2140 2547 2185 ut
2587 2131 2669 2186 vel
2726 2131 3146 2186 sanctimonialis
3195 2131 3389 2183 habeat
3436 2132 3716 2181 ornamenta

2180 2233 2494 2291 nuptarum,
2523 2222 2607 2275 vel
2640 2236 2700 2275 ca
2732 2238 2851 2290 qua:
2881 2236 3068 2276 senon
3105 2220 3393 2273 continens
3424 2213 3592 2284 nupsit
3618 2227 3718 2280 ερας

2178 2314 2316 2368 ciem
2344 2313 2565 2383 virginis
2607 2320 2779 2381 gerat,
2824 2311 3130 2367 onmimodo
3175 2318 3451 2378 peccatum
3481 2314 3592 2369 est,
3615 2314 3661 2357 et
3680 2302 3719 2354 si

2178 2404 2305 2473 quid
2337 2404 2769 2457 ineonvenienter
2788 2418 2851 2457 ex
2874 2402 3086 2455 diverso
3119 2414 3316 2468 genere
3343 2398 3397 2451 iu
3442 2397 3537 2448 vita
3567 2394 3718 2459 cujus-

2181 2510 2283 2563 qtte
2303 2496 2623 2549 contexitur.
2648 2493 2839 2546 Verum
2864 2491 2989 2546 illud
3020 2499 3144 2543 tunc
3168 2484 3554 2558 ﬁgorabaturin
3578 2482 3718 2535 vesti-

2181 2589 2278 2642 bus
2302 2587 2441 2657 quod
2467 2600 2607 2640 nunc
2628 2585 2928 2640 declaratur
2949 2583 3001 2636 in
3020 2580 3289 2635 moribus:
3319 2578 3446 2631 illud
3475 2576 3602 2629 enim
3623 2580 3718 2626 erat

2182 2685 2389 2745 tempus
2429 2674 2779 2745 signiﬁcandi,
2838 2672 2940 2726 hoc
2998 2669 3399 2725 manifestandi.
3445 2666 3576 2735 Ergo
3626 2664 3719 2731 ipsa

2181 2766 2456 2835 Scriptura
2506 2780 2624 2834 quae
2674 2774 2799 2818 tunc
2852 2763 2950 2817 fuit
2997 2762 3237 2818 exactrix
3286 2772 3509 2825 operum
3549 2753 3719 2837 signiti-

2181 2859 2439 2925 cantium,
2474 2873 2614 2912 nunc
2669 2856 2820 2911 testis
2862 2864 2942 2909 est
2999 2867 3177 2908 rerum
3231 2849 3718 2918 sigttiﬁeatarum.¢l

2182 2966 2299 3021 qua:
2328 2961 2452 3005 tunc
2502 2949 2889 3005 observabatur
2941 2946 3004 3000 ad
3058 2942 3575 3014 praenuntiationem,
3607 2950 3719 2991 nunc

2184 3042 2437 3097 recitatur
2481 3041 2547 3097 ad
2600 3039 3078 3094 conﬁrmationem.
3115 3036 3310 3089 Bovem
3338 3042 3396 3086 et
3432 3032 3624 3086 asinum
3662 3025 3717 3079 ad

505 3145 567 3183 os
594 3128 954 3193 cogitationis,
986 3124 1300 3181 recordandi
1328 3124 1610 3179 dulcedine
1650 3137 1925 3190 revocare,
1950 3124 2077 3192 quid

2183 3135 2509 3205 operandum
2532 3134 2756 3203 jungere
2781 3141 2905 3186 tunc
2928 3144 3033 3183 non
3065 3126 3279 3186 licebat.
3308 3138 3448 3178 nunc
3475 3122 3611 3176 licet.
3632 3118 3718 3171 Deo

505 3230 588 3275 est
613 3221 759 3274 aliud
788 3233 946 3287 quam
978 3216 1289 3286 spiritaliter
1338 3213 1732 3282 quodammodo
1770 3213 2077 3267 ruminare?

506 3312 648 3380 quod
677 3311 767 3375 qui
792 3325 894 3363 non
915 3306 1137 3372 l‘aciunt,
1159 3305 1373 3359 illorum
1404 3304 1706 3357 animalium
1731 3317 1928 3371 genere
1950 3303 2077 3372 ﬁgu-

507 3409 713 3465 rantur,
762 3398 902 3453 unde
925 3407 976 3453 et
1007 3399 1117 3467 ipsa
1149 3412 1179 3450 a
1227 3394 1420 3449 talibus
1466 3392 1717 3448 carnibus
1760 3391 2077 3447 abstinentia

506 3494 613 3548 tale
644 3494 832 3547 vitium
876 3505 974 3545 nos
1001 3476 1210 3545 ‘cavere
1260 3487 1599 3557 praemonuit.
1632 3485 1763 3539 Cum
1790 3476 1932 3538 enim
1962 3483 2079 3539 the-

506 3599 695 3639 saurus
720 3583 1091 3638 desiderabilis
1114 3582 1183 3635 sit
1227 3582 1338 3649 ipsa
1374 3579 1654 3647 sapientia,
1692 3578 1758 3632 de
1790 3579 1887 3631 hac
1925 3592 2079 3631 mun-

505 3675 634 3728 ditia
666 3674 968 3728 ruminandi
1002 3672 1110 3726 alio
1152 3672 1271 3725 loco
1299 3674 1371 3723 ita
1406 3670 1661 3739 scriptum
1692 3678 1773 3723 est
1800 3688 1811 3722 :
1842 3669 2079 3724 Thesau-

504 3779 597 3839 rua
620 3763 993 3818 desiderabilis
1018 3761 1306 3828 requiescit
1359 3761 1411 3813 in
1444 3776 1536 3814 ore
1565 3760 1841 3827 sapientis,
1871 3761 1953 3814 vir
1978 3775 2076 3814 au-

508 3865 613 3906 tem
644 3852 839 3907 stultus
864 3852 1021 3921 glutit
1054 3852 1199 3903 illum
1238 3867 1250 3903 :
1288 3850 1368 3903 hae
1390 3858 1569 3903 autem
1593 3848 1967 3903 similitudines
1990 3865 2077 3904 re-

508 3960 648 4009 rum,
676 3946 728 3997 iu
761 3942 1141 4007 locutionihus,
1188 3942 1270 3994 vel
1316 3942 1783 3995 observationibus
1812 3941 2074 4009 liguratis,

508 4046 726 4105 propter
752 4036 1020 4106 quaerendi
1052 4047 1103 4089 et
1125 4035 1468 4102 comparandi
1498 4033 1957 4100 exercitationem,
1992 4049 2079 4088 ra-

515 4128 739 4181 tionales
768 4137 968 4182 mentes
995 4127 1192 4181 utiliter
1215 4138 1262 4179 et
1292 4128 1525 4181 suaviter
1554 4134 1771 4179 monent
1794 4123 2074 4196 [moveut],

512 4221 609 4274 sed
640 4220 799 4289 priori
829 4220 1019 4288 populo
1050 4221 1211 4272 multa
1245 4219 1369 4272 talia
1405 4233 1508 4271 non
1550 4226 1751 4271 tantum
1792 4217 2073 4282 audienda,

514 4327 697 4366 verum
737 4312 895 4365 etiam
952 4311 1302 4376 observanda,
1348 4320 1613 4379 praecepta
1662 4315 1803 4362 sunt.
1844 4308 2075 4376 Tempus

509 4408 655 4461 enim
696 4414 811 4461 erat
849 4418 952 4473 quo
982 4418 1084 4457 non
1116 4413 1316 4458 tantum
1359 4402 1538 4468 dictis,
1590 4400 1683 4455 sed
1728 4401 1889 4454 etiam
1921 4398 2076 4452 lactis

2178 3228 2437 3281 elaratum
2460 3237 2543 3280 est
2568 3225 2710 3279 enim
2746 3239 2839 3292 per
2869 3218 3205 3289 Apostolum,
3236 3231 3361 3272 cum
3398 3214 3464 3269 dc
3492 3214 3616 3267 bove
3637 3211 3717 3262 tri-

2181 3328 2393 3374 turante
2423 3332 2526 3372 non
2552 3316 2870 3371 inlrenando
2899 3314 3233 3383 Scripturam
3268 3310 3533 3365 recoleret
3566 3307 3717 3360 dicere

2181 3419 2285 3464 tem
2318 3425 2329 3460 :
2365 3407 2608 3476 Nunquid
2637 3409 2704 3461 de
2728 3405 2899 3460 bobus
2941 3418 3068 3458 cura
3117 3412 3198 3456 est
3245 3400 3394 3455 Deo?
3422 3399 3588 3465 Quare
3611 3408 3717 3476 ergo

2180 3512 2321 3552 nunc
2342 3499 2534 3566 legitur
2552 3496 2764 3565 quando
2796 3494 2848 3548 id
2870 3494 3009 3562 quod
3040 3490 3312 3562 prohibuit
3334 3491 3444 3560 jam
3466 3488 3593 3545 licet.
3614 3485 3714 3553 quia

2180 3590 2317 3643 idem
2363 3589 2475 3657 ipse
2530 3588 2601 3642 ibi
2653 3599 2867 3642 secutus
2921 3584 3208 3655 Apostolus
3256 3586 3331 3638 ait
3363 3601 3375 3635 :
3404 3583 3610 3651 Propter
3635 3589 3716 3630 nos

2179 3680 2455 3749 Scriptura
2480 3678 2628 3738 dicit.
2654 3691 2706 3732 et
2732 3680 2915 3747 utique
2947 3677 3163 3744 impium
3190 3682 3274 3729 est
3295 3685 3352 3728 ut
3381 3689 3484 3727 non
3512 3673 3717 3740 legamus

2180 3785 2277 3825 nos
2307 3769 2445 3839 quod
2479 3771 2736 3838 scriptum
2761 3778 2840 3820 est
2871 3774 3089 3836 propter
3116 3780 3237 3826 nos.
3265 3765 3434 3833 magis
3462 3764 3592 3818 enim
3613 3776 3714 3831 pro-

2181 3870 2295 3931 pter
2321 3865 2417 3914 nos
2444 3859 2635 3930 quibus
2676 3842 3063 3916 manifestatur.
3113 3870 3271 3924 quam
3304 3864 3518 3924 prepter
3545 3852 3647 3906 illos
3672 3852 3713 3900 in

2180 3952 2369 4023 quibus
2400 3952 2743 4021 ﬁgurabatur.
2780 3952 2973 4004 Bovem
3003 3949 3202 4017 quippe
3231 3956 3285 4000 et
3315 3945 3549 4010 asinum,
3577 3942 3615 3996 si
3640 3954 3713 3994 ne-

2179 4057 2328 4099 cesse
2353 4042 2444 4107 sit,
2468 4042 2834 4111 unusquisque
2858 4039 2977 4093 sine
3004 4037 3329 4092 detrimento
3353 4035 3529 4102 operis
3547 4030 3709 4100 jungit.

2179 4134 2472 4201 sapientem
2500 4148 2627 4187 vero
2668 4142 2723 4187 et
2749 4132 2976 4187 stultum
3002 4144 3105 4183 non
3138 4137 3197 4182 ut
3237 4142 3375 4181 unus
3404 4124 3650 4194 przeeipiat
3671 4128 3712 4172 ct

2180 4228 2318 4280 alter
2348 4226 2705 4292 obtemperet,
2738 4221 2832 4276 sed
2866 4220 3063 4289 pariter
3093 4234 3157 4272 ex
3185 4217 3378 4286 mquali
3408 4222 3644 4283 potestate
3667 4218 3711 4260 ut

2181 4312 2497 4369 annuntient
2526 4311 2743 4367 verbum
2780 4311 2893 4373 Dei,
2942 4323 3046 4362 non
3096 4307 3214 4362 sine
3246 4304 3503 4360 seandalo
3526 4301 3709 4372 quisque

2180 4409 2402 4464 comites
2434 4408 2577 4461 facit.
2612 4406 2791 4475 Itaque
2827 4404 3069 4466 eamdem
3101 4401 3436 4470 Scripturam
3462 4392 3673 4452 tenemus
3694 4430 3707 4453 ι

510 4498 817 4569 prophetari
846 4505 1117 4566 oporteret
1145 4511 1209 4549 ea
1235 4510 1351 4563 qum
1384 4495 1681 4562 poSIeriore
1709 4501 1949 4558 tempore
1968 4489 2076 4543 fue-

2180 4511 2233 4556 et
2281 4511 2406 4554 tunc
2454 4470 2722 4568 potestate
2772 4495 3170 4564 praecipientem
3218 4492 3425 4545 umbris
3466 4485 3706 4557 tegendum

512 4601 632 4647 rant
656 4591 934 4661 revelanda
960 4610 967 4641 :
989 4591 1179 4659 quibus
1200 4603 1297 4657 per
1312 4586 1580 4641 Christum
1602 4596 1759 4654 atque
1782 4586 1832 4637 in
1862 4584 2073 4637 Christo

514 4684 815 4738 ret-claudis
846 4682 965 4736 ﬁdei
992 4683 1228 4751 gentium
1279 4693 1440 4733 «nere
1495 4678 1921 4731 Observationum
1970 4690 2072 4728 non

520 4786 645 4830 sunt
680 4776 945 4843 imposita,
976 4774 1264 4843 pr0phetize
1296 4784 1470 4825 tamen
1498 4770 1785 4824 auctoritas
1812 4782 2079 4821 commen-

512 4870 657 4920 data.

1110 4973 1330 5029 CAPUT
1370 4971 1475 5027 LV.

509 5072 587 5128 De
614 5069 807 5139 aaymis
835 5110 849 5133 ,
883 5066 1284 5139 sceHOpegiq_t'el
1315 5064 1507 5115 mter-is
1526 5103 1538 5125 ,
1572 5076 1634 5113 ex
1664 5060 1793 5111 libro
1823 5073 1873 5111 rt
1904 5068 2078 5111 contra

1156 5134 1421 5185 Faustum.

576 5256 692 5310 Non
725 5251 1048 5306 manducare
1078 5259 1319 5315 azymum
1340 5259 1431 5308 per
1458 5252 1680 5297 statutos
1703 5249 1908 5310 septem
1937 5238 2073 5305 dies,

505 5358 750 5415 tempore
777 5342 994 5397 Veteris
1024 5335 1353 5394 Testamenti
1384 5342 1653 5400 peceatum
1688 5332 1807 5394 fuit,
1835 5338 2076 5396 tempore

505 5451 685 5496 autem
710 5436 839 5492 Novi
867 5430 1201 5489 Testameuti
1231 5442 1333 5481 non
1367 5434 1447 5479 est
1466 5433 1760 5492 peccatum,
1782 5420 1874 5474 sed
1900 5421 1951 5472 in
1981 5432 2076 5487 spe

508 5535 666 5589 futuri
686 5526 865 5584 saeculi
885 5538 1039 5595 quam
1061 5521 1325 5574 habemus
1340 5517 1391 5570 in
1408 5515 1641 5578 Christo,
1660 5512 1747 5581 qui
1770 5518 1825 5565 et
1844 5510 2074 5563 animam

508 5634 741 5677 nostram
778 5617 1004 5671 induons
1032 5612 1259 5680 iustitia,
1287 5618 1342 5662 et
1368 5618 1562 5672 corpus
1593 5612 1827 5655 nostrum
1854 5599 2078 5652 ittducus

516 5709 929 5771 immortalitate,
956 5713 1098 5760 totos
1129 5716 1229 5756 nos
1262 5700 1493 5753 innovat.
1526 5692 1760 5749 Credere
1789 5691 1985 5760 aliquid
2009 5705 2073 5743 ex

2178 4593 2319 4662 quod
2353 4606 2491 4646 nunc
2517 4590 2838 4659 aperiretur,
2880 4596 2935 4642 et
2974 4600 3115 4641 nunc
3144 4586 3461 4639 auctoritate
3489 4590 3708 4637 attestan-

2181 4695 2283 4740 tem
2320 4686 2437 4740 luce
2466 4692 2707 4753 apertum
2736 4680 2875 4752 quod
2899 4690 3024 4734 tunc
3047 4678 3346 4748 tegebatur.

2771 4836 2996 4905 capur
3032 4834 3164 4889 LVI.

2186 4954 2298 5007 Etsi
2330 4968 2622 5005 noveramus
2644 4948 2900 5002 Christum
2924 4948 3202 5000 secundum
3232 4959 3460 5001 carm-ut,
3486 4940 3568 4993 ard
3602 4944 3704 4985 nnc

2278 5025 2388 5093 jam
2414 5038 2512 5075 non
2545 5021 2791 5083 novimus,
2823 5034 2884 5071 ea:
2910 5018 3038 5069 libro
3071 5028 3126 5069 at
3165 5025 3344 5067 contra
3373 5011 3420 5065 Γ
3420 5020 3623 5063 austera.

2257 5134 2364 5186 Etsi
2400 5145 2721 5185 noveramus
2751 5127 3021 5182 Christum
3047 5124 3340 5181 secundum
3370 5136 3596 5183 carnem,
3632 5109 3701 5165 sed

2174 5226 2288 5294 jam
2319 5238 2460 5278 nunc
2490 5237 2593 5276 non
2622 5220 2887 5274 novimus.
2930 5220 3003 5272 Ea
3034 5220 3146 5287 ipsa
3173 5214 3568 5270 circumstantia
3594 5203 3701 5260 Scri-

2181 5329 2347 5385 ptum!
2376 5316 2474 5370 loci
2494 5316 2608 5383 ejus
2624 5314 2754 5368 satis
2776 5310 3007 5367 ostendit
3027 5308 3152 5378 quid
3175 5310 3423 5377 loquatur
3441 5296 3698 5371 Apostolus.

2178 5421 2274 5460 suo
2296 5408 2493 5475 quippe
2523 5420 2672 5459 more
2702 5404 2864 5456 vitam
2913 5409 3147 5456 nostram
3206 5398 3454 5459 futuram,
3493 5407 3599 5462 qua
3619 5386 3699 5456 iam

2182 5503 2230 5555 in
2262 5501 2377 5569 ipso
2400 5498 2620 5552 homine
2650 5495 2943 5548 mrdiatore
2986 5491 3201 5545 Christo
3222 5488 3349 5543 Iesu
3373 5484 3699 5553 eapitenttﬂro

2179 5599 2488 5657 resurgeutc
2512 5587 2775 5654 completa
2804 5592 2906 5648 est,
2936 5583 3003 5636 ita
3032 5597 3127 5649 spe
3148 5590 3290 5635 certa
3321 5577 3699 5657 meditatum?"-

2180 5654 2469 5752 quam-jam
2498 5677 2565 5733 sit
2596 5689 2937 5746 prasensque
2983 5679 3249 5727 teneatur.
3279 5671 3405 5736 Qua:
3435 5668 3600 5733 utique
3617 5654 3694 5707 vi“

3637 291 3725 344 σει
