3886 6224
82 273 184 325 COS

1314 268 1746 325 TIIESAURLTS.
1788 269 1940 324 CAP.
1984 271 2115 326 LVI.

3234 266 3337 316 ($06

82 405 184 441 non
214 389 625 445 eritsecundum
654 402 889 450 carnem,
909 385 1169 454 sicntjam
1200 386 1398 437 Christi
1426 385 1526 437 vita
1554 398 1658 435 non
1691 382 1737 441 Λ
1766 385 2056 437 secundum
2096 401 2308 441 carnem
2336 428 2352 452 ,
2385 387 2437 461 id
2486 397 2568 443 est
2609 396 2713 441 tam
2762 394 2961 441 certam
3004 399 3150 452 spem
3197 395 3342 437 tem--

79 490 158 531 est
187 480 480 534 secundum
534 494 775 533 carnem.
824 479 1051 532 Carnem
1097 495 1323 546 namque
1375 478 1474 531 hoc
1512 479 1650 543 loco,

83 586 181 623 non
207 572 377 638 ipsam
401 570 642 637 corporis
663 570 830 622 nostri
854 570 1228 633 Substantiam,
1269 584 1428 638 quam
1480 568 1657 621 Domi-

82 674 177 711 nus
204 660 367 712 etiam
395 669 513 726 post
542 660 983 714 resurrectionem
1032 674 1179 713 suam
1211 674 1426 713 carnem
1472 659 1657 726 appel-

84 750 170 815 lat,
203 750 395 804 dicens
424 768 437 802 ε
466 750 681 818 Palpate
730 760 783 805 et
838 752 1012 805 videte
1049 753 1170 819 quia
1201 753 1419 819 spiritus
1441 765 1656 804 carnem

84 852 136 892 et
162 856 289 893 ossa
322 856 425 893 non
455 842 631 905 habet,
659 843 794 897 sicut
821 859 906 898 me
948 844 1138 898 videtis
1161 844 1393 908 habere;
1424 844 1515 897 sed
1540 857 1661 896 cor-

85 931 388 997 ruptionem
450 934 935 1002 mortalitatemqne
992 936 1169 988 carnis
1230 935 1343 987 vult
1399 934 1654 1002 intelligi,

86 1035 201 1086 qua:
254 1030 381 1072 tunc
411 1036 515 1074 non
554 1023 659 1075 erit
710 1024 762 1075 in
807 1024 979 1087 nobis,
1026 1025 1161 1077 sient
1211 1025 1319 1093 jam
1356 1024 1406 1077 in
1450 1024 1662 1077 Clu-isto

87 1126 189 1163 non
257 1122 362 1167 est.
436 1114 569 1168 Ilinc
620 1116 761 1170 enim
826 1116 1035 1184 proprie
1086 1132 1297 1169 carnem
1360 1115 1666 1168 nominabat

87 1205 246 1256 etiam
296 1218 419 1257 cum
469 1206 535 1260 de
583 1208 691 1274 ipsa
753 1208 1145 1261 resurrectione
1204 1206 1333 1291 satis
1387 1206 1664 1260 evidenter

89 1293 397 1362 loqueretur
446 1308 500 1349 et
544 1299 743 1353 diceret
779 1302 916 1367 quod
964 1302 1073 1369 jam
1122 1317 1278 1370 supra
1333 1316 1664 1355 eommemo~

90 1384 235 1437 ravi:
294 1386 432 1440 Caro
469 1401 524 1442 et
569 1392 781 1458 sanguis
828 1407 1047 1461 riguum
1104 1392 1192 1445 Dei
1243 1392 1516 1460 possidere
1564 1407 1668 1446 non

92 1487 339 1541 possum,
394 1494 564 1545 neque
607 1482 876 1548 corruptio
922 1483 1370 1549 incorruptionem
1422 1484 1667 1550 posside-

89 1565 186 1631 bit.
231 1566 366 1620 Cum
394 1583 521 1636 ergo
546 1570 740 1622 factum
789 1570 947 1624 fuerit
993 1573 1134 1639 quod
1188 1573 1257 1625 ibi
1281 1582 1671 1640 consequenter

95 1652 219 1706 dicit
254 1672 267 1704 :
305 1654 443 1710 Ecce
486 1658 797 1727 ntyszerium
849 1660 998 1713 vobis
1048 1662 1188 1725 dico,
1221 1674 1407 1713 omnes
1454 1661 1668 1729 quidem

1760 496 1878 533 IIIIIS
1922 480 2110 532 futura:
2142 489 2335 532 nostra:
2368 478 2779 547 incert‘uptionis
2808 488 2859 531 et
2890 477 3339 537 immortalitati“,

1760 583 1817 624 ttt
1844 572 2035 623 amodo
2061 572 2171 638 jam
2202 571 2253 625 iu
2286 571 2398 638 ipsa
2429 571 2612 623 laetitia
2644 570 2988 638 gaudeamus.
3034 567 3185 621 Unde
3233 568 3337 617 alio

1759 663 1877 717 loco
1906 663 2066 715 dicit:
2100 665 2155 717 Si
2187 672 2362 715 autem
2405 662 2773 716 resnrrcxistis
2801 676 2920 713 eum
2952 660 3188 723 Christo,
3223 675 3341 729 qua:

1762 769 1975 807 sursum
2001 764 2125 807 sunt
2153 755 2399 823 qumrile,
2437 754 2522 807 ubi
2561 754 2803 806 Christus
2847 765 2925 804 cst
2968 753 3030 805 ad
3063 753 3337 805 dexteram

1762 843 1856 898 Dei
1890 845 2118 905 sedens;
2153 860 2271 911 qua:
2299 858 2510 896 surSuln
2541 853 2663 895 sunt
2692 844 2884 911 sapite,
2909 857 3011 894 non
3042 858 3158 911 qua!
3178 857 3341 908 Stlpct'

1763 944 1981 989 terram.
2017 935 2257 990 Nondum
2292 935 2472 1004 utique
2504 934 2894 987 resnrreximns
2917 934 3050 987 sicut
3072 933 3338 991 Christus,

1764 1024 1855 1076 sed
1892 1034 2063 1076 tamen
2097 1023 2389 1075 secundum
2430 1037 2603 1090 spem,
2635 1037 2753 1090 qua:
2799 1022 2949 1075 nobis
3002 1023 3054 1074 in
3095 1023 3186 1075 illo
3233 1033 3338 1085 est,

1761 1113 1870 1182 jam
1914 1129 2008 1167 nos
2060 1130 2177 1165 cum
2235 1114 2324 1166 illo
2369 1115 2727 1167 resurrexisse
2758 1123 2981 1165 testatus
3012 1124 3092 1166 est
3136 1130 3149 1165 :
3200 1114 3339 1165 unde

1766 1205 1923 1257 etiam
1956 1204 2081 1255 dicit
2109 1222 2123 1257 :
2155 1204 2459 1259 Soettndum
2493 1218 2638 1255 suam
2687 1203 3112 1256 miscricordiam
3163 1204 3340 1255 salvos

1770 1309 1865 1348 nos
1897 1296 2015 1348 fecit
2048 1311 2141 1362 per
2186 1296 2450 1347 lavacrum
2500 1295 2935 1361 regenerationis.
2985 1295 3112 1360 Quis
3158 1303 3336 1345 anu-tu

1771 1400 1873 1439 non
1907 1366 2166 1453 intelligat
2198 1385 2245 1437 in
2276 1386 2483 1437 lavacro
2526 1385 2947 1451 regenerationis
2981 1398 3129 1452 spem
3185 1385 3340 1438 nobis

1769 1476 1945 1529 datam
1977 1476 2166 1528 salutis
2199 1476 2407 1543 futurte,
2442 1491 2544 1527 non
2573 1478 2680 1543 ja‘m
2728 1476 2953 1528 salutem
3002 1478 3167 1543 ipsam
3222 1492 3340 1545 quae

1772 1567 2133 1635 promittitur?
2167 1576 2221 1620 et
2251 1577 2424 1620 tamen
2452 1552 2572 1635 quia
2605 1576 2745 1619 certa
2779 1579 2901 1633 Spes
2944 1578 3046 1628 est,
3091 1575 3338 1634 tanquam

1768 1658 1876 1724 jam
1902 1658 2021 1731 data
2053 1668 2194 1712 esset
2211 1658 2393 1711 eadem
2420 1659 2595 1710 salus:
2623 1657 2810 1711 Salvos
2833 1672 2947 1720 nes,
2974 1657 3162 1723 inquit,
3191 1656 3336 1710 fecit.

95 1740 197 1811 45
228 1758 587 1813 resurgemus,
623 1761 727 1800 non
761 1758 933 1803 tamen
967 1764 1154 1803 omnes
1186 1750 1585 1803 immutahimur
1614 1750 1663 1804 in
1694 1731 1740 1793 Β
1772 1752 1887 1805 Alio
1928 1751 2119 1819 quippe
2167 1753 2284 1806 loco
2327 1750 2706 1805 dilucidiSsime
2749 1750 2913 1802 dicit:
2950 1749 3055 1802 Nos
3100 1749 3152 1802 in
3185 1750 3338 1803 nobis

97 1843 295 1899 atomo,
348 1835 399 1889 id
432 1844 514 1889 est
545 1838 595 1890 in
640 1850 930 1903 momento,
965 1839 1015 1893 in
1047 1840 1151 1894 ictu
1180 1840 1342 1905 oeuli,
1385 1839 1437 1893 in
1488 1839 1669 1893 novis-

99 1917 229 1970 sima
256 1920 419 1985 tuba;
448 1930 603 1975 canet
632 1924 771 1976 enim
805 1925 948 1987 tuba,
974 1934 1027 1978 et
1052 1926 1246 1979 mortui
1278 1937 1555 1995 resurgcnt
1583 1925 1668 1979 in-

108 2010 367 2078 corrupti,
394 2022 448 2065 et
476 2028 575 2066 nos
605 2011 1048 2071 immutabimur.‘
1072 2018 1292 2085 Oportet
1320 2020 1460 2073 enim
1491 2034 1671 2076 eorru-

101 2099 285 2165 ptibile
314 2101 415 2155 hoc
446 2102 664 2158 induere
701 2105 1179 2175 incorruptionem,
1211 2118 1267 2164 et
1302 2110 1526 2163 mortale
1570 2109 1670 2163 hoc

102 2190 319 2247 induere
344 2192 815 2252 immortalitatem.
845 2199 961 2253 Jam
991 2201 1283 2255 secundum
1313 2202 1364 2256 id
1393 2202 1532 2270 quod
1554 2215 1669 2255 car-

102 2296 217 2336 nem
276 2298 385 2337 non
426 2284 593 2354 ipsam
640 2289 878 2356 corporis
918 2291 1304 2359 substantiam,
1361 2295 1454 2347 sed
1498 2293 1667 2362 ipsam

102 2377 492 2444 corruptionem
537 2382 871 2457 mortalitatis
908 2383 1174 2450 appellat,
1224 2400 1328 2438 non
1360 2386 1463 2440 erit
1490 2386 1671 2454 utique

102 2479 241 2527 raro,
268 2467 390 2535 quia
421 2471 813 2537 corruptionem
841 2473 1180 2528 mortalitatis
1212 2484 1409 2528 mutata
1440 2489 1544 2529 non
1577 2474 1670 2528 ha-

108 2556 285 2624 bebit;
320 2560 611 2614 secundum
650 2571 829 2617 autem
864 2562 1029 2633 ipsius
1058 2566 1371 2620 substantia:
1400 2567 1671 2635 corporis-

106 2662 202 2714 que
230 2650 493 2718 originem
524 2652 711 2707 eadem
740 2668 865 2708 caro
896 2656 1017 2724 erit,
1049 2658 1169 2726 quia
1203 2659 1315 2726 ipsa
1349 2670 1590 2729 resurget
1619 2669 1673 2715 et

107 2736 214 2803 ipsa
258 2742 572 2807 mutabitur,
616 2744 736 2812 quia
766 2752 821 2799 et
868 2745 998 2800 illud
1053 2762 1235 2802 verum
1285 2756 1366 2804 est
1406 2750 1547 2819 quod
1598 2750 1672 2804 ait

108 2828 359 2884 Dominus
387 2841 727 2902 posteaquam
772 2838 1102 2891 resurrexit:
1137 2838 1356 2907 Palpate
1394 2848 1449 2895 et
1495 2840 1673 2895 videte

110 2919 225 2987 quia
253 2922 474 3003 spiritus
496 2937 616 2977 ossa
647 2931 700 2979 et
726 2940 941 2980 carnem
974 2943 1077 2982 non
1119 2928 1294 2984 habet
1319 2930 1455 2984 sicut
1480 2946 1563 2985 me
1595 2931 1674 2993 yi-

66 3082 73 3089 .
110 3011 242 3067 detis
270 3014 504 3070 habere:
534 3025 588 3069 et
612 3015 713 3070 hoc
738 3027 818 3071 est
850 3034 1032 3073 verum
1058 3021 1197 3089 quod
1238 3023 1311 3076 ait
1340 3024 1627 3093 Apostolus
1653 3041 1665 3076 :

109 3102 240 3157 Caro
267 3113 322 3159 et
345 3106 812 3189 sanguis‘regnum
845 3109 937 3164 Dei
969 3110 1247 3187 possidere
1278 3092 1399 3169 non,
1418 3120 1659 3182 possunt.
1688 3092 1737 3156 ο

110 3192 234 3249 Illud
260 3196 401 3251 enim
434 3184 634 3251 dictum
666 3208 746 3253 est
774 3183 1065 3255 secundum
1110 3204 1279 3270 ipsam
1315 3204 1669 3260 substantiam

112 3297 222 3349 qua
241 3286 400 3339 etiam
430 3294 557 3341 tunc
579 3288 703 3353 crit,
726 3290 845 3358 quia
877 3292 989 3360 ipsa
1018 3294 1327 3349 mutabitur.
1354 3295 1466 3365 Hoc
1493 3304 1670 3352 autem

114 3372 303 3428 dictum
326 3385 411 3430 est
436 3377 727 3433 secundum
756 3382 1022 3437 carnalem
1048 3387 1407 3453 corruptionis
1446 3388 1673 3457 qualita-

114 3472 234 3529 tem,
262 3482 379 3534 qua
407 3476 532 3522 tunc
556 3469 664 3536 jam
693 3485 797 3526 non
827 3473 951 3538 erit,
1001 3475 1118 3542 quia
1152 3464 1355 3530 mutata
1398 3492 1524 3532 caro
1565 3493 1670 3534 non

116 3566 498 3626 corrumpetur.
538 3559 869 3617 Noveramus
915 3578 1044 3633 ergo
1084 3566 1351 3621 Christum
1380 3570 1673 3624 secundum

114 3651 340 3713 carnem,
374 3649 425 3702 id
447 3658 531 3704 est
550 3654 838 3707 secundum
883 3656 1061 3709 carnis
1104 3658 1481 3714 mortalitatem
1522 3672 1675 3716 ante-

115 3751 257 3803 quam
300 3752 625 3808 resurgeret,
654 3742 746 3797 sed
775 3760 916 3799 nunc
942 3747 1051 3814 jam
1099 3764 1206 3802 non
1246 3750 1516 3816 novimus,
1549 3752 1673 3822 quia

117 3831 242 3881 sicut
283 3830 416 3884 dicit
459 3832 599 3887 idem
628 3835 914 3911 Apostolus
960 3855 972 3889 :
1022 3834 1263 3895 Christus
1320 3856 1606 3913 resurgens
1644 3860 1674 3899 α

119 3920 327 3974 mortuis
351 3921 464 3990 jam
506 3938 611 3977 non
640 3926 889 3989 moritur,
922 3934 979 3981 et
1016 3942 1163 3983 mors
1191 3929 1239 3984 el
1270 3930 1406 3985 ultra
1443 3949 1547 3987 non
1579 3934 1678 3988 do-

120 4010 408 4066 minabitur.
434 4012 564 4068 Nam
598 4016 641 4067 si
672 4025 722 4069 te
761 4018 825 4070 ad
852 4019 1136 4075 verborum
1184 4023 1561 4091 proprietatem
1599 4034 1675 4080 te-

123 4115 267 4168 neas,
298 4105 552 4158 mentitus
592 4114 673 4159 est
712 4107 854 4176 quod
885 4111 997 4164 ait:
1029 4110 1359 4168 Noveramus
1398 4115 1671 4171 Christum

121 4194 396 4247 secundum
428 4197 747 4259 carnem,‘si
771 4198 1015 4255 Christus
1044 4217 1316 4271 nunquam
1348 4204 1443 4259 fuit
1485 4222 1677 4262 secun-

123 4277 233 4335 dum
258 4298 514 4341 carnem:
561 4303 720 4342 nemo
750 4291 891 4344 enim
935 4305 1158 4348 noverat
1196 4298 1336 4365 quod
1385 4313 1490 4353 non
1537 4309 1673 4354 erat.

121 4368 222 4424 Non
258 4385 433 4428 autem
477 4376 645 4441 dixit,
701 4379 1015 4447 putabamus
1060 4383 1329 4439 Christum
1381 4390 1670 4443 secundum

123 4473 341 4529 carnem,
366 4466 459 4519 sed
492 4481 826 4524 noveramus.
858 4469 1257 4540 Verumtamen,
1291 4487 1346 4530 ut
1373 4479 1539 4534 verbo
1568 4496 1672 4535 non
1708 4459 1761 4517 Ῑ)

129 4567 371 4619 premam,
422 4572 490 4611 ne
536 4560 654 4628 quis
682 4558 913 4617 afﬁrmet
943 4580 1037 4631 per
1081 4567 1390 4624 abusionem
1442 4573 1675 4629 locutum

127 4646 447 4710 Apostolum,
467 4657 522 4701 ut
547 4664 639 4715 pro
655 4665 720 4704 eo
738 4652 975 4723 quodest
992 4657 1326 4725 putabamus,
1350 4660 1551 4717 diceret
1575 4680 1673 4718 no-

128 4746 387 4800 veramus,
415 4737 543 4791 illud
574 4740 737 4793 miror
764 4757 867 4797 non
894 4746 1170 4802 attendere
1198 4748 1441 4805 homines
1472 4768 1672 4820 caecos,
1748 4764 1753 4767 ‘

126 4824 197 4875 vel
226 4827 397 4892 potius
421 4843 527 4880 non
550 4828 715 4883 miror
744 4845 848 4885 non
881 4833 1061 4890 videre
1092 4849 1285 4905 eazeos,
1312 4842 1431 4908 quia
1451 4842 1495 4895 si
1524 4844 1679 4898 Chri-

129 4924 228 4971 stus
251 4919 374 4974 ideo
400 4936 505 4974 non
537 4922 727 4976 habuit
755 4939 996 4991 carnem,
1028 4928 1151 4999 quia
1193 4931 1329 4987 dixit
1367 4934 1673 5003 Apostolus,

129 5009 378 5079 nunciam
410 5027 515 5066 non
546 5028 603 5067 se
631 5027 790 5069 nosse
817 5015 1086 5073 Christum
1116 5024 1407 5078 secundum
1438 5041 1674 5092 carnem,

132 5110 216 5154 nec
239 5105 309 5159 illi
344 5104 649 5163 habuerunt
684 5124 897 5166 carnem
932 5112 999 5167 de
1028 5113 1219 5182 quibus
1250 5116 1304 5172 in
1341 5120 1529 5175 eodem
1563 5123 1682 5177 loco

131 5188 257 5247 dicit:
287 5197 469 5266 Itaque
498 5200 596 5253 nos
621 5202 813 5256 amodo
841 5205 1107 5261 neminem
1127 5208 1370 5265 novimus
1389 5215 1680 5269 secundum

133 5298 349 5345 carnem.
380 5290 564 5359 Neque
587 5296 727 5348 enim
757 5296 825 5351 de
854 5298 972 5352 solo
998 5296 1212 5356 Christo
1232 5301 1283 5356 id
1314 5304 1499 5359 volens
1524 5307 1682 5361 intel-

110 5372 229 5455 Kligi,
253 5392 430 5449 posset
458 5385 661 5452 dicere,
694 5389 962 5445 neminem
987 5394 1230 5448 novimus
1253 5399 1541 5453 secundum
1566 5415 1684 5455 ear-

137 5481 237 5524 netn
266 5472 380 5546 [sed
419 5478 541 5545 quia
593 5478 801 5534 illorum
844 5496 1029 5537 secum
1079 5486 1239 5539 vitam
1286 5489 1512 5543 futuram
1563 5500 1681 5545 tan-

137 5574 269 5625 quam
298 5576 614 5635 prtesentem
642 5571 1013 5639 meditabatur,
1045 5578 1133 5644 qui
1163 5589 1502 5648 resurgentes
1529 5598 1681 5635 com-

140 5659 501 5717 mutabuntur:
556 5662 801 5731 Amodo,
857 5667 1060 5739 inquit,
1114 5672 1380 5727 neminem
1435 5675 1679 5736 novimus

1772 1843 1900 1911 ipsis
1954 1844 2388 1912 iugemiscimus,
2445 1842 2783 1910 adoptionem
2820 1849 3188 1908 exspectantes
3246 1855 3335 1893 rc-

1770 1937 2130 2005 demptionem
2183 1938 2424 2004 corporis
2465 1936 2661 1999 nostri;
2707 1949 2802 2001 spe
2841 1935 2982 1986 enim
3028 1933 3161 1987 salvi
3216 1932 3337 1986 lacti

1770 2016 1975 2092 sumus,
2002 2042 2122 2093 spes
2148 2036 2322 2080 autem
2352 2040 2470 2094 qua:
2501 2025 2711 2078 videtur
2741 2040 2843 2077 non
2883 2033 2964 2076 est
3012 2039 3154 2092 spes.
3186 2023 3337 2089 Qttod

1772 2120 1915 2173 enim
1958 2118 2103 2171 videt
2153 2119 2272 2186 quis
2314 2116 2436 2186 quid
2475 2125 2720 2185 speratur
2770 2114 3028 2186 [Sperat]?
3076 2116 3121 2168 si
3161 2125 3335 2168 autem

1771 2212 1911 2280 quod
1935 2226 2038 2263 non
2071 2210 2311 2263 videmus
2334 2223 2633 2277 speramus,
2661 2223 2753 2275 per
2787 2207 3089 2274 patientiam
3122 2220 3341 2273 exspccc

1772 2312 1963 2356 tamus.
1995 2300 2141 2354 Sicut
2168 2314 2295 2369 ergo
2318 2301 2401 2352 hic
2434 2314 2540 2352 non
2572 2299 2738 2350 dixit:
2768 2297 2907 2351 Salvi
2940 2296 3097 2348 futuri
3132 2310 3337 2359 sumus,

1770 2392 1893 2448 sed:
1925 2392 2128 2445 Amodo
2149 2392 2254 2458 jam
2279 2390 2409 2443 salvi
2442 2389 2559 2443 iacti
2589 2404 2794 2453 sumus,
2821 2388 3055 2441 nondum
3086 2396 3257 2441 tamen
3288 2388 3341 2441 in

1770 2500 1849 2548 re,
1868 2485 1961 2539 sed
1984 2486 2035 2537 in
2060 2498 2182 2552 spe:
2210 2484 2316 2551 Spe
2336 2482 2500 2548 enim,
2520 2481 2703 2548 inquit,
2728 2480 2860 2533 salvi
2884 2479 3003 2533 facti
3026 2493 3207 2532 sumus
3227 2495 3240 2542 ;
3264 2478 3342 2532 sic

1771 2588 1826 2633 et
1853 2577 1985 2646 quod
2016 2578 2087 2631 ibi
2111 2577 2307 2631 dictum
2337 2586 2448 2630 est:
2480 2574 2685 2629 Amodo
2709 2574 2974 2628 neminem
2994 2574 3234 2627 novimus
3259 2586 3342 2626 se—

1772 2670 2001 2725 cundum
2034 2684 2286 2733 carnem;
2320 2668 2552 2721 nondum
2578 2666 2629 2719 in
2662 2681 2740 2730 re,
2772 2667 2864 2719 sed
2895 2665 2945 2719 in
2976 2680 3070 2733 spe
3096 2664 3343 2734 intelligi-

1775 2768 1878 2825 tur,
1910 2761 2030 2828 quia
2063 2774 2187 2827 spes
2218 2757 2367 2812 nobis
2398 2759 2449 2811 in
2479 2757 2690 2811 Christo
2721 2766 2832 2824 est,
2876 2756 2997 2825 quia
3028 2756 3078 2809 in
3112 2754 3206 2809 illo
3230 2754 3343 2823 jam

1772 2852 2096 2919 eompletum
2121 2851 2360 2919 estquod
2393 2850 2546 2902 nobis
2578 2849 2902 2917 promissum
2926 2861 3226 2916 speramus.
3251 2845 3344 2900 Ille

1774 2945 1971 3014 quippe
1989 2944 2099 3013 jam
2138 2943 2428 2998 resurrexit
2455 2950 2507 2995 et
2546 2958 2688 2994 mors
2716 2941 2765 2995 ei
2790 2942 2923 2996 ultra
2959 2957 3063 2994 non
3104 2941 3346 3014 domina-

1776 3034 1940 3098 bitur,
1982 3048 2139 3101 quem
2167 3043 2265 3085 ctst
2297 3044 2614 3084 noveramus
2641 3029 2932 3083 secundum
2964 3012 3342 3096 carnem-cum

1772 3124 1944 3179 adhuc
1977 3123 2266 3177 moriturus
2312 3133 2477 3187 esset,
2509 3122 2681 3176 inerat
2727 3122 2921 3191 quippe
2958 3120 3010 3175 in
3058 3120 3175 3190 ejus
3218 3136 3342 3175 cor-
3379 3156 3388 3163 -

1774 3233 1906 3287 pore
1938 3217 2028 3270 illa
2075 3216 2369 3270 mortalitas
2395 3230 2552 3284 quam
2600 3214 2814 3282 proprie
2859 3228 3074 3267 carnem
3120 3214 3348 3287 appellat

1772 3309 2083 3379 Apostolus,
2112 3308 2204 3363 sed
2233 3308 2342 3377 jam
2378 3320 2519 3360 nunc
2547 3320 2651 3360 non
2709 3307 2974 3360 novimus.
3025 3284 3155 3359 Illud
3206 3306 3347 3358 enim

1774 3404 1892 3470 ejus
1929 3400 2159 3455 mortale
2211 3402 2319 3466 jam
2375 3397 2544 3451 induit
2590 3396 3063 3457 immortalitatem,
3097 3396 3236 3457 unde
3267 3409 3351 3469 se-

1776 3496 2008 3549 cundum
2046 3492 2323 3560 pristinam
2363 3475 2737 3543 mortalitatem
2778 3487 2886 3556 jam
2918 3501 3043 3541 caro
3092 3485 3350 3554 appellari

1778 3603 1884 3643 non
1917 3587 2107 3654 possit.
2140 3585 2317 3654 Itaque
2345 3582 2512 3649 ipsius
2537 3580 2641 3634 loci
2674 3578 3094 3642 eontextionem,
3126 3576 3212 3630 ubi
3239 3576 3352 3630 hxec

1776 3652 2036 3733 sententia
2061 3675 2232 3730 estde
2253 3652 2353 3743 qua
2377 3673 2462 3726 isti
2485 3661 2895 3733 calumniantur,
2919 3669 3351 3731 censideremus,

1779 3782 1835 3825 ut
1866 3772 1967 3825 hoc
2010 3767 2150 3839 quod
2190 3767 2309 3820 dico
2354 3765 2521 3833 magis
2559 3763 2789 3817 eluceat.
2834 3760 3100 3825 Charitas,
3154 3760 3349 3826 inquit,

1777 3863 1977 3919 Christi
2014 3860 2287 3929 compellit
2343 3872 2439 3912 nos
2478 3855 2778 3926 judicantes
2829 3853 2966 3921 hoc,
3018 3850 3266 3919 quoniam
3307 3849 3353 3904 si

1779 3970 1920 4009 unus
1951 3968 2047 4022 pro
2074 3952 2320 4007 omnibus
2350 3956 2590 4003 mortuus
2618 3956 2719 4012 est,
2748 3960 2876 4015 ergo
2918 3958 3103 3997 omnes
3153 3943 3353 3996 mortni

1778 4058 1924 4114 sunt,
1955 4056 2009 4100 et
2039 4060 2133 4113 pro
2159 4043 2408 4098 Omnibus
2438 4048 2680 4095 mortuus
2708 4049 2811 4103 eat,
2845 4044 2900 4091 ut
2924 4039 3011 4106 qui
3043 4034 3354 4104 vivuntjam

1785 4156 1893 4193 non
1917 4139 2018 4193 sibi
2047 4139 2252 4201 vivant,
2283 4135 2375 4189 sed
2402 4135 2449 4189 ei
2479 4133 2567 4202 qui
2598 4146 2692 4200 pro
2732 4132 2861 4200 ipsis
2893 4126 3137 4184 mortuus
3182 4136 3263 4182 est
3300 4136 3355 4181 et

1782 4232 2096 4287 resurrexit.
2128 4231 2308 4295 Itaque
2337 4240 2434 4282 nos
2458 4226 2617 4280 modo
2641 4222 2875 4296 [amodo]
2905 4222 3171 4277 neminem
3203 4219 3353 4273 novi-

1783 4338 1899 4377 mus
1926 4319 2217 4375 secundum
2256 4333 2493 4383 carnem,
2544 4317 2641 4370 etsi
2690 4328 3008 4369 noveramus
3055 4315 3347 4367 secundum

1782 4427 1997 4466 carnem
2026 4410 2320 4474 Christum,
2349 4410 2439 4461 sed
2462 4408 2569 4475 jam
2596 4420 2734 4459 nunc
2766 4420 2870 4458 non
2910 4404 3174 4458 novimus.
3202 4402 3358 4457 Certo

1784 4503 1890 4572 jam
1920 4515 2064 4553 nunc
2096 4499 2247 4566 cujus
2277 4495 2492 4567 [cuivis]
2519 4502 2739 4562 apparet
2764 4500 2979 4561 propter
3006 4492 3354 4579 resurrectio-

1785 4609 1905 4647 nem
1934 4590 2129 4645 Christi
2161 4589 2262 4642 hoc
2296 4588 2497 4640 dixisse
2543 4585 2851 4653 Apostolum
2879 4624 2894 4643 ,
2926 4582 3364 4653 quandoquidem

1786 4688 1885 4739 ista
1913 4684 2070 4738 verba
2103 4680 2227 4735 illud
2256 4679 2550 4748 prmccssit,
2576 4687 2631 4730 ut
2652 4677 2739 4745 qui
2772 4676 2972 4744 vivunt,
2994 4677 3101 4744 jam
3128 4690 3231 4728 non
3254 4674 3369 4733 sibi,

1785 4778 1980 4838 vivant,
2016 4773 2109 4827 sed
2136 4773 2183 4827 ei
2212 4772 2298 4838 qui
2324 4783 2418 4838 pro
2447 4769 2574 4837 ipsis
2605 4778 2842 4821 mortuus
2862 4776 2943 4822 est
2964 4778 3016 4821 et
3046 4766 3369 4825 resurrexit.,

1786 4866 1923 4933 Quid
1954 4873 2038 4918 est
2060 4863 2200 4917 enim
2231 4859 2370 4913 aliud
2404 4872 2506 4911 non
2535 4859 2657 4922 sibi,
2681 4858 2773 4913 sed
2808 4857 2880 4911 illi
2913 4859 3113 4923 vivant,
3169 4857 3268 4910 nisi
3299 4865 3374 4911 ut-

1792 4973 1898 5011 non
1922 4955 2215 5010 secundnm
2256 4964 2468 5005 carnem
2510 4949 2689 5005 vivant
2731 4950 2782 5002 in
2820 4964 2914 5018 spe
2946 4960 3277 5003 terrenorum
3309 4956 3364 5003 et

1790 5045 2213 5115 corruptibilium
2248 5043 2508 5096 bonorum
2531 5081 2544 5103 ,
2574 5042 2667 5095 sed
2699 5040 2991 5094 secundum
3020 5038 3264 5108 spiritum
3307 5038 3371 5097 in

1792 5153 1886 5207 spe
1910 5136 2321 5192 resurrectionis
2351 5151 2470 5205 qua:
2496 5137 2603 5205 jam
2638 5150 2701 5189 ex
2731 5133 2865 5202 ipsis
2897 5132 2950 5187 in
2979 5131 3195 5186 Christo
3225 5128 3369 5187 facta

1791 5230 1914 5283 est?
1942 5228 2123 5296 Itaque
2161 5242 2345 5282 eorum
2376 5241 2472 5295 pro
2497 5225 2687 5295 quibus
2715 5222 2959 5277 Christus
2991 5236 3230 5275 mortuus
3277 5231 3367 5274 est

1792 5333 1847 5376 et
1876 5320 2196 5385 resurrexit,
2225 5331 2278 5373 et
2303 5320 2390 5387 qui
2422 5317 2535 5387 jam
2574 5331 2677 5369 non
2710 5316 2838 5379 sibi,
2865 5315 2957 5368 sed
3011 5314 3087 5367 illi
3133 5312 3360 5375 vivunt,
3394 5320 3398 5324 ·

1788 5413 2056 5467 neminem
2085 5410 2373 5465 secundum
2402 5423 2618 5464 carnem
2648 5407 2931 5475 Apostolus
2958 5414 3198 5467 noverat,
3233 5419 3360 5471 pros

1791 5517 1907 5575 p'er
1944 5520 2089 5573 spem
2123 5504 2312 5557 futura:
2342 5499 2750 5554 immortalitatis
2797 5499 2849 5553 in
2896 5498 3046 5567 cujus
3080 5505 3365 5564 exSpecta.

1792 5598 1934 5650 tione
1964 5595 2226 5655 vivebant,
2254 5608 2370 5662 qua:
2399 5592 2450 5644 in
2477 5590 2686 5645 Christo
2712 5587 2821 5657 jam
2848 5602 2951 5643 non
2981 5602 3124 5657 spes,
3152 5587 3243 5641 sed
3277 5603 3363 5644 res

1793 5698 1926 5743 erat.
1961 5688 2127 5756 Quem
2161 5696 2254 5742 ets.
2288 5694 2506 5740 noverat
2534 5683 2825 5738 secundum
2866 5696 3078 5738 carnem
3109 5697 3227 5739 cum
3263 5681 3359 5742 ad.
