3886 6224
464 326 564 380 687

1510 317 1571 371 ι).
1607 311 1923 370 EUGYPPII
1955 309 2238 369 ABBA‘I‘IS
2268 295 2585 370 armetur

3579 310 3685 366 €68

462 438 566 491 huc
595 433 880 490 moriturus
903 437 1062 503 esset,
1103 428 1213 499 iam
1245 434 1420 481 tamen
1468 440 1572 481 non
1611 435 1848 492 noverat,
1899 425 2018 495 quia
2051 430 2096 489 Α
2123 423 2410 479 abundaret
2439 424 2628 495 gratia.
2655 424 2789 481 Hine
2814 425 3059 484 similiter
3081 427 3207 485 alibi
3240 426 3404 512 dicit:
3436 428 3534 494 Qui
3584 444 3679 481 au-

463 543 583 581 eum
631 527 984 581 resurrexisse
1027 530 1264 586 noverat,
1296 530 1350 576 et
1371 521 1508 574 ultra
1551 522 1601 575 ei
1646 531 1872 576 mortem
1918 535 2022 574 non

463 617 872 676 dnminaturam,
897 622 950 667 et
973 612 1096 680 quia
1125 626 1314 666 omnes
1345 612 1396 664 in
1421 611 1514 666 illo
1539 605 1641 666 etsi
1681 612 1913 665 nondum
1941 625 2021 675 re,

464 707 569 775 iam
602 713 776 757 tamen
806 716 901 770 spe
932 703 1034 755 hoc
1063 717 1266 756 sumus.
1291 700 1542 770 Sequitur
1565 709 1619 755 et
1647 701 1802 754 dicit:
1837 699 1893 753 Si
1923 713 2025 768 qua

465 796 708 867 igiturin
756 794 970 850 Christo
999 809 1134 848 nova
1176 803 1441 860 creatura,
1476 802 1651 848 vetera
1683 792 2023 856 transierunt,

467 902 592 941 cccc
621 886 754 938 facta
781 894 908 939 sunt
935 882 1158 957 [omnia]
1183 899 1341 950 nova,
1373 883 1547 937 omnia
1584 890 1760 935 autem
1803 896 1868 934 ex
1917 879 2026 936 Deo

462 977 549 1046 qui
576 977 941 1031 reconciliavit
968 991 1063 1031 nos
1091 977 1190 1030 sibi
1222 991 1316 1044 per
1344 975 1632 1030 Christum.
1664 972 1848 1027 Omnis
1899 986 2027 1041 ergo

465 1081 604 1120 nova
632 1049 901 1130 creatura,
933 1067 985 1120 id
1010 1075 1094 1122 est
1131 1069 1353 1133 populus
1387 1063 1670 1116 innovatus
1706 1077 1800 1130 per
1839 1062 2018 1127 tidem,

467 1164 528 1208 ut
557 1153 751 1208 habeat
780 1153 992 1209 interim
1024 1154 1074 1207 in
1103 1167 1199 1221 spe
1224 1151 1365 1220 quod
1394 1151 1446 1205 in
1481 1166 1541 1205 re
1571 1161 1749 1219 postea
1788 1151 2034 1220 periicia-

464 1253 576 1310 tur,
608 1245 660 1299 in
682 1244 895 1299 Christo
926 1244 1081 1297 habet
1103 1243 1212 1312 jam
1233 1240 1442 1313 [etiam]
1466 1243 1616 1312 quod'
1636 1244 1688 1296 in
1729 1257 1789 1296 se
1823 1252 2033 1311 sperat.

466 1337 649 1402 Itaque
674 1350 813 1389 nunc
837 1336 1010 1403 vetera
1034 1335 1356 1388 transierunt
1377 1334 1668 1389 secundum
1705 1348 1876 1402 spem,
1908 1335 2026 1402 quia

468 1426 628 1480 modo
658 1425 767 1492 jam
806 1440 910 1478 non
941 1433 1024 1479 est
1063 1432 1276 1492 tempus
1322 1425 1527 1479 Veteris
1567 1425 1889 1480 Testamenti
1924 1439 2031 1494 quo

468 1518 762 1585 temporale
787 1525 944 1585 atque
967 1517 1182 1571 carnale
1215 1532 1432 1585 regnum
1469 1526 1803 1586 exspectetur
1830 1519 2026 1585 a'Deo,

468 1617 519 1659 et
546 1607 680 1660 facta
710 1617 833 1661 sunt
859 1606 1034 1660 omnia
1071 1621 1202 1660 nova
1247 1605 1537 1661 secundum
1580 1607 1822 1661 eamdem
1851 1622 2025 1676 spem,

471 1708 526 1751 ut
566 1713 784 1767 regnum
814 1699 1070 1752 cmlorum
1094 1698 1182 1752 ubi
1206 1697 1345 1751 nulla
1383 1699 1486 1752 erit
1529 1713 1672 1754 mors
1709 1707 1866 1768 atque
1905 1713 2028 1753 cor-

2125 523 2228 569 tem
2269 515 2321 568 in
2349 530 2507 571 carne
2535 526 2682 582 sunt,
2721 518 2831 574 Deo
2860 519 3070 588 placere
3109 536 3212 576 non
3244 532 3489 590 possunt.
3523 522 3588 576 Et
3616 537 3682 578 ne

2121 615 2333 675 putaret
2352 609 2626 678 quisquam
2645 624 2737 666 eos
2750 611 2924 668 dictos
2945 614 3032 682 qui
3056 614 3292 669 nondum
3316 614 3514 668 mortui
3534 623 3678 678 sunt,

2123 697 2302 750 statim
2327 699 2589 767 subjecit:
2615 699 2725 754 Vos
2749 710 2924 756 autem
2952 718 3058 757 non
3079 706 3207 759 estis
3238 705 3292 758 in
3315 720 3498 774 carne,
3519 705 3610 760 sed
3634 704 3684 758 in

2124 789 2332 855 spiritu,
2365 789 2415 841 id
2443 796 2548 853 est,
2581 791 2668 858 qui
2701 790 2753 844 in
2781 806 2876 858 spe
2905 793 3202 846 carnalium
3241 794 3501 850 bonorum
3539 806 3679 859 sunt,

2124 877 2235 932 Deo
2264 879 2472 948 placere
2495 885 2600 934 non
2624 890 2876 949 possunt;
2905 897 3001 937 vos
3019 892 3195 938 autem
3220 899 3326 938 non
3359 885 3489 938 estis
3521 886 3573 937 in
3591 899 3684 952 spe

2126 969 2441 1034 carnalium,
2473 970 2567 1024 sed
2590 971 2642 1023 in
2667 986 2762 1040 spe
2790 972 3128 1040 spiritalium,
3158 973 3208 1027 id
3237 982 3322 1028 est
3349 974 3497 1041 regni
3523 975 3684 1029 caelo-

2127 1071 2267 1123 rum,
2296 1057 2384 1111 ubi
2410 1066 2462 1112 et
2485 1061 2657 1127 ipsum
2697 1075 2892 1128 corpus
2915 1076 3008 1128 per
3043 1062 3187 1115 illam
3234 1062 3605 1128 mutationem,
3634 1061 3684 1115 in

2127 1159 2224 1199 suo
2251 1148 2480 1215 quodam
2521 1163 2715 1217 genere
2747 1150 2983 1217 spiritale
3028 1152 3149 1217 erit,
3183 1151 3324 1220 quod
3370 1153 3526 1205 modo
3566 1152 3685 1205 ani-

2129 1235 2269 1290 male
2314 1245 2414 1291 est.
2450 1235 2751 1291 Seminatur
2777 1241 2919 1292 enim
2946 1254 3140 1309 corpus
3171 1241 3400 1295 animale
3430 1242 3586 1308 (sicut
3613 1242 3676 1295 ad

2130 1327 2433 1382 Corinthios
2464 1328 2603 1383 idem
2634 1330 2807 1400 dicit),
2842 1342 3084 1402 resurget
3120 1347 3312 1402 corpus
3339 1334 3597 1402 spiritale.
3624 1333 3680 1390 Si

2131 1433 2259 1486 ergo
2279 1420 2549 1478 neminem
2577 1435 2762 1476 eorum
2783 1421 2890 1488 jam
2913 1433 3132 1477 noverat
3158 1422 3448 1477 secundum
3475 1437 3680 1478 carnem

2133 1512 2436 1579 Apostolus,
2490 1513 2577 1580 qui
2634 1521 2913 1580 propterea
2954 1514 3266 1568 dicebantur
3312 1530 3415 1568 non
3460 1529 3576 1568 esse
3630 1514 3679 1568 in

2131 1613 2339 1664 carne,
2374 1601 2496 1669 quia
2548 1616 2652 1655 non
2697 1611 2852 1656 erant
2903 1606 2952 1655 in
3003 1617 3100 1670 spe
3153 1618 3329 1656 rerum
3377 1604 3677 1665 carnalium,

2134 1692 2375 1758 quamvis
2411 1692 2584 1745 adhuc
2619 1694 3013 1760 corruptibilem
3045 1708 3265 1748 carnem
3307 1694 3682 1762 mortaletnque

470 1789 646 1857 ruptio
671 1791 992 1858 promissum
1017 1797 1307 1854 teneantus,
1344 1791 1395 1843 in
1430 1793 1817 1846 resurrectione
1851 1802 2030 1846 autent
2061 1782 2108 1841 B
2137 1792 2442 1852 portarent,
2497 1793 2696 1848 quanto
2751 1786 3056 1854 expressius
3117 1785 3184 1841 de
3235 1786 3450 1840 Christo
3497 1785 3684 1840 diceret

471 1889 800 1936 mortuorum
833 1896 936 1935 non
955 1881 1065 1948 jam
1097 1882 1384 1935 secundum
1411 1896 1579 1950 spem,
1612 1883 1704 1936 sed
1732 1883 2024 1938 secundum

471 1985 610 2035 rem,
651 1979 709 2026 et
742 1979 919 2025 vetera
963 1971 1280 2038 transibunt,
1321 1987 1438 2025 cum
1486 1972 1693 2026 inimica
1747 1973 2038 2028 novissima

471 2062 776 2116 destruetur
806 2077 969 2126 mors,
997 2072 1052 2116 et
1079 2062 1206 2116 ﬁent
1235 2063 1412 2116 omnia
1434 2078 1570 2117 nova
1589 2106 1603 2129 ,
1631 2079 1750 2118 cum
1776 2066 2038 2133 corruptio

479 2149 585 2203 bile
641 2150 741 2202 hoc
798 2149 1031 2203 induerit
1084 2139 1534 2218 incorruptionem
1577 2161 1629 2206 et
1679 2154 1900 2207 mortale
1940 2154 2038 2209 hoc

475 2237 706 2292 induerit
742 2238 1214 2294 immortalitatem.
1256 2241 1406 2306 Quod
1466 2235 1598 2308 'jam‘
1625 2242 1818 2296 factum
1867 2254 1947 2297 est
1986 2245 2038 2299 in

476 2326 688 2380 Christo
716 2342 871 2396 quem
902 2327 1190 2381 secundum
1219 2343 1328 2382 rem
1349 2369 1363 2392 ,
1391 2329 1499 2398 jam
1529 2344 1632 2384 non
1662 2342 1880 2385 noverat
1908 2332 2042 2386 Pan-

476 2417 557 2471 lus
578 2417 870 2472 secundum
900 2434 1138 2473 carnem.
1163 2419 1362 2473 Eorum
1393 2437 1522 2474 vero
1554 2436 1650 2490 pro
1671 2424 1861 2491 quibus
1895 2435 2042 2476 mor-

477 2520 600 2564 tuus
629 2520 710 2564 est
747 2517 804 2564 et
843 2512 1155 2575 resurrexit,
1186 2511 1418 2565 nondum
1449 2515 1738 2566 secundum
1764 2528 1874 2567 rem
1901 2555 1915 2578 ,
1948 2514 2041 2568 sed

479 2605 773 2659 secundum
820 2620 1002 2672 spem,
1049 2605 1313 2658 neminem
1343 2613 1564 2658 noverat
1605 2605 1894 2658 secundum
1928 2621 2046 2660 car-

483 2711 606 2749 nem
624 2739 638 2762 ,
670 2697 791 2763 quia
817 2696 957 2749 illius
981 2696 1169 2761 gratia,
1192 2695 1490 2749 sicutidem
1520 2697 1584 2750 ad
1612 2697 1872 2764 Ephesios
1893 2698 2042 2763 dicit,

483 2803 669 2842 sumus
708 2788 839 2840 salvi
875 2787 1018 2840 facti.
1053 2787 1180 2840 Nam
1211 2795 1264 2840 et
1302 2789 1414 2855 ipse
1445 2790 1591 2841 locus
1622 2787 1741 2841 huic
1767 2788 2047 2842 sententia:

481 2878 560 2931 sic
587 2886 856 2931 attestatut
887 2896 899 2929 :
933 2878 1069 2931 Deus
1095 2888 1268 2932 autem
1292 2918 1306 2944 ,
1339 2879 1548 2946 inquit,
1579 2879 1665 2945 qui
1697 2879 1845 2932 dives
1871 2888 1952 2932 est
1986 2879 2042 2932 in

483 2968 871 3037 misericordia,
891 2977 1107 3037 propter
1133 2970 1346 3022 multam
1371 2969 1709 3023 dilectionem
1737 2984 1836 3038 qua
1863 2968 2050 3023 dilexit

487 3054 606 3126 nos,
634 3071 687 3116 et
714 3077 835 3116 cum
865 3075 1106 3115 essemus
1139 3062 1330 3114 mortui
1361 3062 1620 3128 peccatis,
1655 3061 2048 3116 conviviticavit

484 3167 594 3216 nos
630 3152 874 3216 Christo,
905 3153 1060 3218 cuius
1098 3151 1268 3221 gratia
1311 3165 1499 3205 sumus
1535 3153 1666 3204 salvi
1707 3150 1854 3204 facti.
1895 3152 2047 3216 Quod
2075 3135 2122 3196 C

485 3241 626 3294 enim
659 3239 743 3294 hic
770 3240 902 3294 dixit
925 3279 942 3304 ,
968 3240 1358 3294 conviviticavit
1383 3254 1478 3294 nos
1506 3239 1719 3293 Christo
1742 3282 1757 3305 ,
1792 3239 1891 3292 hoc
1917 3239 2054 3292 dixit

483 3332 550 3382 ad
575 3330 914 3393 Corinthios,
951 3330 1122 3398 utqui
1167 3331 1357 3382 vivunt
1391 3331 1498 3398 jam
1550 3343 1656 3383 non
1697 3328 1799 3382 sibi
1850 3327 2050 3396 vivant,

484 3419 578 3472 sed
611 3417 661 3472 ei
708 3420 794 3487 qui
836 3435 931 3486 pro
973 3419 1098 3486 ipsis
1134 3430 1373 3473 mortuus
1409 3428 1492 3472 est
1531 3429 1585 3473 et
1631 3421 1955 3484 resurrexit;
1997 3427 2055 3474 et

485 3511 629 3578 quod
671 3511 756 3565 hic
787 3511 945 3576 dicit,
976 3512 1128 3580 cujus
1173 3512 1340 3579 gratia
1384 3527 1571 3566 sumus
1600 3513 1732 3566 salvi
1774 3513 1918 3576 lacti,
1946 3514 2054 3581 jam

485 3601 630 3654 velut
655 3599 944 3667 perfectum
963 3601 1034 3653 sit
1057 3603 1286 3668 loquitur
1314 3601 1454 3667 quod
1481 3601 1532 3657 in
1561 3617 1654 3669 spe
1686 3612 1847 3656 tenet.
1880 3603 2011 3655 Nam
2034 3643 2051 3669 ,

490 3692 633 3764 quod
665 3692 824 3760 paulo
844 3701 965 3745 ante
987 3692 1420 3755 commemoravi,
1449 3693 1781 3760 apertissime
1811 3693 1935 3747 alibi
1974 3694 2054 3746 di-

489 3785 584 3847 cit,
609 3799 707 3852 spe
744 3783 886 3836 enim
924 3782 1055 3836 salvi
1094 3781 1214 3835 tacti
1244 3795 1448 3835 sumus.
1480 3780 1588 3850 ιθ
1617 3781 1842 3849 Ideoque
1884 3795 1936 3836 et
1971 3783 2058 3838 hie

489 3879 749 3944 sequitur,
773 3884 829 3930 et
857 3885 1103 3943 tanquam
1133 3875 1419 3942 perfectum
1445 3883 1722 3948 enumerat
1749 3875 1886 3942 quod
1918 3873 2058 3926 futu-

491 3983 608 4021 rum
638 3973 741 4020 est.
766 3967 831 4018 Et
859 3965 1035 4031 simul,
1061 3966 1246 4047 inquit,
1273 3965 1576 4028 suscitavit,
1606 3976 1658 4018 et
1683 3966 1838 4018 simul
1871 3967 2059 4020 sedere

492 4059 619 4113 fecit
647 4059 700 4111 in
735 4057 1044 4112 easiestibus
1077 4057 1128 4109 in
1172 4055 1389 4110 Christo
1427 4055 1571 4110 Jesu.
1611 4055 1768 4109 Certe
1822 4058 1962 4110 enim
2005 4057 2059 4111 in

492 4147 800 4203 caelestibus
825 4147 1068 4201 Christus
1107 4147 1218 4214 jam
1254 4147 1425 4210 sedet,
1457 4147 1691 4200 nondum
1724 4155 1897 4199 autem
1939 4161 2056 4214 nos,

494 4241 589 4294 sed
619 4240 742 4308 quia
770 4254 864 4306 spe
903 4248 1046 4293 certa
1077 4238 1216 4307 quod
1257 4238 1490 4291 futurum
1536 4251 1615 4292 est
1646 4239 1753 4307 jam
1793 4248 2058 4305 tenemus,

2138 1872 2428 1942 quodcum
2468 1874 2578 1942 jam
2620 1889 2722 1929 non
2764 1883 2983 1929 noverat
3029 1875 3319 1930 secundum
3357 1881 3586 1940 carnem,
3635 1873 3682 1926 in

2135 1966 2286 2032 cujus
2339 1980 2564 2044 corpore
2614 1965 2775 2021 etiam
2831 1981 2900 2047 re.
2938 1966 3050 2035 ipsa
3104 1967 3211 2033 ia‘m
3249 1965 3542 2035 perfecto
3581 1974 3686 2019 erat

2137 2055 2275 2123 quod
2303 2054 2380 2109 illi
2408 2057 2457 2109 in
2482 2069 2577 2120 spe
2605 2058 2922 2124 promissum
2951 2057 3237 2112 tenebant?

2709 2185 2935 2242 CAPUT
2973 2188 3132 2241 ωἰι.

2142 2271 2220 2327 De
2247 2291 2336 2329 sex
2353 2275 2530 2330 diebus
2558 2277 2608 2330 in
2635 2277 2817 2335 Genesi
2839 2288 2884 2330 et
2903 2277 3270 2338 utilitatibus,
3301 2275 3379 2328 ωι
3403 2274 3466 2328 de
3490 2276 3688 2343 ωιλαμ

2214 2346 2346 2413 facta
2374 2347 2553 2408 κλωνί
2587 2347 2742 2400 (atm-
2782 2349 3107 2406 rlnrmientir.
3155 2361 3219 2400 ea:
3257 2345 3387 2398 libro
3430 2359 3494 2398 ιιι
3524 2353 3686 2396 contra

2212 2413 2485 2471 Faustum.

2215 2520 2320 2578 Sex
2357 2523 2543 2578 diebus
2576 2525 2633 2579 in
2674 2526 2866 2580 Genesi
2911 2517 3311 2581 consummavit‘
3337 2525 3476 2578 Deus
3526 2521 3687 2576 omnia

2146 2624 2311 2680 opera
2338 2627 2456 2677 sua,
2481 2623 2534 2668 et
2561 2617 2791 2684 septimo
2823 2614 3098 2684 requievit.
3123 2615 3228 2670 Sex
3259 2614 3500 2670 aetatibus
3522 2613 3689 2668 huma-

2146 2715 2273 2755 num
2304 2715 2471 2772 genus
2501 2703 2552 2758 in
2599 2705 2700 2760 hoc
2728 2705 2925 2760 szecuio
2963 2721 3058 2774 per
3100 2704 3466 2758 successiones
3499 2713 3688 2769 tempo-

2148 2807 2264 2846 rum
2292 2794 2382 2848 Dei
2407 2807 2566 2863 opera
2587 2797 2891 2867 insigniunt.
2913 2797 3141 2863 Quarum
3172 2794 3340 2864 prima
3357 2806 3440 2849 est
3459 2795 3520 2847 ab
3537 2792 3689 2848 Adam

2150 2899 2314 2954 usque
2340 2887 2404 2940 ad
2435 2887 2577 2954 Noe;
2609 2891 2839 2944 secunda
2863 2905 2890 2942 a
2936 2889 3048 2944 Noe
3089 2903 3254 2957 usque
3306 2886 3371 2942 ad
3414 2887 3688 2949 Abraham;

2151 2977 2306 3029 tertia
2336 2975 2403 3030 ab
2433 2977 2697 3032 Abraham
2721 2993 2888 3048 usque
2914 2980 2979 3032 ad
3016 2978 3210 3042 David;
3255 2988 3441 3046 quarta
3476 2991 3503 3028 a
3541 2975 3690 3030 David

2149 3079 2320 3134 usque
2347 3066 2412 3120 ad
2459 3068 2975 3134 transmigratiouem
3017 3066 3319 3136 Babylonia:
3370 3066 3444 3137 [in
3485 3064 3689 3134 Babylo-

2152 3155 2349 3228 niam];
2379 3159 2560 3227 quinta
2590 3159 2784 3214 deinde
2825 3173 2990 3227 usque
3023 3158 3089 3212 ad
3136 3154 3390 3212 humilem
3429 3155 3689 3210 adventum

2152 3247 2360 3320 Domini
2392 3251 2562 3303 nostri
2592 3249 2715 3304 Jesu
2756 3248 2988 3312 Christi;
3035 3257 3180 3302 sexta
3213 3262 3330 3316 quas
3377 3259 3510 3300 nunc
3538 3247 3690 3315 agitur

2152 3337 2321 3391 donec
2359 3336 2613 3392 Excelsns
2653 3340 2829 3392 veniat
2873 3333 2938 3391 ad
2987 3337 3266 3406 judicium.
3309 3335 3534 3403 Septima
3575 3347 3688 3388 vero

2153 3428 2462 3498 intelligitur
2487 3429 2539 3482 in
2563 3429 2745 3497 requie
2771 3430 3070 3481 sanctorum
3101 3444 3205 3480 non
3235 3428 3284 3480 in
3321 3427 3417 3480 hac
3453 3426 3578 3486 vita,
3607 3423 3688 3476 sed

2154 3516 2206 3570 in
2231 3519 2352 3584 alia,
2377 3520 2464 3572 ubi
2507 3519 2641 3572 vidit
2679 3518 3094 3587 requieséentem
3131 3533 3415 3587 pauperem
3444 3516 3584 3569 dives
3613 3514 3689 3567 ille

2154 3620 2273 3659 cum
2301 3607 2439 3674 apud
2469 3606 2666 3661 inferos
2707 3615 3061 3674 torqueretur,
3095 3606 3180 3659 ubi
3214 3622 3317 3658 non
3360 3605 3417 3658 ﬁt
3454 3616 3682 3670 vespera.

2156 3697 2280 3765 quia
2313 3698 2487 3751 nullus
2513 3697 2586 3751 ibi
2614 3713 2787 3751 rerum
2817 3698 3057 3751 defectus
3085 3705 3184 3750 est.
3216 3697 3377 3751 Sexto
3414 3695 3497 3749 die
3525 3695 3570 3748 in
3599 3693 3688 3747 Ge-

2157 3789 2270 3843 nesi
2306 3789 2563 3842 formatur
2591 3789 2748 3842 homo
2783 3797 2846 3841 ad
2883 3789 3161 3857 imaginem
3211 3787 3340 3842 Dei:
3369 3796 3512 3842 sexta
3552 3791 3690 3838 artato

2157 3879 2337 3934 smculi
2369 3881 2740 3935 manifestatur
2776 3882 3080 3935 reformatio
3123 3889 3335 3946 nostra,
3374 3880 3426 3932 in
3477 3879 3688 3934 novitate

2159 3968 2349 4023 mentis
2385 3969 2674 4023 secundum
2717 3969 2996 4037 imaginem
3042 3969 3157 4037 ejus
3206 3970 3297 4037 qui
3348 3971 3543 4023 creavit
3584 3979 3684 4027 nos,

2159 4058 2297 4111 sicut
2324 4057 2452 4112 dicit
2481 4059 2786 4125 Apostolus.
2828 4059 2907 4111 Fit
2942 4059 3053 4110 viro
3086 4059 3382 4112 dormiente
3415 4060 3592 4123 conjux
3631 4053 3687 4107 de

2163 4150 2348 4213 latere,
2382 4152 2437 4201 lit
2468 4149 2675 4202 Christo
2716 4150 2971 4203 moriente
3011 4149 3248 4202 Ecclesia
3286 4149 3352 4202 de
3385 4155 3687 4202 sacramento

2162 4238 2452 4306 sanguinis,
2490 4239 2577 4305 qui
2619 4238 2684 4290 de
2728 4239 2889 4291 latere
2933 4238 3126 4292 mortui
3177 4234 3444 4305 proﬂuxit.
3490 4235 3686 4286 Vocatur

495 4331 655 4384 simul
682 4329 872 4386 sedere
902 4343 1000 4383 nos
1023 4329 1156 4382 dixit
1182 4329 1232 4381 in
1265 4328 1587 4391 cielestihus,
1622 4329 1852 4382 nondum
1885 4329 1937 4381 in
1968 4346 2063 4379 nn-
2164 4329 2271 4382 Eva
2304 4331 2429 4393 vita,
2463 4339 2630 4382 mater
2651 4331 2910 4392 vivorum,
2936 4345 3051 4396 qua:
3077 4331 3142 4381 de
3172 4330 3269 4380 viri
3293 4327 3370 4380 sui
3404 4323 3682 4379 latet-clm:

497 4421 601 4485 his,
631 4420 727 4479 sed
760 4420 870 4488 jam
903 4421 954 4473 in
984 4419 1074 4472 illo
1104 4435 1119 4470 :
1151 4432 1375 4485 namque
1414 4432 1479 4470 ne
1525 4427 1736 4484 putares
1771 4411 1875 4484 jam
1923 4433 2062 4472 nunc

2165 4431 2276 4486 est;
2320 4429 2374 4474 et
2425 4421 2552 4473 dicit
2597 4420 2849 4475 Dominus
2886 4419 2937 4472 in
2983 4421 3304 4487 Evangelio:
3351 4420 3407 4473 Si
3455 4419 3563 4485 quis
3597 4426 3686 4466 non

498 4525 617 4565 esse
647 4511 939 4580 perfectum
973 4508 1114 4579 quod
1141 4511 1192 4562 in
1223 4524 1318 4574 spe
1344 4510 1413 4561 ita
1438 4508 1629 4560 dicitur
1658 4519 1903 4576 tanquam
1935 4523 2059 4576 per-
2089 4480 2142 4539 υ
2165 4512 2558 4566 mamlucaverit
2596 4525 2807 4565 carnem
2859 4525 3028 4564 meam
3071 4520 3127 4565 et
3170 4509 3364 4562 biberit
3412 4506 3683 4568 sanguinem

502 4600 693 4653 fectum
721 4601 810 4662 sit,
834 4608 993 4668 atque
1024 4609 1080 4652 ut
1110 4598 1377 4666 intelligas
1407 4596 1579 4650 adhuc
1609 4597 1857 4658 futurum,
1882 4598 2062 4664 sequi-

502 4698 588 4742 tur
618 4700 670 4742 et
700 4689 866 4743 dicit:
896 4690 962 4744 Ut
1001 4691 1302 4743 ostenderet
1331 4688 1381 4740 in
1423 4687 1915 4754 supervenientibus
1958 4703 2064 4742 sa:-

502 4781 637 4835 culis
660 4781 1147 4848 superabundaan
1169 4779 1380 4833 divitias
1406 4778 1589 4847 gratim.
1610 4792 1738 4838 suae,
1759 4779 1808 4830 in
1834 4779 2057 4832 veritate

505 4869 879 4941 [benignitate]
901 4885 1057 4938 super
1089 4885 1207 4936 nos,
1238 4871 1289 4924 in
1316 4869 1528 4922 Christo
1557 4867 1704 4922 Jesu.
1733 4867 1867 4920 llinc
1903 4875 1984 4921 est
2011 4874 2069 4920 et

2164 4617 2372 4663 meum,
2427 4616 2532 4653 non
2583 4598 2796 4652 habebit
2849 4600 2898 4650 in
2949 4613 3009 4651 se
3054 4596 3234 4659 vitam,
3282 4608 3335 4650 et
3385 4597 3550 4649 omnia
3587 4601 3686 4657 qua:

2165 4694 2274 4748 illic
2305 4693 2686 4761 intelliguntur,
2734 4689 3006 4744 enucleate
3038 4687 3444 4756 minutatimque
3475 4691 3683 4738 tractata,

2166 4783 2435 4836 Chrismm
2469 4791 2523 4836 et
2560 4780 2851 4834 Ecclesium
2894 4779 3288 4845 praloquuntur
3326 4777 3438 4828 sive
3477 4774 3523 4825 in
3562 4766 3686 4822 bonis

2167 4874 2486 4928 Christianis
2513 4873 2628 4925 sive
2657 4872 2708 4925 in
2741 4869 2912 4923 malis.
2951 4869 3130 4936 Neque
3175 4865 3319 4920 enim
3360 4867 3544 4918 frustra
3578 4856 3688 4912 dixit

505 4961 633 5016 illud
663 4978 676 5013 :
705 4959 836 5013 Cum
870 4961 1012 5013 enim
1042 4974 1282 5014 essemus
1324 4959 1378 5012 in
1418 4973 1599 5023 carne,
1633 4960 1906 5025 passiones
1946 4971 2070 5024 pec-

502 5063 744 5106 catorum
775 5065 892 5121 qua:
924 5066 1017 5118 per
1047 5050 1215 5120 legem
1241 5061 1369 5104 sunt
1408 5050 1763 5118 operabantur
1811 5050 1865 5102 in
1900 5064 2068 5102 mem-

508 5143 618 5196 bris
647 5142 846 5196 nostris
871 5151 924 5193 ut
956 5142 1180 5193 fructum
1207 5140 1408 5194 ferrent
1432 5141 1614 5196 morti.
1644 5139 1713 5192 lta
1744 5140 1884 5193 enim
1914 5140 2066 5205 dixit,

504 5249 625 5286 cum
654 5247 892 5286 essemus
925 5231 974 5284 in
1000 5245 1182 5297 carne,
1207 5231 1352 5297 quasi
1369 5229 1479 5297 jam
1505 5244 1610 5284 non
1639 5239 1779 5284 esset
1806 5230 1858 5281 in
1885 5244 2061 5294 carne,

507 5323 647 5400 quod
671 5325 741 5377 ita
766 5323 1102 5390 intelligitur:
1125 5320 1254 5374 Cutn
1277 5335 1517 5374 essemus
1546 5320 1596 5374 in
1629 5335 1723 5386 spe
1749 5315 1923 5374 rerum
1947 5335 2065 5374 car-

507 5418 724 5480 nalium,
759 5413 1076 5485 quandoilex
1100 5427 1218 5480 qua:
1247 5410 1452 5478 impleri
1485 5425 1587 5463 non
1618 5419 1787 5478 potest
1817 5411 1917 5463 nisi
1967 5425 2062 5479 per

507 5482 823 5561 charitatetn
866 5505 1156 5573 spiritalem
1206 5505 1269 5555 ad
1316 5504 1417 5554 hoc
1464 5515 1622 5568 super
1662 5516 1753 5554 eos
1798 5511 1933 5565 erat,
1973 5518 2064 5568 per
2174 5518 2275 5556 non
2301 5505 2532 5570 rapinam
2561 5500 2846 5554 arbitratus
2875 5508 3102 5551 estesse
3131 5493 3348 5564 mqualis
3377 5482 3683 5574 Deo.me

515 5597 1001 5665 prmvaricationem
1039 5606 1097 5650 ut
1140 5595 1430 5648 abundaret
1461 5593 1736 5656 delictum,
1769 5606 1825 5648 ut
1866 5604 2071 5663 postea,
2173 5595 2450 5660 tnetipsum
2482 5589 2775 5646 exinanivit
2809 5587 3030 5641 formam
3072 5584 3211 5639 servi
3259 5580 3512 5650 accipiens
3533 5566 3684 5666 .3611:

515 5663 748 5744 revelato
772 5688 920 5745 Novo
947 5689 1315 5756 Testamento,
1351 5700 1446 5756 per
1478 5686 1855 5757 indulgentiam
1887 5701 2074 5757 super-
2170 5686 2346 5758 quisse
2385 5686 2543 5740 ctiatu
2576 5691 2796 5737 matrem
2841 5691 3158 5750 synagogam
3209 5673 3498 5731 .ludzcorum
3538 5663 3680 5717 Volt“

2173 4964 2500 5032 Apostolus:
2555 4963 2720 5016 Adam
2776 4962 2862 5030 qui
2903 4970 2985 5014 est
3023 4960 3191 5012 forma
3230 4957 3411 5018 futuri,
3455 4965 3508 5008 ut
3557 4947 3685 5006 illud.

2173 5054 2451 5122 Relinquat
2478 5054 2635 5107 homo
2659 5059 2855 5119 patrem
2879 5061 2929 5104 et
2954 5057 3173 5102 matrem
3196 5056 3250 5100 et
3269 5043 3551 5099 adhaerebit
3566 5033 3685 5092 uxori

2171 5156 2300 5203 suas,
2329 5151 2380 5194 et
2409 5149 2564 5195 erunt
2596 5141 2700 5193 duo
2729 5141 2778 5192 in
2810 5153 2968 5192 carne
2998 5150 3119 5190 una.
3157 5133 3547 5187 Sacramentum
3587 5126 3684 5180 hoc.

2162 5231 2360 5298 inquit,
2394 5244 2638 5299 magnum
2664 5238 2777 5290 est;
2809 5242 2905 5295 ego
2929 5237 3101 5278 autem
3126 5224 3325 5277 dicojn
3356 5221 3558 5274 Christo
3577 5221 3622 5266 et
3642 5208 3685 5261 in

2173 5322 2448 5384 Ecclesia;
2503 5320 2621 5387 quis
2665 5319 2804 5370 etiim
2859 5333 2961 5370 non
3011 5324 3297 5382 cognoscat
3343 5309 3591 5366 Christum
3631 5311 3685 5352 eo

2174 5412 2330 5465 modo
2361 5410 2635 5478 reliquisse
2659 5409 2888 5470 Patrem,
2915 5406 3000 5477 qui
3024 5419 3142 5457 cum
3171 5403 3224 5455 in
3255 5396 3683 5454 forma'Deieudy
