3886 6224
107 282 215 345 ω»

1337 296 1649 355 'I'IIESAUII
1659 295 1765 356 US.
1790 293 1944 354 CAP.
1974 294 2156 356 LVIII.

3242 301 3349 358 670

108 400 455 466 Testamento
515 409 799 467 carnaliter
845 410 1218 479 inhaerentem,
1270 421 1324 468 et
1387 413 1749 473 adhcsissus
1780 409 1880 465 scit
1897 417 1954 466 et
1974 408 2212 466 ostendit
2229 406 2496 476 Ecclesia,
2517 409 2774 479 quoniam
2803 411 3224 471 occiso-Christo
3251 415 3349 469 ad-

105 493 260 548 amri
301 509 414 552 suae
459 508 657 554 sancta:
703 500 1000 561 Ecclesiae.-
1033 511 1092 557 ut
1135 516 1263 570 pace
1305 501 1439 556 Novi
1483 502 1675 557 Testa-

107 583 274 640 tuenti
303 599 486 643 essent
514 588 618 642 duo
647 589 700 642 in
746 604 906 646 carne
935 607 1059 645 una.
1093 592 1222 658 Quia
1261 606 1381 645 cum
1422 591 1494 646 sit
1538 591 1678 644 Deus

103 674 246 743 apud
277 677 490 732 Patrem
527 694 618 745 per
642 695 801 749 quem
844 681 965 736 facti
1010 697 1214 748 sumus,
1254 681 1426 738 factus
1456 692 1540 736 est
1583 696 1679 750 per

105 778 324 819 carnem
352 767 621 837 particeps
649 771 838 837 nosui,
862 781 918 824 ut
947 773 1090 828 illius
1119 775 1310 842 capitis
1335 789 1530 843 corpus
1557 787 1676 829 esse

107 868 318 924 possem
326 871 409 913 us.

674 991 901 1048 CAPUT
943 992 1114 1048 LVIII.

108 1094 411 1174 Quedgnin
449 1109 502 1174 et
543 1101 665 1174 Abel
707 1103 836 1155 duos
877 1105 1089 1174 populos
1121 1106 1466 1174 ﬁguraverint,
1500 1117 1546 1160 et
1589 1110 1678 1173 qui

174 1169 418 1240 occiderit
463 1169 590 1223 Cain
651 1183 838 1240 septem
878 1169 1404 1240 'eiiidictas'cxsofvet
1436 1169 1462 1240 ;’
1492 1180 1566 1232 vel
1603 1169 1678 1233 'de

175 1237 325 1306 signa
345 1240 482 1311 qa_t_od
513 1242 681 1307 posuit
707 1237 842 1295 Deus
862 1244 915 1296 in
945 1239 1072 1298 Cain
1097 1261 1115 1311 ;
1151 1262 1213 1299 ea:
1243 1248 1414 1300 eodem
1436 1237 1576 1302 libro
1601 1264 1675 1303 xu

173 1316 354 1362 contra
379 1307 652 1364 Faustum.

179 1415 367 1485 Itaque
395 1418 656 1472 occiditur
680 1419 809 1474 Abel
844 1422 1017 1476 minor
1050 1434 1171 1476 natu
1202 1439 1231 1476 a
1262 1424 1428 1481 fratre
1473 1427 1675 1495 majore

111 1513 234 1559 natu
259 1522 273 1559 :
304 1507 566 1563 occiditur
585 1509 849 1578 Christus,
879 1521 1034 1579 caput
1065 1514 1243 1581 populi
1273 1516 1490 1569 minoris
1527 1526 1673 1582 natu,

109 1609 136 1647 a
165 1596 363 1663 popqu
384 1596 689 1652 Iudaeorum
723 1599 922 1667 majore
947 1612 1092 1655 natu.
1123 1604 1214 1658 Ille
1243 1604 1295 1658 in
1319 1619 1539 1673 campo,
1572 1609 1673 1661 iste

110 1685 160 1738 in
188 1685 449 1740 Calvarizc
471 1686 608 1740 loco.
635 1687 926 1756 Interrogat
955 1690 1091 1746 Deus
1112 1690 1264 1757 Cain,
1293 1709 1397 1746 non
1425 1703 1670 1761 tanquam

1780 499 1885 553 huc
1928 511 2182 568 operatur
2224 508 2491 556 terrenam
2536 503 3029 572 circumcisionern,
3076 515 3348 575 terrenum

1780 591 2096 656 sabbatum,
2123 601 2389 646 terrenum
2437 606 2678 663 axymum
2714 634 2734 659 ,
2787 603 3057 658 terrenum
3113 577 3346 664 pascha,

1778 696 1899 752 qua
1929 680 2102 738 omnis
2131 691 2339 737 terrena
2367 683 2603 746 operatio
2626 682 2783 737 habet
2805 685 3066 739 occultam
3095 686 3344 739 virtutem

1779 771 2143 840 intelligenda:
2172 772 2355 840 gratia:
2405 773 2638 837 Christi,
2669 788 2786 842 qua:
2817 788 2924 828 non
2951 776 3106 829 datur
3145 775 3346 829 ludatis

1778 861 1832 930 in
1882 863 2151 930 impietate
2195 871 2250 915 et
2296 860 2609 919 inﬁdelitate
2666 863 3166 930 perseverantibus,
3219 865 3345 932 quia

1781 950 1932 1006 Novo
1960 950 2304 1005 Testamento
2331 952 2561 1007 revelata
2591 962 2704 1016 est,
2733 963 2786 1005 et
2812 967 2916 1006 non
2949 954 3344 1024 transeuntibus

1777 1044 1842 1115 ad
1872 1043 2184 1098 Dominum:
2221 1059 2322 1096 non
2353 1044 2431 1098 eis
2452 1043 2694 1097 aufertur
2721 1042 3069 1119 [auferretur]
3100 1044 3344 1099 velamen

1777 1136 1919 1207 quod
1949 1137 2002 1190 in
2044 1136 2272 1192 lectione
2309 1136 2516 1191 Veteris
2544 1137 2866 1192 Testatnenti
2901 1148 3110 1204 manet,
3139 1140 3258 1206 quia
3289 1139 3342 1192 in

1778 1229 1896 1284 solo
1911 1229 2123 1284 Christo
2148 1239 2453 1295 evacuatur,
2486 1244 2588 1284 non
2620 1228 2730 1298 ipsa
2747 1231 2902 1284 lectio
2925 1230 3131 1285 Veteris
3156 1230 3315 1284 Testa
3326 1258 3346 1280 ι.

1777 1323 1940 1378 menti
1979 1339 2097 1392 qua:
2129 1323 2287 1377 habet
2318 1323 2681 1377 absconditam
2734 1323 2981 1377 virtutem
3006 1362 3023 1386 ,
3070 1323 3164 1377 sed
3198 1323 3344 1376 vela-

1746 1452 1752 1457 -
1778 1430 1899 1468 men
1938 1413 2043 1491 quo
2070 1415 2440 1480 absconditur.
2483 1415 2633 1470 Unde
2662 1414 2872 1469 Christo
2903 1415 2954 1468 in
2975 1431 3132 1469 cruce
3161 1429 3340 1484 passo,

1777 1503 1954 1558 velum
1988 1505 2169 1572 templi
2199 1503 2526 1558 conscissum
2563 1514 2666 1569 est,
2695 1515 2752 1557 ut
2783 1519 2876 1572 per
2909 1505 3104 1559 Christi
3139 1505 3340 1570 passio-

1777 1611 1896 1652 nctn
1931 1596 2238 1650 revelentur
2266 1606 2469 1649 secreta
2502 1599 2952 1650 sacramentorum
2983 1597 3253 1657 fidelibus,
3277 1596 3340 1650 ad

1777 1687 2066 1741 bibendum
2094 1687 2210 1755 ejus
2257 1687 2566 1755 sanguinein
2599 1703 2692 1742 ore
2720 1699 2903 1755 aperto
2934 1689 2984 1742 in
3007 1687 3342 1743 confessione

109 1776 363 1846 Ignorans
383 1793 506 1832 eum
539 1793 566 1831 a
595 1793 702 1847 quo
728 1779 916 1845 discat,
944 1783 1036 1835 sed
1067 1791 1310 1852 tanquam
1339 1785 1497 1852 judex
1523 1800 1670 1839 reum
1704 1773 1750 1832 B
1780 1777 2204 1831 transeuntibus.
2277 1776 2561 1844 Propterea
2615 1777 2840 1846 pepnlus
2885 1777 2974 1840 ille
3017 1779 3157 1830 sicut
3209 1776 3340 1831 Cain

111 1881 267 1934 quem
317 1870 522 1935 puniat,
567 1871 657 1923 ubi
705 1871 774 1924 sit
829 1870 992 1926 frater
1041 1872 1176 1940 ejus.
1237 1873 1528 1941 Respondit
1583 1876 1673 1931 ille

119 1957 324 2011 nescire
354 1973 434 2022 se,
463 1972 562 2014 nec
585 1960 699 2028 ejus
728 1974 846 2016 esse
878 1976 934 2017 se
971 1963 1263 2018 custodem.
1297 1965 1472 2034 Usque
1500 1967 1676 2021 adhuc

110 2047 231 2112 quid
262 2048 417 2102 nobis
447 2051 768 2117 respondent
793 2051 983 2118 Judzsi,
1010 2067 1126 2107 cum
1160 2068 1252 2109 eos
1279 2055 1368 2109 Dei
1402 2070 1550 2121 voce,
1573 2056 1672 2111 hoc

114 2147 191 2191 est
234 2148 537 2193 sanctarum
567 2140 959 2208 Scripturarum
1006 2151 1136 2198 voce
1178 2146 1564 2215 interrogamus
1606 2147 1674 2200 de

111 2225 352 2292 Christo,
395 2229 500 2282 nisi
552 2230 762 2284 nescire
799 2244 856 2285 se
897 2229 1163 2285 Christum
1213 2248 1368 2301 quem
1413 2235 1672 2289 dicimus?

115 2315 294 2370 Fallax
325 2319 464 2373 enim
491 2317 620 2374 Cain
654 2320 911 2388 ignoratio
956 2320 1262 2376 Iudaeorum
1305 2333 1384 2378 est
1410 2324 1542 2385 falsa
1569 2341 1663 2380 ne-

115 2408 288 2475 gatio;
317 2417 496 2462 essent
525 2419 702 2462 autem
728 2410 824 2478 ipsi
852 2411 1242 2478 quodammodo
1268 2411 1462 2470 Christi
1496 2425 1676 2470 custo-

115 2500 296 2564 des,rsi
323 2499 677 2554 Christianam
711 2501 867 2555 ﬁdem
894 2503 1138 2571 accipere
1164 2515 1216 2561 et
1266 2506 1534 2561 cusmdire
1581 2523 1678 2562 vo-

114 2591 346 2647 luissent.
391 2593 521 2646 Nam
553 2594 642 2662 qui
671 2579 902 2647 custodit
938 2595 988 2647 in
1027 2596 1188 2650 corde
1232 2611 1330 2650 suo
1371 2597 1667 2661 Christum,

116 2697 216 2736 non
237 2683 358 2738 dicit
393 2683 539 2753 quod
557 2683 684 2737 Cain
709 2701 723 2737 :
754 2684 994 2752 Nunquid
1021 2701 1120 2755 ego
1149 2697 1326 2756 custos
1352 2701 1469 2741 sum
1493 2688 1672 2742 fratris

115 2772 247 2828 mei?
276 2773 410 2827 Dicit
431 2773 661 2828 Deus~ad
683 2772 812 2829 Cain
834 2792 850 2828 :
876 2775 1013 2842 Quid
1036 2775 1244 2830 fecisti?
1268 2776 1380 2837 Yox
1400 2779 1674 2847 sanguinis

116 2865 290 2919 fratris
318 2865 389 2920 tui
422 2866 616 2922 clamat
640 2867 705 2921 ad
733 2882 818 2922 me
839 2867 906 2922 de
936 2876 1096 2923 terra.
1143 2868 1231 2923 Sic
1253 2873 1421 2940 arguit
1449 2873 1500 2925 in
1531 2871 1673 2926 Seri-

116 2957 279 3022 pturis
307 2957 506 3012 sanctis
527 2973 628 3011 vox
671 2958 846 3012 divina
895 2960 1132 3017 Iudzeos.
1164 2961 1330 3016 Habet
1373 2963 1516 3017 enim
1561 2976 1690 3016 πη·-

116 3063 264 3116 gnam
292 3063 474 3104 vocem
508 3048 702 3104 Christi
739 3048 953 3120 sanguis
990 3050 1043 3105 in
1081 3060 1385 3118 terra,cunt
1421 3069 1486 3108 eo
1519 3069 1670 3108 acce-

1775 1867 1946 1920 adhuc
1972 1856 2225 1933 operatur
2274 1873 2469 1919 terram
2496 1905 2510 1929 ,
2543 1866 2716 1920 adhuc
2745 1874 2960 1922 exercet
2979 1867 3340 1934 operationem

1777 1956 1907 2027 legis
1933 1957 2242 2019 carnaliter,
2273 1972 2388 2024 qua:
2422 1974 2524 2010 non
2554 1958 2602 2011 ei
2627 1957 2716 2010 dat
2745 1960 2992 2010 virtutem
3023 1971 3192 2022 suam,
3215 1959 3339 2024 quia

1780 2047 1832 2100 in
1860 2061 1923 2102 ea
1955 2062 2061 2101 non
2106 2047 2354 2115 intelligit
2380 2046 2603 2114 gratiam
2646 2047 2873 2111 Christi;
2903 2054 3179 2113 propterea
3203 2058 3258 2102 et
3285 2048 3338 2100 itt

1776 2137 1886 2206 ipsa
1915 2147 2053 2192 terra
2082 2152 2237 2206 quam
2259 2135 2500 2190 Christus
2531 2135 2775 2203 portavit,
2797 2136 2844 2189 id
2869 2144 2952 2190 est
2972 2137 3023 2190 in
3046 2135 3160 2206 ejus
3181 2151 3344 2190 carne

1776 2229 1875 2297 ipsi
1907 2231 2110 2298 operati
2139 2238 2260 2282 sunt
2283 2229 2506 2280 salutem
2539 2237 2774 2280 nostram
2805 2226 3164 2296 cruciﬁgendo
3186 2227 3342 2281 Chri-

1775 2328 1918 2378 stum
1944 2360 1961 2386 ,
1992 2321 2078 2386 qui
2131 2327 2372 2372 mOrtuus
2412 2329 2494 2372 est
2533 2327 2748 2388 propter
2777 2318 2967 2372 delicta
2999 2324 3199 2371 nostra.
3231 2317 3339 2371 Nec

1773 2417 1852 2471 eis
1876 2416 2020 2470 dedit
2043 2416 2226 2470 eadem
2259 2426 2395 2469 terra
2424 2413 2672 2468 virtutem
2706 2429 2877 2480 suam,
2903 2413 3025 2483 quia
3051 2427 3155 2466 non
3180 2411 3338 2478 justi-

1774 2508 1913 2562 ﬁcati
1945 2516 2072 2562 sunt
2100 2510 2300 2575 virtute
2327 2509 2728 2563 resurrectionis
2758 2509 2895 2577 ejus,
2921 2509 3010 2576 qui
3052 2503 3341 2561 resurretit

1776 2609 1990 2667 propter
2016 2598 2451 2666 justiticationem
2483 2607 2738 2652 nostram.
2773 2599 2901 2663 Quia
2925 2597 3024 2654 etsi
3053 2596 3340 2651 cruciﬁxus

1772 2697 1856 2742 est
1886 2690 1936 2743 in
1969 2689 2297 2756 inﬁrmitate,
2328 2690 2419 2744 sed
2450 2689 2585 2743 vivit
2611 2689 2663 2744 in
2695 2690 2888 2743 virtute
2912 2688 3026 2752 Dei,
3053 2689 3189 2742 sicut
3217 2686 3338 2743 dicit

1775 2779 2085 2848 Apostolus.
2112 2780 2235 2833 llrc
2263 2794 2391 2848 ergo
2417 2790 2498 2834 est
2524 2781 2688 2833 virtus
2709 2789 2863 2835 terra:
2884 2779 3025 2833 illius
3045 2793 3202 2847 quam
3235 2792 3340 2830 non

1782 2871 2019 2924 ostendit
2061 2870 2240 2936 impiis
2288 2880 2342 2924 et
2389 2870 2703 2935 incredulis,
2736 2871 2876 2924 unde
2918 2882 3018 2924 nec
3059 2881 3341 2935 resurgens

1769 2961 1852 3024 eis
1876 2975 1907 3014 a
1932 2961 2125 3030 quibus
2155 2969 2272 3016 erat
2296 2962 2582 3016 cruciﬁxus
2607 2963 2853 3029 apparuit
2876 3001 2890 3024 ,
2925 2971 3174 3029 tanquam
3207 2958 3338 3014 Cain

1774 3052 2013 3130 operanti
2043 3063 2272 3119 terram,
2317 3064 2374 3108 ut
2410 3068 2629 3123 granum
2669 3048 2797 3109 illud
2821 3055 3196 3120 seminaretur,
3232 3068 3338 3106 non

118 3149 202 3206 pto
228 3139 294 3192 ab
321 3140 567 3194 omnibus
584 3140 836 3208 gentibus
861 3143 1212 3209 respondetur
1232 3145 1425 3198 Amen.
1453 3145 1574 3199 llaec
1589 3155 1671 3199 est
1696 3129 1742 3191 C
1771 3142 2060 3197 ostendens
2087 3143 2276 3198 eadem
2325 3151 2462 3198 terra
2493 3144 2719 3197 fructum
2772 3143 2988 3196 virtutis
3029 3157 3161 3197 sua.
3191 3142 3339 3208 Quo-

117 3230 254 3283 clara
308 3245 412 3283 vox
466 3232 762 3298 sanguinis,
799 3247 957 3300 quam
1008 3235 1223 3303 sanguis
1265 3237 1378 3303 ipse
1417 3237 1674 3305 exprimit

122 3334 181 3373 ex
208 3336 297 3374 ore
326 3320 560 3376 ﬁdelium
584 3325 772 3378 eodem
803 3326 1062 3392 sanguine
1088 3327 1501 3395 redemptorum.
1535 3329 1672 3382 Dicit

120 3409 249 3465 Deus
276 3413 339 3468 ad
370 3413 530 3466 Cain:
565 3415 629 3468 Et
657 3429 798 3468 nunc
839 3417 1153 3470 maledicttts
1196 3427 1250 3470 tu
1290 3433 1318 3470 a
1363 3429 1501 3480 terra
1551 3435 1673 3488 qua

126 3507 321 3572 aperuit
346 3521 406 3560 os
446 3521 600 3559 suum
652 3507 891 3576 accipere
929 3511 1235 3579 sanguinem
1277 3512 1454 3565 fratris
1491 3513 1565 3567 tui
1605 3513 1672 3568 de

120 3606 267 3646 manu
291 3604 396 3658 tua,
427 3597 676 3662 quoniam
706 3598 1014 3664 operaberis
1045 3609 1268 3665 terram,
1303 3611 1357 3654 et
1388 3617 1490 3655 non
1533 3601 1669 3670 adji-

121 3685 218 3736 ciet
241 3686 489 3740 virtutem
520 3701 671 3740 suam
696 3687 823 3741 dare
852 3689 976 3741 tibi:
1001 3705 1216 3757 gemens
1240 3702 1290 3744 et
1310 3703 1541 3745 tremens
1563 3693 1670 3750 eris

121 3772 166 3824 iu
197 3783 353 3828 terra.
386 3776 500 3830 Non
543 3776 676 3829 dixit
705 3777 979 3832 maledicta
1021 3787 1179 3841 terra,
1226 3781 1319 3833 sed
1359 3781 1672 3834 maledietns

123 3870 172 3912 tu
193 3876 220 3914 a
251 3873 409 3929 terra,
438 3881 556 3933 quae
586 3868 794 3932 aperuit
820 3881 879 3919 os
912 3882 1060 3921 suum
1107 3871 1348 3935 excipere
1380 3869 1670 3940 [accipere]

122 3954 414 4020 sanguinem
447 3955 627 4010 fratris
661 3956 734 4009 tui
761 3958 825 4010 de
856 3972 1012 4010 manu
1047 3968 1154 4012 tua.
1187 3960 1494 4013 blaledictus
1524 3963 1665 4013 enim

121 4052 194 4093 est
243 4047 463 4112 populus
517 4046 765 4101 Judaicus
819 4048 1046 4104 inﬁdelis
1095 4066 1123 4101 a
1186 4058 1343 4115 terra,
1387 4052 1436 4103 id
1478 4059 1560 4104 est
1602 4052 1670 4104 ab

123 4129 363 4202 Ecclesia,
387 4153 503 4204 quat
531 4140 738 4205 aperuit
781 4153 842 4190 os
880 4154 1032 4192 suum
1082 4141 1130 4192 in
1167 4140 1499 4193 confessione
1551 4155 1670 4205 pec-

122 4232 342 4276 catorum
395 4227 639 4294 accipere
716 4228 1024 4294 sanguinem
1100 4228 1317 4295 Chri5ti,
1385 4230 1474 4296 qui
1523 4230 1667 4282 fusus

121 4319 192 4363 est
237 4314 286 4367 in
349 4318 717 4372 remissionem
757 4328 1096 4386 peccatorum
1144 4319 1210 4372 de
1269 4334 1425 4372 manu
1488 4336 1672 4387 perse-

119 4410 318 4469 cutoris.
350 4411 580 4463 nolentis
627 4425 747 4465 esse
776 4412 873 4464 sub
916 4413 1101 4480 gratia,
1151 4413 1243 4465 sed
1288 4414 1384 4466 sub
1430 4413 1564 4480 lege,
1611 4424 1667 4466 ut

1773 3234 1914 3288 niani
1937 3235 2264 3303 operaberis,
2290 3236 2481 3304 inquit,
2509 3245 2723 3303 terram,
2740 3245 2793 3290 et
2816 3249 2921 3288 non
2943 3234 3157 3302 adjiciet
3178 3234 3340 3287 virtu-

1773 3333 1881 3378 tem
1907 3337 2054 3377 suam
2081 3324 2211 3378 dare
2240 3324 2363 3388 tibi;
2387 3339 2604 3393 gemens
2632 3333 2686 3379 ct
2713 3334 2942 3378 tremens
2967 3324 3076 3378 eris
3100 3323 3339 3377 interra.

1768 3414 1920 3469 Nunc
1947 3429 2072 3469 ecce
2102 3414 2220 3482 quis
2243 3430 2348 3469 non
2379 3415 2573 3479 videat,
2599 3415 2718 3484 quis
2737 3431 2840 3468 non
2869 3424 3120 3481 agnoscat
3145 3414 3198 3468 in
3227 3421 3336 3468 tota

1771 3513 1914 3567 terra
1943 3517 2256 3572 quacunque
2279 3504 2556 3570 dispersus
2584 3513 2664 3558 est
2694 3504 2785 3558 ille
2816 3504 3040 3570 populus
3062 3502 3338 3572 quomodo

1771 3601 1951 3662 gemat
1996 3607 2228 3647 mmrore
2274 3592 2457 3647 amissi
2488 3594 2658 3661 regni,
2685 3601 2739 3647 et
2768 3602 2960 3647 tremat
3007 3594 3198 3646 timore
3232 3593 3336 3646 sub

1776 3682 2250 3738 innumerabilibus
2304 3681 2510 3749 populis
2575 3682 2930 3735 Christianis?
2977 3681 3207 3748 Ideoque
3251 3695 3341 3736 re-

1776 3773 1989 3842 spondit
2016 3772 2144 3825 Cain
2175 3781 2229 3826 et
2255 3760 2418 3824 dixit:
2449 3771 2616 3839 Major
2640 3780 2722 3824 est
2749 3785 2907 3824 causa
2939 3786 3054 3844 utea
3075 3787 3090 3836 ;
3114 3770 3161 3824 si
3190 3771 3338 3837 t-jicis

1772 3876 1858 3915 me
1890 3860 2048 3914 hodie
2076 3875 2105 3913 a
2135 3860 2266 3914 facie
2295 3869 2473 3927 terra),
2506 3868 2560 3913 et
2587 3873 2616 3911 a
2657 3860 2790 3912 facie
2820 3869 2907 3912 tua
2933 3859 3252 3923 abscondar,
3282 3870 3340 3914 et

1769 3967 1863 4006 ero
1890 3965 2108 4019 gemens
2134 3959 2189 4004 et
2218 3959 2452 4004 tremens
2477 3964 2636 4019 super
2666 3957 2890 4014 terram,
2923 3959 2974 4003 et
3001 3951 3134 4015 erit,
3161 3950 3338 4004 omnis

1770 4041 1860 4109 qui
1884 4041 2147 4095 invenerit
2178 4054 2283 4106 me,
2310 4039 2517 4092 occidet
2543 4053 2647 4092 me.
2680 4037 2949 4094 Vereinde
2969 4038 3132 4108 gemit
3157 4049 3210 4092 et
3230 4047 3338 4094 tre-

1772 4133 1869 4185 mit
1901 4145 1968 4186 ne
1999 4169 2018 4195 ,
2047 4144 2210 4197 regno
2251 4130 2408 4183 etiam
2459 4129 2955 4198 terrenohperdtto,
3000 4129 3100 4185 ista
3139 4129 3333 4187 visibili

1772 4232 1944 4274 morte
1971 4219 2268 4273 occidatur.
2300 4217 2449 4271 Hanc
2475 4218 2604 4270 dicit
2635 4217 2890 4286 majorem
2916 4231 3152 4280 causam.
3175 4232 3334 4286 quam

1773 4315 1914 4367 illam
1942 4311 2079 4380 quod
2106 4313 2153 4366 ei
2184 4319 2323 4365 terra
2367 4325 2470 4364 non
2502 4311 2592 4364 dat
2619 4311 2863 4365 virtutem
2895 4326 3042 4365 suam
3066 4351 3084 4378 ,
3115 4325 3183 4366 ne
3223 4310 3336 4379 spi-
3393 4316 3398 4318 ⁷

1773 4407 1998 4460 ritaliter
2042 4408 2301 4461 moriatur
2360 4423 2379 4461 :
2419 4406 2706 4460 carnaliter
2737 4406 2880 4459 enim
2934 4406 3092 4472 sapit,
3138 4413 3196 4458 et
3241 4405 3337 4457 ab-

121 4511 247 4552 esset
285 4501 351 4553 ab
397 4501 635 4554 Ecclesia
671 4478 1004 4566 maledictus,
1041 4502 1090 4555 id
1129 4513 1210 4556 est
1255 4512 1310 4555 ut
1339 4519 1458 4556 cum
1485 4478 1663 4555 tintel-
1694 4478 1748 4538 Ῑ)
1771 4497 1957 4550 scondi
1984 4513 2013 4549 a
2044 4497 2176 4550 facie
2199 4497 2310 4563 Dei,
2334 4496 2385 4550 id
2411 4506 2493 4550 est
2514 4497 2710 4553 iratum
2736 4495 2932 4550 habere
2963 4495 3150 4560 Deum,
3177 4510 3338 4564 grave

118 4587 288 4657 ligeret
330 4600 382 4644 et
421 4591 726 4644 ostenderet
774 4592 1005 4644 Ecclesia
1050 4593 1422 4657 maledictum,
1456 4592 1666 4646 dicente

121 4679 354 4742 Apostnlo
396 4698 417 4732 ι
483 4680 791 4748 Quicunque
862 4683 1000 4733 enim
1075 4697 1143 4735 cx
1218 4684 1464 4748 Operibus
1530 4684 1664 4751 legis

118 4777 226 4817 sunt
280 4768 379 4820 sub
427 4768 708 4821 maledicto
736 4779 856 4821 sunt
901 4771 1053 4838 legis.
1107 4771 1303 4824 Deinde
1334 4788 1452 4825 cum
1501 4773 1666 4825 ditis-

120 4863 215 4906 set:
260 4855 569 4909 Maledictus
614 4866 665 4908 tu
711 4871 738 4908 a
771 4867 906 4910 terra
933 4875 1046 4924 qua:
1065 4863 1268 4926 aperuit
1302 4876 1361 4913 os
1390 4876 1542 4914 suum
1577 4878 1664 4916 ac-

118 4941 275 5008 cipere
307 4945 619 5014 sanguinem
649 4946 825 5013 fratris
854 4947 924 4999 tui
954 4948 1020 5000 de
1049 4964 1206 5001 manu
1235 4959 1340 5012 tua,
1370 4965 1474 5003 non
1498 4951 1660 5004 dixit:

120 5027 355 5092 Quoniam
385 5035 695 5100 cperaberis
724 5049 861 5098 eam,
883 5036 974 5089 sed
1002 5037 1103 5090 ait:
1129 5038 1384 5104 Quoniam
1408 5040 1666 5107 operabe-

119 5119 182 5168 ris
209 5130 425 5188 terram,
459 5133 512 5175 et
541 5137 644 5176 non
669 5122 881 5192 adjiciet
910 5125 1153 5179 virtutem
1189 5142 1337 5179 suam
1369 5128 1496 5183 dare
1547 5130 1662 5183 tibi.

117 5209 204 5282 47
233 5214 378 5269 Unde
408 5231 512 5268 non
538 5224 618 5269 est
649 5229 866 5269 necesse
889 5218 1126 5272 eamdem
1146 5227 1336 5272 terram
1359 5220 1679 5289 intelligere

120 5305 304 5366 cperari
331 5303 461 5357 Cain
493 5320 610 5373 qua:
657 5305 861 5372 aperuit
895 5321 1132 5367 ossuum
1164 5310 1406 5376 accipere
1443 5313 1660 5377 sangui-

121 5405 223 5448 nem
253 5394 427 5448 fratris
458 5395 524 5449 de
555 5411 714 5450 manu
745 5394 876 5465 ejus.
911 5397 1010 5451 Sed
1067 5399 1187 5452 ideo
1229 5399 1540 5452 maledictus
1581 5399 1662 5452 in—

119 5485 346 5554 Ielligitur
390 5488 458 5541 ab
511 5487 610 5541 hac
653 5497 830 5555 terra,
864 5491 1110 5558 quoniam
1158 5507 1406 5560 opera'ur
1458 5507 1657 5547 terram

116 5586 217 5639 qua
251 5591 354 5632 nun
397 5576 676 5651 [nondum]
708 5577 922 5646 adjiciet
952 5580 1196 5633 virtutem
1228 5596 1372 5633 suam
1403 5582 1529 5635 dare
1555 5584 1652 5638 illi.

120 5658 162 5715 ltl
187 5675 286 5732 est,
316 5668 438 5726 Ideo
466 5670 722 5744 populum
768 5669 1072 5730 “deorum
1127 5674 1458 5729 maledictum
1492 5691 1652 5745 agno-

1773 4602 1878 4639 non
1905 4596 2072 4655 putat.
2106 4588 2206 4640 nisi
2228 4601 2297 4640 ne
2329 4588 2623 4641 inveniatur
2642 4595 2696 4641 et
2722 4587 3012 4641 occidatur.
3039 4584 3338 4641 Carnaliter

1767 4676 1906 4728 enim
1933 4674 2071 4741 sapit
2103 4683 2348 4740 tanquam
2392 4687 2620 4742 operans
2669 4684 2863 4728 terram
2903 4675 3054 4742 cujus
3081 4675 3329 4728 virtutem

1772 4779 1875 4817 non
1924 4764 2137 4830 accipit.
2171 4762 2368 4830 Sapere
2399 4771 2574 4816 autem
2626 4763 2918 4817 secundum
2948 4778 3162 4818 carnem
3192 4778 3335 4817 mors

1768 4864 1868 4919 est,
1901 4870 2056 4923 quant
2088 4856 2176 4907 ille
2216 4869 2322 4908 non
2356 4854 2659 4922 intelligens
2681 4894 2695 4916 .
2726 4855 2927 4908 amisso
2952 4869 3115 4922 regno
3137 4857 3336 4924 gemit,

1772 4956 1826 4998 et
1847 4947 2180 5014 corporalem
2212 4955 2438 4999 mortem
2470 4945 2666 4999 tremit.
2694 4943 2800 4999 Sed
2830 4944 2954 5013 quid
2985 4945 3032 5002 ei
3062 4945 3338 5011 respondit

1775 5037 1947 5090 Deus?
1974 5037 2087 5090 Non
2125 5036 2226 5099 sic,
2261 5037 2448 5105 inquit,
2483 5036 2655 5090 omnis
2679 5036 2766 5104 qui
2797 5035 3050 5092 occiderit
3077 5035 3204 5090 Cain
3243 5052 3336 5090 se-

1771 5139 1910 5194 ptem
1936 5128 2458 5193 vindictasexsolvet,
2489 5127 2540 5180 id
2565 5136 2643 5180 est
2671 5143 2774 5181 non
2797 5113 3156 5196 sicqnomodo
3175 5127 3336 5193 dicis,

1770 5235 1873 5272 non
1905 5220 2171 5287 corporali
2215 5229 2385 5273 morte
2414 5219 2649 5274 interibit
2675 5234 2843 5288 genus
2884 5219 3102 5287 impium
3145 5233 3336 5271 carna-

1769 5311 1895 5362 liutn
1927 5308 2230 5364 .ludmorum
2264 5322 2278 5361 :
2303 5308 2603 5381 quicunque
2631 5310 2775 5381 enim
2805 5324 2900 5363 eos
2927 5311 2994 5362 ita
3017 5309 3333 5375 perdiderit,

1769 5410 1971 5465 septem
2019 5399 2276 5451 vindictas
2316 5400 2598 5464 exsolvet,
2649 5399 2699 5451 id
2748 5407 2870 5463 est,
2899 5395 3103 5452 auferet
3147 5397 3215 5451 ab
3255 5398 3335 5452 eis

1769 5501 1970 5556 septem
2004 5489 2259 5543 vindictas
2310 5490 2501 5557 quibus
2531 5490 2726 5558 alligati
2775 5498 2894 5544 sunt
2944 5499 3160 5558 prOpter
3209 5504 3333 5542 rea-

1767 5591 1874 5632 tutn
1902 5579 2065 5632 occisi
2091 5579 2330 5645 Christi,
2358 5588 2416 5633 ut
2447 5581 2549 5635 hoc
2580 5591 2689 5634 toto
2720 5589 2956 5647 tempore
2983 5580 3120 5648 quod
3152 5592 3331 5647 septe-

1766 5675 1913 5727 nario
1934 5672 2139 5727 dierum
2168 5686 2393 5727 numero
2417 5671 2645 5727 volvitur
2663 5711 2678 5738 ,
2702 5671 2869 5740 magis
2891 5671 3012 5740 quia
3036 5685 3138 5722 nun
3167 5671 3326 5724 inter-
