3886 6224
479 302 575 355 6⁸11

1540 296 1600 351 ι).
1627 294 1943 351 suavem
1975 251 2260 350 annuis
2290 293 2612 351 armum

3614 298 3711 352 672

477 419 517 471 it
561 434 688 483 cens
720 417 930 482 Jutla-a,
958 416 1085 469 satis
1128 422 1377 483 appareat
1426 412 1675 468 fidelibus
1723 412 2045 468 Christianis
2076 416 2125 474 Α
2156 410 2213 464 fit
2243 412 2510 480 particeps
2539 412 2791 480 profanus
2819 419 2907 465 aut
2934 410 3159 483 quilibet
3188 426 3350 481 quem
3383 410 3466 467 fas
3509 428 3607 467 non
3632 428 3711 470 est

479 519 639 574 quam
671 506 1053 571 subiectionem
1102 511 1411 558 meruerunt
1435 501 1774 575 [meruerint]
1817 505 1904 573 qui
1950 518 2045 555 su-

481 598 645 663 perbo
671 612 831 665 regno
856 597 1135 650 Dominum
1172 594 1573 651 interfecerunt.
1607 596 1673 650 Et
1698 589 1875 665 posuil
1906 595 2049 649 Deus

477 691 530 742 itt
564 689 692 741 Cain
721 689 949 756 signum,
974 704 1040 742 ne
1071 705 1192 742 eum
1220 689 1426 743 occidat
1454 690 1628 743 omnis
1653 689 1739 757 qui
1765 688 2045 743 invenerit.

477 779 587 831 lloc
635 794 820 832 revera
868 780 1092 833 multum
1161 780 1405 835 mirabile
1466 790 1547 835 est
1594 782 2043 849 quemadmodum

474 886 662 925 omnes
686 882 872 940 gentes
913 890 1031 941 quae
1059 889 1088 927 a
1122 874 1375 928 Romanis
1400 873 1691 943 subjugatze
1719 887 1843 931 sunt
1880 879 1932 931 in
1977 879 2050 934 ri-

474 973 581 1015 tum
612 963 970 1019 ltomanorum
998 981 1272 1020 sacrorum
1306 965 1634 1028 transierint,
1671 981 1842 1035 eaque
1872 969 2044 1023 sacri-

474 1054 607 1120 legia
637 1056 966 1111 observanda
995 1067 1047 1112 et
1074 1058 1385 1122 celebranda
1416 1058 1772 1127 susceperint,
1797 1075 1929 1129 gens
1950 1079 2045 1118 au-

473 1153 580 1198 tem
611 1146 816 1212 Judrca,
847 1148 959 1202 sive
987 1148 1083 1201 sub
1108 1145 1325 1214 paganis
1356 1147 1587 1214 regibus,
1622 1148 1735 1202 sive
1761 1150 1861 1205 sub
1888 1151 2044 1208 Chri-

471 1238 681 1302 stianis,
718 1254 821 1291 non
845 1238 1081 1292 amiserit
1104 1239 1312 1306 signum
1338 1239 1471 1306 legis
1498 1252 1608 1294 sua:
1633 1256 1739 1310 quo
1764 1257 1792 1293 a
1834 1247 2044 1303 caeteris

475 1329 721 1395 gentibus
745 1328 1055 1396 populisque
1084 1328 1424 1398 distinguitur
1448 1372 1463 1393 ,
1495 1339 1550 1384 et
1590 1332 1768 1387 omnis
1799 1334 2040 1404 itupera-
2080 1380 2091 1389 .

472 1425 557 1469 tor
590 1416 665 1469 vel
697 1432 787 1469 rex
812 1419 899 1485 qui
932 1432 1023 1492 eos
1047 1417 1096 1470 in
1128 1433 1290 1486 regno
1311 1433 1408 1471 suo
1431 1419 1651 1483 invenit,
1680 1436 1800 1474 cum
1825 1424 1941 1492 ipso
1963 1427 2040 1480 si-

470 1521 574 1573 gno
604 1520 696 1560 cos
726 1506 928 1559 invenit
959 1490 1055 1561 nec
1084 1508 1306 1573 occidit,
1341 1508 1390 1560 id
1420 1520 1497 1561 cst
1527 1523 1629 1562 non
1660 1510 1821 1565 efficit
1848 1490 1905 1567 ut
1935 1532 2039 1570 non

467 1596 575 1649 sint
618 1595 785 1649 Judtci
814 1613 826 1648 :
857 1607 1002 1651 certo
1045 1599 1273 1666 quodam
1304 1610 1355 1652 et
1387 1602 1601 1667 proprio
1630 1614 1739 1655 smn
1788 1605 2042 1659 observa-

470 1686 626 1740 tionis
656 1688 807 1757 siguo
835 1703 862 1740 a
894 1700 1206 1743 cteterarum
1250 1691 1484 1758 gentium
1517 1696 1897 1751 communione
1925 1696 2039 1753 dis-

2153 501 2290 557 fieri.
2326 504 2379 555 In
2410 518 2516 571 quo
2542 512 2718 556 autem
2750 504 2938 558 borum
2965 504 3072 558 Deo
3098 502 3573 572 displicueritCain
3592 547 3607 569 ,
3638 491 3707 560 l3-

2148 591 2249 645 cile
2277 605 2382 645 non
2410 600 2586 660 potest
2607 593 2851 657 inveniri,
2868 593 2959 649 sed
2982 594 3229 663 quoniam
3246 592 3483 647 Joannes
3506 606 3707 663 aposto-

2150 681 2230 735 lus
2255 697 2375 735 cum
2399 682 2465 737 de
2496 684 2579 737 bis
2602 684 2851 739 fratribus
2878 684 3183 754 loqueretur
3206 701 3222 740 :
3252 684 3369 739 Non
3397 683 3530 739 sicut
3556 685 3700 748 Cain.

2149 775 2342 844 inquit,
2374 776 2463 844 qui
2490 790 2555 829 ex
2582 777 2813 845 maligno
2843 784 2960 829 erat
2987 786 3041 831 et
3068 776 3263 832 occidit
3294 776 3512 831 fratrem
3532 789 3700 839 suum,

2147 874 2201 918 et
2229 866 2380 934 cujus
2412 867 2487 921 rei
2515 869 2682 937 gratia
2728 867 2952 932 occidit,
2983 866 3103 935 quia
3127 881 3289 936 Opera
3322 868 3467 920 illius
3489 867 3698 933 maligna

2146 954 2388 1022 fuerunt,
2442 956 2617 1011 fratris
2661 966 2835 1012 autem
2881 957 2997 1026 ejus
3041 957 3218 1033 justa,
3269 957 3427 1010 datur
3492 957 3696 1025 intelligi

2148 1057 2428 1117 pr0pterea
2462 1051 2623 1105 Deum
2657 1066 2760 1104 non
2790 1048 3088 1119 respexisse
3114 1050 3164 1103 in
3196 1063 3392 1102 munus
3426 1048 3559 1117 ejus,
3588 1053 3694 1117 quia

2148 1136 2250 1192 hoc
2292 1140 2407 1207 ipso
2438 1141 2575 1194 male
2627 1141 2933 1205 dividebat,
2981 1140 3114 1195 dans
3146 1141 3253 1195 Deo
3282 1141 3483 1211 aliquid
3530 1154 3687 1205 suum,

2146 1227 2246 1281 sibi
2278 1237 2486 1293 autem,
2520 1230 2751 1297 seipsum
2772 1271 2787 1294 ,
2828 1230 2965 1300 quod
2996 1244 3182 1285 omnes
3212 1232 3337 1284 facti
3388 1240 3509 1284 sunt
3546 1230 3693 1299 [fce-

2144 1316 2290 1389 ruut]
2319 1322 2406 1389 qui
2438 1336 2543 1376 non
2573 1323 2686 1387 Dei,
2710 1323 2801 1377 sed
2825 1338 2972 1377 suam
2996 1331 3261 1377 sectantes
3286 1324 3619 1385 voluntatem,
3645 1322 3689 1375 id

2144 1416 2229 1461 est
2257 1408 2366 1479 48
2396 1426 2502 1463 non
2532 1421 2679 1466 recto
2701 1412 2791 1466 sed
2826 1427 3077 1480 perverso
3099 1412 3261 1467 corde
3289 1413 3554 1475 viventes,
3579 1411 3689 1465 utie-

2144 1512 2266 1553 runt
2316 1511 2490 1556 tamen
2519 1502 2629 1557 Deo
2657 1518 2848 1559 munus
2878 1518 2983 1574 quo
3015 1514 3195 1572 putant
3224 1520 3345 1557 eum
3390 1504 3568 1558 redimi
3591 1543 3604 1567 ,
3641 1512 3689 1556 ιιι

2142 1606 2327 1645 eorum
2359 1608 2462 1647 non
2492 1594 2782 1664 Opituletur
2804 1597 3055 1651 sanandis
3099 1596 3281 1666 pravis
3311 1597 3709 1664 cupiditatibus“

2142 1683 2234 1735 sed
2258 1683 2553 1751 cxplendis.
2581 1686 2647 1740 Et
2684 1688 2781 1741 hoc
2808 1697 2891 1741 est
2922 1698 3145 1743 terrena:
3174 1689 3449 1758 proprium
3484 1688 3687 1743 civitatis

469 1777 635 1839 creti,
664 1778 763 1832 nisi
795 1779 1089 1846 quicunque
1121 1796 1305 1834 eorum
1337 1782 1400 1835 ad
1433 1781 1698 1838 Christum
1733 1789 2031 1857 transierit,

2147 1770 2309 1826 Deum
2356 1774 2436 1829 vel
2467 1776 2597 1830 deos
2624 1776 2801 1833 colere
2853 1795 2867 1830 :
2903 1779 3095 1848 quibus
3124 1780 3502 1848 adjuvantibus
3527 1790 3686 1850 regnet

467 1870 650 1940 utjam
697 1886 800 1924 non
835 1872 1133 1925 inveniatur
1159 1872 1311 1935 Cain,
1346 1887 1443 1927 nec
1481 1884 1637 1928 exeat
1664 1891 1692 1929 a
1725 1876 1859 1931 facie
1900 1877 1993 1933 Dei
2019 1922 2035 1947 ,

466 1976 569 2016 nec
599 1962 799 2017 habitet
831 1963 882 2016 in
926 1972 1062 2017 terra
1094 1963 1276 2028 Naim;
1307 1965 1446 2033 quod
1475 1966 1667 2020 dicitur
1696 1967 2039 2039 interpretari

472 2052 800 2115 commotio,
852 2063 1039 2108 contra
1085 2069 1155 2123 qu
1192 2054 1224 2108 d
1276 2056 1471 2109 malum
1512 2056 1667 2131 ‘Deus
1716 2070 1936 2130 rogatur
1984 2063 2036 2118 in

467 2140 708 2197 Psalmo:
740 2142 817 2196 Ne
840 2143 1051 2197 dederis
1074 2144 1124 2196 in
1153 2156 1352 2197 motum
1383 2145 1545 2214 pedes
1568 2163 1737 2214 meos,
1768 2160 1822 2205 et
1847 2166 2038 2207 manus

466 2240 802 2302 peccatorum
832 2248 937 2287 non
966 2244 1211 2288 moveant
1242 2250 1347 2289 me.

1046 2369 1270 2425 canor
1312 2328 1445 2425 Lux.

463 2456 614 2522 Quod
639 2458 852 2512 diversis
896 2462 1063 2536 modis
1089 2463 1242 2536 possit
1287 2463 1537 2536 intelligi:
1572 2465 1634 2519 Si
1663 2478 1794 2521 recte
1825 2468 2035 2536 offeras,

531 2539 662 2606 recte
686 2539 853 2650 ιηὸεξη
882 2548 983 2582 non
1010 2532 1232 2595 dividas,
1263 2535 1499 2601 peccasti,
1532 2551 1595 2588 ea:
1619 2537 1747 2591 libro
1775 2532 1926 2592 xv'tfe
1951 2532 2036 2596 Ci;

538 2608 695 2650 vitate
778 2616 840 2650 «ι.

538 2608 695 2650 υιιαιε
726 2608 786 2650 Ut
804 2608 840 2652 ἲ.

528 2690 662 2747 Cum
693 2692 834 2747 Deus
864 2694 1069 2749 locutus
1098 2704 1177 2749 est
1208 2695 1271 2749 ad
1312 2696 1442 2751 Cain
1482 2712 1548 2753 eo
1579 2714 1729 2755 more
1759 2714 1864 2769 quo
1911 2716 2034 2758 cum

468 2781 654 2849 primis
703 2782 1005 2837 hominibus
1046 2800 1137 2851 per
1181 2796 1480 2840 creaturam
1530 2788 1826 2859 sulijcctam
1890 2791 2035 2846 velut

462 2887 651 2926 eorum
681 2874 859 2927 socius
890 2873 1059 2929 forma
1076 2891 1307 2947 congrua
1338 2878 1674 2945 loquebatur,
1705 2879 1830 2948 quid
1852 2881 1899 2934 ei
1922 2895 2037 2949 pro-

460 2962 597 3017 fuit?
644 2964 832 3019 Nonne
880 2976 1194 3033 conceptum
1240 2968 1415 3023 scelus
1468 2970 1518 3022 in
1574 2970 1816 3025 necando
1868 2972 2034 3029 fratre

457 3058 618 3107 etiam
667 3063 785 3122 post
814 3057 1036 3109 verbum
1085 3057 1279 3112 divina:
1330 3058 1714 3113 admonitionis
1763 3061 2032 3131 implevit?

2145 1862 2195 1916 iu
2220 1863 2458 1919 victoriis
2480 1872 2533 1920 et
2558 1881 2686 1934 pace
2719 1878 2948 1931 terrena,
2974 1884 3076 1922 non
3095 1869 3357 1924 cbaritatc
3377 1869 3684 1933 consulendi,

2141 1953 2235 2008 sed
2264 1954 2577 2011 dominandi
2599 1958 2907 2026 cupiditate.
2942 1960 3071 2014 Boni
3102 1961 3302 2029 quippe
3331 1962 3397 2015 ad
3427 1962 3524 2015 hoc
3550 1970 3686 2014 utun-

2142 2051 2230 2098 tur
2275 2047 2473 2101 mundo
2505 2057 2562 2102 ut
2592 2048 2831 2103 fruantur
2864 2050 2970 2103 Deo
2994 2094 3008 2116 ,
3039 2050 3163 2103 mali
3211 2060 3391 2105 autem
3440 2059 3608 2105 contra
3636 2056 3684 2101 ut

2138 2134 2381 2190 fruantur
2406 2140 2603 2192 mundo
2634 2140 2708 2192 uti
2759 2140 2942 2193 volunt
2975 2140 3106 2205 Deo,
3133 2141 3225 2210 qui
3266 2149 3447 2196 tamen
3478 2155 3587 2194 eum
3610 2138 3683 2193 vel

2139 2238 2257 2279 esse
2284 2227 2364 2280 vel
2389 2241 2475 2281 res
2503 2228 2761 2283 humanas
2790 2244 2976 2303 curare
2998 2231 3103 2299 jam
3126 2230 3383 2295 credunt;
3416 2218 3533 2295 inut
3556 2231 3680 2285 enim

2139 2318 2305 2371 multo
2326 2318 2619 2373 deteriores
2647 2321 2733 2389 qui
2758 2336 2823 2375 ne
2848 2321 2945 2375 hoc
2972 2323 3181 2391 quidem
3214 2321 3457 2377 credunt.
3480 2320 3682 2391 (ἰοειιίτο

2137 2407 2313 2476 itaque
2335 2407 2466 2465 Cain
2492 2411 2632 2481 quod
2655 2426 2811 2481 super
2838 2412 2952 2482 ejus
2975 2404 3212 2484 germani
3239 2414 3570 2480 sacrificium,
3593 2426 3679 2466 nec

2138 2514 2300 2569 super
2328 2516 2483 2557 suum
2511 2508 2806 2573 respexerit
2836 2503 2971 2559 Deus
2990 2544 3005 2569 ,
3050 2506 3234 2573 utique
3262 2504 3477 2558 fratrem
3504 2503 3677 2557 bonum

2137 2582 2372 2648 mutatus
2400 2594 2620 2659 imitari,
2642 2606 2745 2651 n0n
2769 2598 2936 2651 elatus
2965 2596 3147 2651 debuit
3170 2596 3430 2661 aemulari,
3457 2596 3542 2650 sed
3567 2609 3680 2648 coo-

2137 2685 2376 2740 tristatus
2406 2695 2509 2755 est,
2558 2700 2612 2744 et
2649 2689 2881 2743 concidit
2906 2688 3080 2743 vultus
3106 2688 3243 2759 ejus.
3277 2688 3391 2742 lloc
3433 2697 3676 2757 peccatum

2136 2777 2367 2832 maxime
2395 2780 2570 2848 arguit
2600 2780 2761 2845 Deus,
2796 2780 3061 2834 tristitiam
3090 2781 3156 2833 de
3185 2779 3407 2833 alterius
3446 2778 3674 2842 bonitate,

2133 2879 2187 2922 et
2213 2868 2313 2925 hoc
2351 2870 2562 2936 fratris;
2597 2871 2699 2926 hoc
2727 2872 2919 2941 quippe
2960 2870 3230 2939 arguendo
3257 2868 3586 2939 interrogavit
3605 2867 3674 2919 di-

2133 2973 2262 3012 cens
2295 2976 2308 3011 :
2338 2960 2511 3025 Quare
2544 2960 2781 3015 tristatus
2829 2973 2887 3013 es
2913 2999 2929 3025 ,
2977 2970 3031 3015 et
3073 2973 3238 3028 quare
3266 2959 3497 3013 concidit
3534 2956 3677 3009 facies

2136 3052 2257 3105 tua?
2278 3052 2400 3121 quia
2427 3052 2568 3106 enim
2600 3052 2749 3106 fratri
2791 3052 3086 3119 invidebat,
3118 3051 3263 3107 Deus
3295 3050 3503 3104 videbat
3520 3058 3567 3102 et
3590 3049 3675 3101 hoc

458 3144 587 3198 Nam
618 3161 738 3199 cum
769 3147 1031 3202 sacrificia
1062 3149 1407 3203 discrevisset
1433 3150 1739 3216 amborum,
1790 3152 1841 3206 in
1886 3152 2025 3223 illius

2135 3142 2411 3210 arguebat.
2443 3143 2574 3197 Nam
2625 3142 2926 3197 hominibus
2970 3142 3162 3212 quibus
3208 3140 3561 3196 absconditum
3601 3146 3675 3192 est

458 3237 773 3304 re~piciens,
806 3237 961 3307 hujus
1002 3240 1497 3309 despiciens,quod
1545 3256 1649 3295 non
1678 3242 2024 3299 dubitandum

456 3338 544 3383 est
573 3333 806 3396 potuisse
829 3331 1077 3399 cognosci
1100 3332 1253 3400 signo
1294 3332 1473 3401 aliquo
1502 3341 1787 3388 attestante
1810 3334 2025 3401 visibili,

456 3430 509 3474 et.
539 3421 637 3474 Itoc
668 3421 787 3475 idco
817 3420 1028 3475 fecisset
1057 3421 1194 3475 Deus
1214 3422 1337 3490 quia
1363 3423 1497 3475 mala
1520 3434 1670 3477 erant
1699 3439 1857 3492 opera
1886 3426 2022 3492 eius,

456 3508 636 3561 fratris
668 3524 791 3563 vero
820 3508 935 3577 ejus
965 3509 1101 3563 bona
1120 3550 1136 3575 ,
1188 3512 1533 3566 contristatns
1561 3522 1644 3566 est
1671 3512 1803 3568 Cain
1836 3514 2023 3579 valde,

456 3610 513 3653 et
533 3600 763 3653 concidit
787 3599 946 3654 facies
959 3600 1091 3669 ejus.
1114 3601 1201 3656 Sic
1222 3602 1363 3657 enim
1388 3605 1642 3674 scriptum
1666 3615 1777 3659 est:
1802 3606 1867 3660 Et
1886 3609 2028 3662 dixit

461 3689 602 3743 Deus
629 3689 695 3743 ad
726 3688 855 3742 Cain
890 3706 903 3741 :
930 3690 1105 3757 Quare
1127 3691 1293 3746 triStis
1315 3693 1483 3748 factus
1514 3709 1603 3760 es,
1638 3705 1689 3751 et
1714 3713 1878 3764 quare
1898 3713 2028 3754 con-

458 3781 587 3835 cidit
615 3782 778 3834 facies
812 3788 896 3834 tua
920 3782 942 3835 ?
970 3782 1157 3837 Nonne
1186 3785 1228 3838 si
1256 3793 1400 3839 recte
1425 3786 1640 3856 offeras,
1675 3801 1815 3845 recte
1844 3800 2024 3847 autem

458 3886 564 3925 non
594 3870 802 3924 dividas
825 3914 839 3938 ,
877 3874 1103 3939 peccasti
1129 3874 1151 3923 ?
1178 3874 1392 3941 quiesce
1414 3915 1430 3940 ,
1463 3876 1526 3928 ad
1556 3888 1605 3931 te
1633 3880 1774 3932 enim
1804 3894 2029 3935 conver-

459 3963 540 4018 sio
563 3965 678 4031 ejus
699 4006 715 4032 ,
741 3974 789 4017 et
825 3973 877 4017 tu
906 3963 1441 4021 dominaberisillius.
1472 3968 1525 4021 ln
1543 3968 1640 4023 hac
1665 3972 2026 4030 admonitione

455 4056 539 4109 vel
566 4056 766 4107 munitu
788 4069 943 4122 quem
978 4055 1118 4109 Deus
1143 4057 1360 4124 protulit
1382 4058 1445 4112 ad
1473 4059 1627 4126 Cain,
1660 4062 1786 4116 illud
1812 4064 2027 4132 quidem

457 4144 598 4213 quod
629 4144 827 4198 dictum
859 4154 968 4210 est,
1000 4166 1016 4195 ι
1038 4146 1223 4202 Nonne
1251 4149 1296 4203 si
1327 4160 1473 4203 recte
1502 4151 1724 4220 offeras,
1759 4166 1905 4209 recte
1932 4171 2028 4209 au-

459 4246 564 4291 tem
596 4251 700 4289 non
732 4237 934 4292 dividas
965 4240 1240 4306 peccasti?
1270 4259 1288 4292 ι
1326 4243 1447 4311 quia
1480 4256 1597 4296 notr
1615 4244 1789 4299 elucet
1817 4260 1910 4301 cur
1938 4249 2026 4304 vel

454 4328 596 4382 unde
617 4328 686 4381 sit
709 4327 937 4387 dictum.
967 4331 1162 4385 multos
1193 4346 1379 4385 sensus
1412 4334 1614 4402 peperit
1640 4333 1756 4403 ejus
1786 4337 2029 4394 obscuri-

454 4431 569 4487 tas,
598 4436 716 4475 cum
770 4421 1063 4475 divinarum
1096 4424 1485 4492 Scripturarum
1518 4427 1742 4496 quisque
1773 4420 2027 4485 tractator

2132 3242 2226 3284 cor
2250 3231 2469 3286 alterius
2494 3272 2509 3297 ,
2532 3248 2652 3289 esse
2684 3244 2858 3302 posset
2878 3233 3180 3304 ambiguum
3210 3242 3265 3288 et
3289 3247 3500 3303 prorsus
3521 3231 3671 3284 incer-

2131 3330 2240 3376 tum
2272 3331 2447 3378 utrum
2473 3324 2559 3379 illa
2584 3326 2795 3380 tristitia
2822 3326 3201 3396 malignitatem
3230 3339 3406 3391 suam,
3439 3325 3489 3378 in
3508 3337 3599 3393 qua
3620 3335 3672 3374 se

2132 3414 2243 3469 Deo
2270 3413 2611 3485 diSplicuisse
2636 3417 2916 3483 didicerat,
2946 3433 3012 3472 an
3042 3418 3220 3473 fratris
3242 3418 3464 3472 doluerit
3493 3415 3676 3471 bonita-

2130 3514 2271 3571 tem,
2322 3522 2442 3578 qute
2490 3508 2597 3563 Deo
2626 3508 2822 3579 placuit
2850 3523 2967 3564 cum
3015 3512 3064 3563 in
3100 3509 3418 3563 sacrificium
3447 3508 3555 3576 ejus
3581 3520 3675 3559 res-

2132 3596 2369 3664 pexisset
2416 3595 2698 3669 [aspexit],
2732 3598 2825 3652 sed
2871 3600 3125 3652 rationem
3170 3598 3402 3653 reddens
3443 3599 3569 3652 Deus
3595 3610 3674 3650 cur

2130 3687 2247 3758 ejus
2274 3689 2594 3744 oblationem
2628 3691 2870 3759 accipere
2897 3692 3144 3755 noluerit,
3170 3702 3227 3745 nt
3256 3692 3359 3745 sibi
3391 3692 3496 3759 ipse
3524 3694 3672 3758 potius

2132 3781 2323 3833 merito
2336 3797 2494 3849 quam
2522 3781 2571 3836 ei
2591 3780 2752 3834 frater
2771 3782 3032 3836 immerito
3053 3782 3389 3851 displiceret,
3412 3797 3526 3835 cum
3549 3788 3671 3835 esset

2132 3871 2362 3940 injustus
2392 3889 2497 3927 non
2545 3885 2691 3929 recte
2719 3873 3035 3937 dividendo,
3065 3873 3166 3929 hoc
3194 3885 3272 3929 est
3307 3890 3409 3928 non
3441 3882 3574 3927 recte
3610 3869 3667 3922 vi-

2128 3963 2329 4028 vendo,
2354 3974 2406 4019 et
2438 3965 2687 4035 indignus
2708 3966 2858 4035 cujus
2886 3966 3270 4033 approbaretur
3298 3965 3511 4021 oblatio.
3533 3976 3666 4031 quam

2129 4064 2276 4111 esset
2304 4057 2551 4124 injustior
2577 4058 2719 4126 quod
2758 4057 2971 4111 fratrem
2994 4058 3195 4126 justum
3225 4056 3392 4126 gratis
3418 4055 3667 4110 occidisset

2133 4145 2380 4218 [odisset]
2426 4148 2699 4213 ostendit,
2747 4163 2851 4202 non
2896 4159 3072 4203 tamen
3110 4163 3235 4203 eum
3280 4148 3541 4202 dimittens
3565 4145 3661 4199 sine

2130 4239 2381 4293 mandato
2412 4250 2629 4305 sancto,
2660 4240 2804 4310 justo
2833 4252 2886 4299 et
2908 4241 3049 4295 bono
3081 4258 3096 4295 :
3124 4240 3384 4308 Quiesce,
3410 4238 3583 4309 inquit,
3608 4236 3659 4290 ad

2130 4338 2182 4383 te
2209 4330 2350 4385 enim
2375 4332 2653 4385 conversio
2675 4332 2808 4400 ejus,
2835 4340 2887 4384 et
2908 4342 2962 4384 ιιι
2988 4330 3351 4385 dominaberis
3375 4331 3525 4383 illius.
3547 4328 3663 4381 Nun-

2129 4421 2254 4488 quid
2288 4420 2505 4475 fratris?
2529 4422 2686 4476 absit.
2710 4422 2871 4490 Cujus
2894 4423 3051 4491 igitur
3078 4425 3177 4477 nisi
3210 4424 3408 4491 peccati
3433 4422 3455 4474 τ
3477 4422 3663 4474 Dixerat

454 4510 747 4565 secundum
781 4512 905 4566 fidei
933 4513 1168 4580 regulam
1196 4516 1245 4567 id
1274 4526 1497 4569 conatur
1528 4532 1816 4585 exponere.
1860 4522 2024 4577 Recte
2055 4501 2105 4560 D
2132 4510 2273 4564 enim
2294 4548 2309 4575 ο
2342 4511 2600 4578 Pecus“.
2636 4521 2746 4565 "Im
2776 4512 2965 4566 demde
2997 4511 3238 4565 addidit:
3270 4513 3513 4577 Ουῖεεθεν
3540 4508 3595 4561 ³ι¹
3621 4518 3660 4560 ίε

454 4604 649 4669 quippe
694 4602 917 4657 offertur
946 4604 1267 4659 sacrificium
1309 4622 1426 4660 cum
1454 4608 1679 4664 offertur
1726 4611 1832 4665 Deo
1860 4628 2019 4679 vero,

453 4693 540 4745 cui
566 4695 648 4746 uui
681 4696 1051 4751 tantummodo
1096 4698 1503 4754 sacrificandum
1550 4711 1651 4758 est.
1682 4702 1796 4758 Non
1842 4716 2020 4761 autem

454 4796 599 4840 recte
620 4788 869 4842 dividitur
896 4791 1021 4843 dum
1053 4806 1157 4845 non
1198 4791 1572 4847 discernuntur
1598 4804 1743 4850 recte
1775 4796 1857 4850 vel
1882 4799 2018 4866 loca,

458 4879 542 4932 vel
576 4887 835 4960 tempora,
862 4883 941 4936 vel
972 4899 1059 4937 res
1088 4883 1217 4953 ipsa;
1266 4900 1385 4953 qua:
1433 4886 1727 4941 offeruntur
1751 4930 1766 4955 ,
1798 4892 1881 4944 vel
1930 4892 2019 4960 qui

452 4956 640 5033 offert;
675 4980 730 5023 et
758 4974 841 5025 cui
871 4973 1109 5039 offertur,
1161 4976 1244 5030 vel
1280 4975 1331 5028 lti
1360 4976 1552 5044 quibus
1595 4977 1661 5031 ad
1694 4982 2017 5035 vescendum

452 5059 793 5113 distribuitur
821 5063 959 5127 quod
990 5064 1223 5117 oblatum
1252 5074 1354 5130 est,
1384 5076 1439 5118 ut
1465 5066 1778 5121 divisionem
1812 5069 1897 5124 hic
1920 5069 2024 5125 dis-

449 5151 747 5206 cretionem
790 5152 1141 5223 intelligamus
1165 5197 1178 5221 ,
1212 5158 1322 5211 sive
1370 5172 1489 5211 cum
1522 5158 1745 5213 oﬂ‘crtur
1776 5160 1865 5213 ubi
1915 5176 2020 5215 non

450 5252 694 5312 oportet,
740 5252 832 5295 aut
861 5246 999 5310 quod
1046 5258 1148 5297 non
1200 5246 1295 5310 ibi,
1325 5246 1417 5299 sed
1462 5247 1584 5301 alibi
1630 5258 1875 5315 Oportet,
1909 5250 2021 5304 sive

453 5350 575 5389 cum
598 5333 823 5389 offertur
853 5332 1064 5401 quando
1094 5346 1441 5402 nouoportet,
1474 5348 1564 5389 aut
1592 5337 1734 5405 quod
1767 5353 1873 5391 non
1897 5348 2021 5391 tunc

452 5426 546 5480 sed
572 5426 702 5479 alias
730 5433 962 5492 oportet.
980 5425 1093 5478 sive
1127 5439 1247 5477 cum
1280 5425 1327 5478 id
1352 5425 1571 5481 offertur
1598 5427 1739 5497 quod
1765 5444 2021 5498 nusquam

452 5526 505 5571 ct
553 5532 822 5585 nunquam
872 5518 1083 5583 penitus
1138 5515 1352 5579 debuit,
1409 5518 1519 5572 sive
1565 5534 1685 5573 cum
1728 5520 2019 5584 electiora,

454 5606 553 5660 sibi
584 5608 819 5674 ejusdem
848 5607 1059 5674 gcucris
1089 5621 1264 5659 rerum
1299 5614 1444 5659 tenet
1492 5608 1654 5662 homo
1700 5626 1859 5679 quam
1900 5620 2025 5664 sunt

463 5712 524 5751 ca
555 5712 669 5763 quae
693 5698 849 5752 offert
882 5699 1007 5765 Deo,
1044 5700 1155 5754 sive
1184 5712 1303 5752 cum
1335 5699 1449 5767 ejus
1482 5701 1556 5756 rei
1588 5715 1707 5769 qua:
1738 5702 1916 5757 oblata
1942 5710 2024 5757 est

2127 4601 2270 4655 enim
2301 4602 2582 4655 conversio
2604 4601 2740 4671 ejus,
2765 4613 2818 4656 et
2845 4614 2897 4655 tu
2927 4602 3293 4658 dominaberis
3320 4604 3477 4657 illius.
3509 4602 3660 4656 Potest

2124 4693 2338 4763 quidem
2364 4695 2434 4747 ita
2457 4692 2678 4763 intelligi
2702 4694 2766 4749 ad
2790 4695 2959 4763 ipsum
2989 4696 3261 4750 hominem
3284 4695 3654 4750 conversionem

2124 4800 2246 4841 esse
2270 4785 2465 4841 debere
2493 4786 2729 4855 peccati,
2761 4796 2820 4840 ut
2846 4785 2972 4840 nulli
3002 4787 3088 4841 alii
3114 4802 3275 4856 quam
3308 4788 3404 4840 sibi
3434 4787 3555 4845 sciat
3580 4782 3656 4835 tri-

2128 4876 2293 4933 buere
2332 4876 2529 4932 debere
2570 4878 2711 4946 quod
2766 4887 2969 4948 peccat.
3003 4878 3129 4933 litec
3159 4875 3302 4933 enim
3335 4886 3416 4931 est
3457 4872 3653 4928 salubris

2130 4971 2456 5040 paenitentiae
2483 4971 2747 5026 medicina
2770 4982 2824 5027 et
2853 4973 3019 5027 venia:
3042 4974 3231 5040 petitio
3252 4988 3358 5026 non
3382 4972 3647 5035 incongrua.

2127 5074 2185 5118 ut
2214 5063 2301 5119 ubi
2324 5066 2416 5131 ait,
2451 5064 2515 5117 ad
2546 5073 2597 5119 te
2624 5063 2763 5120 enim
2788 5064 3066 5120 conversio
3087 5065 3222 5134 ejus,
3252 5080 3358 5121 non
3399 5058 3645 5116 subaudia-

2128 5166 2234 5218 tur,
2262 5157 2385 5224 erit,
2417 5157 2507 5211 sed
2535 5157 2624 5225 sit,
2659 5158 3013 5226 prmeipientis
3042 5157 3336 5220 videlicet,
3364 5170 3460 5210 non
3489 5148 3646 5221 pretii-

2124 5250 2296 5304 centis
2341 5249 2521 5303 modo.
2566 5250 2714 5305 Tunc
2744 5251 2882 5303 enim
2913 5249 3285 5304 dominabitur
3314 5252 3519 5317 quisque
3540 5252 3641 5310 pec-

2127 5349 2248 5394 cato
2268 5383 2282 5405 ,
2313 5341 2357 5393 si
2388 5340 2437 5394 id
2463 5341 2561 5394 sibi
2594 5356 2695 5393 nou
2732 5340 3062 5395 defendendo
3096 5339 3442 5409 prchosuerit
3464 5337 3644 5408 [propo-

2128 5428 2335 5499 suerit],
2382 5429 2472 5484 sed
2525 5430 2831 5497 pmnitendo
2882 5430 3189 5499 subjecerit.
3242 5417 3481 5500 Alioquin
3520 5420 3646 5480 etilli

2126 5524 2321 5577 serviet
2361 5521 2672 5585 dominanti,
2723 5522 2766 5575 si
2802 5522 3155 5591 patrocinium
3208 5521 3500 5577 adhibuerit
3536 5512 3650 5569 acci-

2125 5613 2289 5667 denti.
2322 5612 2426 5669 Sed
2475 5622 2529 5664 ttt
2576 5625 2849 5680 peccatum
2894 5611 3225 5680 intelligatur
3258 5600 3646 5676 concupiscentia

2125 5702 2236 5771 ipsa
2264 5701 2511 5767 carnalis,
2543 5699 2610 5756 de
2654 5715 2756 5770 qua
2785 5700 2918 5756 dicit
2959 5701 3250 5772 Apostolus
3284 5716 3299 5752 :
3332 5699 3460 5754 Caro
3479 5704 3645 5750 concu-
