  <div class='ocr_page' id='page_1' title='image "/cluster/home/n/w/nwhite01/storage/ocr_20150623/61-62/uva.x000827102/924.png"; bbox 0 0 3842 6226; ppageno 0'>
   <div class='ocr_carea' id='block_1_1' title="bbox 136 227 232 284">
    <p class='ocr_par' dir='ltr' id='par_1_1' title="bbox 136 227 232 284">
     <span class='ocr_line' id='line_1_1' title="bbox 136 227 232 284; baseline 0.021 -4"><span class='ocrx_word' id='word_1_1' title='bbox 136 227 232 284; x_wconf 73' lang='lat'><strong>673</strong></span> 
     </span>
    </p>
   </div>
   <div class='ocr_carea' id='block_1_2' title="bbox 1374 225 2143 283">
    <p class='ocr_par' dir='ltr' id='par_1_2' title="bbox 1374 225 2143 283">
     <span class='ocr_line' id='line_1_2' title="bbox 1374 225 2143 283; baseline 0.005 -5"><span class='ocrx_word' id='word_1_2' title='bbox 1374 225 1807 283; x_wconf 77' lang='lat' dir='ltr'><strong>TllESAURUS.</strong></span> <span class='ocrx_word' id='word_1_3' title='bbox 1849 227 1998 282; x_wconf 74' lang='lat' dir='ltr'><strong>CAP.</strong></span> <span class='ocrx_word' id='word_1_4' title='bbox 2036 228 2143 282; x_wconf 79' lang='lat' dir='ltr'><strong>LX.</strong></span> 
     </span>
    </p>
   </div>
   <div class='ocr_carea' id='block_1_3' title="bbox 3261 206 3366 286">
    <p class='ocr_par' dir='ltr' id='par_1_3' title="bbox 3261 206 3366 286">
     <span class='ocr_line' id='line_1_3' title="bbox 3261 206 3366 286; baseline -0.019 0"><span class='ocrx_word' id='word_1_5' title='bbox 3261 206 3366 286; x_wconf 70' lang='grc' dir='ltr'><strong>6⁵η</strong></span> 
     </span>
    </p>
   </div>
   <div class='ocr_carea' id='block_1_4' title="bbox 133 339 3363 418">
    <p class='ocr_par' dir='ltr' id='par_1_4' title="bbox 133 339 3363 418">
     <span class='ocr_line' id='line_1_4' title="bbox 133 339 3363 418; baseline 0.002 -24"><span class='ocrx_word' id='word_1_6' title='bbox 133 342 277 412; x_wconf 84' lang='lat' dir='ltr'><strong>piscit</strong></span> <span class='ocrx_word' id='word_1_7' title='bbox 305 342 562 397; x_wconf 85' lang='lat' dir='ltr'><strong>adversus</strong></span> <span class='ocrx_word' id='word_1_8' title='bbox 590 342 851 410; x_wconf 76' lang='lat' dir='ltr'><strong>spiritum.</strong></span> <span class='ocrx_word' id='word_1_9' title='bbox 879 339 935 392; x_wconf 86' lang='lat' dir='ltr'><strong>In</strong></span> <span class='ocrx_word' id='word_1_10' title='bbox 966 340 1118 408; x_wconf 86' lang='lat' dir='ltr'><strong>cujus</strong></span> <span class='ocrx_word' id='word_1_11' title='bbox 1149 339 1322 394; x_wconf 90' lang='lat' dir='ltr'><strong>carnis</strong></span> <span class='ocrx_word' id='word_1_12' title='bbox 1350 340 1608 396; x_wconf 80' lang='lat' dir='ltr'><strong>fructibus</strong></span> <span class='ocrx_word' id='word_1_13' title='bbox 1629 353 1682 397; x_wconf 91' lang='lat' dir='ltr'><strong>ct</strong></span> <span class='ocrx_word' id='word_1_14' title='bbox 1713 347 1757 403; x_wconf 81' lang='grc' dir='ltr'><strong>Λ</strong></span> <span class='ocrx_word' id='word_1_15' title='bbox 1788 345 1866 412; x_wconf 72' lang='lat' dir='ltr'><strong>gis</strong></span> <span class='ocrx_word' id='word_1_16' title='bbox 1889 345 2188 397; x_wconf 86' lang='lat' dir='ltr'><strong>admittitur</strong></span> <span class='ocrx_word' id='word_1_17' title='bbox 2202 360 2293 412; x_wconf 89' lang='lat' dir='ltr'><strong>per</strong></span> <span class='ocrx_word' id='word_1_18' title='bbox 2307 346 2611 401; x_wconf 88' lang='lat' dir='ltr'><strong>universum</strong></span> <span class='ocrx_word' id='word_1_19' title='bbox 2635 347 2820 402; x_wconf 87' lang='lat' dir='ltr'><strong>orbem</strong></span> <span class='ocrx_word' id='word_1_20' title='bbox 2849 356 3109 403; x_wconf 88' lang='lat' dir='ltr'><strong>terrarum</strong></span> <span class='ocrx_word' id='word_1_21' title='bbox 3131 350 3363 418; x_wconf 82' lang='lat' dir='ltr'><strong>quiqua-</strong></span> 
     </span>
    </p>
   </div>
   <div class='ocr_carea' id='block_1_5' title="bbox 133 430 1682 498">
    <p class='ocr_par' dir='ltr' id='par_1_5' title="bbox 133 430 1682 498">
     <span class='ocr_line' id='line_1_5' title="bbox 133 430 1682 498; baseline -0.001 -13"><span class='ocrx_word' id='word_1_22' title='bbox 133 432 368 485; x_wconf 80' lang='lat' dir='ltr'><strong>itividiaut</strong></span> <span class='ocrx_word' id='word_1_23' title='bbox 396 439 810 494; x_wconf 85' lang='lat' dir='ltr'><strong>commemorat,</strong></span> <span class='ocrx_word' id='word_1_24' title='bbox 832 443 932 497; x_wconf 88' lang='lat' dir='ltr'><strong>qua</strong></span> <span class='ocrx_word' id='word_1_25' title='bbox 956 431 1136 498; x_wconf 89' lang='lat' dir='ltr'><strong>utique</strong></span> <span class='ocrx_word' id='word_1_26' title='bbox 1157 430 1286 484; x_wconf 83' lang='lat' dir='ltr'><strong>Cain</strong></span> <span class='ocrx_word' id='word_1_27' title='bbox 1312 433 1682 485; x_wconf 77' lang='lat' dir='ltr'><strong>stimulabatur</strong></span> 
     </span>
    </p>
   </div>
   <div class='ocr_carea' id='block_1_6' title="bbox 131 522 1687 585">
    <p class='ocr_par' dir='ltr' id='par_1_6' title="bbox 131 522 1687 585">
     <span class='ocr_line' id='line_1_6' title="bbox 131 522 1687 585; baseline -0.002 -6"><span class='ocrx_word' id='word_1_28' title='bbox 131 537 176 580; x_wconf 88' lang='lat' dir='ltr'><strong>et</strong></span> <span class='ocrx_word' id='word_1_29' title='bbox 201 526 585 581; x_wconf 87' lang='lat' dir='ltr'><strong>accendebatur</strong></span> <span class='ocrx_word' id='word_1_30' title='bbox 614 526 665 576; x_wconf 91' lang='lat' dir='ltr'><strong>in</strong></span> <span class='ocrx_word' id='word_1_31' title='bbox 696 522 873 576; x_wconf 76' lang='lat' dir='ltr'><strong>fratris</strong></span> <span class='ocrx_word' id='word_1_32' title='bbox 902 523 1142 585; x_wconf 79' lang='lat' dir='ltr'><strong>exitium,</strong></span> <span class='ocrx_word' id='word_1_33' title='bbox 1185 523 1317 577; x_wconf 82' lang='lat' dir='ltr'><strong>bene</strong></span> <span class='ocrx_word' id='word_1_34' title='bbox 1339 523 1687 576; x_wconf 86' lang='lat' dir='ltr'><strong>subaudiatur</strong></span> 
     </span>
    </p>
   </div>
   <div class='ocr_carea' id='block_1_7' title="bbox 131 610 1683 686">
    <p class='ocr_par' dir='ltr' id='par_1_7' title="bbox 131 610 1683 686">
     <span class='ocr_line' id='line_1_7' title="bbox 131 610 1683 686; baseline -0.001 -17"><span class='ocrx_word' id='word_1_35' title='bbox 131 615 453 686; x_wconf 79' lang='lat' dir='ltr'><strong>[Subauditur</strong></span> <span class='ocrx_word' id='word_1_36' title='bbox 469 610 615 683; x_wconf 85' lang='lat' dir='ltr'><strong>erit],</strong></span> <span class='ocrx_word' id='word_1_37' title='bbox 641 612 691 665; x_wconf 91' lang='lat' dir='ltr'><strong>id</strong></span> <span class='ocrx_word' id='word_1_38' title='bbox 715 622 794 666; x_wconf 88' lang='lat' dir='ltr'><strong>est</strong></span> <span class='ocrx_word' id='word_1_39' title='bbox 816 612 880 666; x_wconf 86' lang='lat' dir='ltr'><strong>ad</strong></span> <span class='ocrx_word' id='word_1_40' title='bbox 912 623 960 667; x_wconf 90' lang='lat' dir='ltr'><strong>te</strong></span> <span class='ocrx_word' id='word_1_41' title='bbox 975 614 1111 666; x_wconf 91' lang='lat' dir='ltr'><strong>enim</strong></span> <span class='ocrx_word' id='word_1_42' title='bbox 1127 613 1409 666; x_wconf 90' lang='lat' dir='ltr'><strong>conversio</strong></span> <span class='ocrx_word' id='word_1_43' title='bbox 1427 615 1542 682; x_wconf 83' lang='lat' dir='ltr'><strong>ejus</strong></span> <span class='ocrx_word' id='word_1_44' title='bbox 1559 614 1683 681; x_wconf 89' lang='lat' dir='ltr'><strong>erit,</strong></span> 
     </span>
    </p>
   </div>
   <div class='ocr_carea' id='block_1_8' title="bbox 127 704 1686 775">
    <p class='ocr_par' dir='ltr' id='par_1_8' title="bbox 127 704 1686 775">
     <span class='ocr_line' id='line_1_8' title="bbox 127 704 1686 775; baseline 0.001 -16"><span class='ocrx_word' id='word_1_45' title='bbox 127 715 174 759; x_wconf 85' lang='lat' dir='ltr'><strong>ct</strong></span> <span class='ocrx_word' id='word_1_46' title='bbox 191 718 240 758; x_wconf 88' lang='lat' dir='ltr'><strong>tu</strong></span> <span class='ocrx_word' id='word_1_47' title='bbox 254 704 612 757; x_wconf 90' lang='lat' dir='ltr'><strong>dominaberis</strong></span> <span class='ocrx_word' id='word_1_48' title='bbox 629 704 767 757; x_wconf 92' lang='lat' dir='ltr'><strong>illius</strong></span> <span class='ocrx_word' id='word_1_49' title='bbox 783 721 796 768; x_wconf 91' lang='lat'><strong>;</strong></span> <span class='ocrx_word' id='word_1_50' title='bbox 812 717 931 757; x_wconf 84' lang='lat' dir='ltr'><strong>cum</strong></span> <span class='ocrx_word' id='word_1_51' title='bbox 950 705 1088 758; x_wconf 92' lang='lat' dir='ltr'><strong>enim</strong></span> <span class='ocrx_word' id='word_1_52' title='bbox 1110 715 1374 758; x_wconf 89' lang='lat' dir='ltr'><strong>commota</strong></span> <span class='ocrx_word' id='word_1_53' title='bbox 1394 707 1547 759; x_wconf 87' lang='lat' dir='ltr'><strong>fuerit</strong></span> <span class='ocrx_word' id='word_1_54' title='bbox 1565 722 1686 775; x_wconf 86' lang='lat' dir='ltr'><strong>pars</strong></span> 
     </span>
    </p>
   </div>
   <div class='ocr_carea' id='block_1_9' title="bbox 127 793 1683 864">
    <p class='ocr_par' dir='ltr' id='par_1_9' title="bbox 127 793 1683 864">
     <span class='ocr_line' id='line_1_9' title="bbox 127 793 1683 864; baseline 0.003 -17"><span class='ocrx_word' id='word_1_55' title='bbox 127 796 233 860; x_wconf 79' lang='lat' dir='ltr'><strong>ipsa</strong></span> <span class='ocrx_word' id='word_1_56' title='bbox 273 796 505 849; x_wconf 80' lang='lat' dir='ltr'><strong>carnalis</strong></span> <span class='ocrx_word' id='word_1_57' title='bbox 532 810 686 864; x_wconf 90' lang='lat' dir='ltr'><strong>quam</strong></span> <span class='ocrx_word' id='word_1_58' title='bbox 710 804 980 862; x_wconf 88' lang='lat' dir='ltr'><strong>peccatum</strong></span> <span class='ocrx_word' id='word_1_59' title='bbox 1008 793 1238 861; x_wconf 76' lang='lat' dir='ltr'><strong>appellat</strong></span> <span class='ocrx_word' id='word_1_60' title='bbox 1257 797 1568 863; x_wconf 79' lang='lat' dir='ltr'><strong>Apostolus,</strong></span> <span class='ocrx_word' id='word_1_61' title='bbox 1595 797 1683 851; x_wconf 91' lang='lat' dir='ltr'><strong>ubi</strong></span> 
     </span>
    </p>
   </div>
   <div class='ocr_carea' id='block_1_10' title="bbox 126 875 1686 954">
    <p class='ocr_par' dir='ltr' id='par_1_10' title="bbox 126 875 1686 954">
     <span class='ocr_line' id='line_1_10' title="bbox 126 875 1686 954; baseline 0.003 -18"><span class='ocrx_word' id='word_1_62' title='bbox 126 884 282 938; x_wconf 82' lang='lat' dir='ltr'><strong>dicit:</strong></span> <span class='ocrx_word' id='word_1_63' title='bbox 326 885 440 938; x_wconf 82' lang='lat' dir='ltr'><strong>Non</strong></span> <span class='ocrx_word' id='word_1_64' title='bbox 469 899 570 954; x_wconf 88' lang='lat' dir='ltr'><strong>ego</strong></span> <span class='ocrx_word' id='word_1_65' title='bbox 595 899 792 952; x_wconf 88' lang='lat' dir='ltr'><strong>operor</strong></span> <span class='ocrx_word' id='word_1_66' title='bbox 823 875 982 948; x_wconf 87' lang='lat' dir='ltr'><strong>illud,</strong></span> <span class='ocrx_word' id='word_1_67' title='bbox 1007 883 1096 936; x_wconf 89' lang='lat' dir='ltr'><strong>sed</strong></span> <span class='ocrx_word' id='word_1_68' title='bbox 1130 886 1268 951; x_wconf 91' lang='lat' dir='ltr'><strong>quod</strong></span> <span class='ocrx_word' id='word_1_69' title='bbox 1299 886 1498 939; x_wconf 78' lang='lat' dir='ltr'><strong>habitat</strong></span> <span class='ocrx_word' id='word_1_70' title='bbox 1528 888 1578 939; x_wconf 93' lang='lat' dir='ltr'><strong>in</strong></span> <span class='ocrx_word' id='word_1_71' title='bbox 1602 904 1686 941; x_wconf 86' lang='lat' dir='ltr'><strong>me</strong></span> 
     </span>
    </p>
   </div>
   <div class='ocr_carea' id='block_1_11' title="bbox 126 976 1681 1046">
    <p class='ocr_par' dir='ltr' id='par_1_11' title="bbox 126 976 1681 1046">
     <span class='ocr_line' id='line_1_11' title="bbox 126 976 1681 1046; baseline 0.001 -16"><span class='ocrx_word' id='word_1_72' title='bbox 126 985 421 1043; x_wconf 79' lang='lat' dir='ltr'><strong>peccaturo:</strong></span> <span class='ocrx_word' id='word_1_73' title='bbox 453 991 610 1044; x_wconf 89' lang='lat' dir='ltr'><strong>quam</strong></span> <span class='ocrx_word' id='word_1_74' title='bbox 633 984 836 1044; x_wconf 73' lang='lat' dir='ltr'><strong>partem</strong></span> <span class='ocrx_word' id='word_1_75' title='bbox 866 976 1025 1029; x_wconf 88' lang='lat' dir='ltr'><strong>animi</strong></span> <span class='ocrx_word' id='word_1_76' title='bbox 1059 978 1219 1030; x_wconf 88' lang='lat' dir='ltr'><strong>etiam</strong></span> <span class='ocrx_word' id='word_1_77' title='bbox 1269 978 1568 1046; x_wconf 85' lang='lat' dir='ltr'><strong>philosophi</strong></span> <span class='ocrx_word' id='word_1_78' title='bbox 1600 979 1681 1032; x_wconf 92' lang='lat' dir='ltr'><strong>di-</strong></span> 
     </span>
    </p>
   </div>
   <div class='ocr_carea' id='block_1_12' title="bbox 122 1067 1683 1135">
    <p class='ocr_par' dir='ltr' id='par_1_12' title="bbox 122 1067 1683 1135">
     <span class='ocr_line' id='line_1_12' title="bbox 122 1067 1683 1135; baseline 0.001 -14"><span class='ocrx_word' id='word_1_79' title='bbox 122 1075 241 1121; x_wconf 79' lang='lat' dir='ltr'><strong>eunt</strong></span> <span class='ocrx_word' id='word_1_80' title='bbox 263 1083 383 1122; x_wconf 79' lang='lat' dir='ltr'><strong>esse</strong></span> <span class='ocrx_word' id='word_1_81' title='bbox 407 1068 672 1131; x_wconf 63' lang='lat' dir='ltr'><strong>vitiosam,</strong></span> <span class='ocrx_word' id='word_1_82' title='bbox 700 1082 802 1121; x_wconf 88' lang='lat' dir='ltr'><strong>non</strong></span> <span class='ocrx_word' id='word_1_83' title='bbox 826 1081 941 1135; x_wconf 70' lang='lat' dir='ltr'><strong>quae</strong></span> <span class='ocrx_word' id='word_1_84' title='bbox 967 1077 1196 1121; x_wconf 88' lang='lat' dir='ltr'><strong>mentem</strong></span> <span class='ocrx_word' id='word_1_85' title='bbox 1226 1067 1417 1121; x_wconf 78' lang='lat' dir='ltr'><strong>debeat</strong></span> <span class='ocrx_word' id='word_1_86' title='bbox 1451 1072 1683 1134; x_wconf 83' lang='lat' dir='ltr'><strong>trahere,</strong></span> 
     </span>
    </p>
   </div>
   <div class='ocr_carea' id='block_1_13' title="bbox 123 1157 1685 1225">
    <p class='ocr_par' dir='ltr' id='par_1_13' title="bbox 123 1157 1685 1225">
     <span class='ocr_line' id='line_1_13' title="bbox 123 1157 1685 1225; baseline 0.003 -16"><span class='ocrx_word' id='word_1_87' title='bbox 123 1159 209 1209; x_wconf 85' lang='lat' dir='ltr'><strong>sed</strong></span> <span class='ocrx_word' id='word_1_88' title='bbox 255 1158 338 1209; x_wconf 64' lang='grc' dir='ltr'><strong>«ειιὶ</strong></span> <span class='ocrx_word' id='word_1_89' title='bbox 371 1171 520 1209; x_wconf 91' lang='lat' dir='ltr'><strong>mens</strong></span> <span class='ocrx_word' id='word_1_90' title='bbox 565 1157 757 1210; x_wconf 84' lang='lat' dir='ltr'><strong>debeat</strong></span> <span class='ocrx_word' id='word_1_91' title='bbox 787 1157 1046 1224; x_wconf 84' lang='lat' dir='ltr'><strong>imperare</strong></span> <span class='ocrx_word' id='word_1_92' title='bbox 1098 1173 1320 1225; x_wconf 79' lang='lat' dir='ltr'><strong>eamque</strong></span> <span class='ocrx_word' id='word_1_93' title='bbox 1364 1160 1432 1213; x_wconf 91' lang='lat' dir='ltr'><strong>ab</strong></span> <span class='ocrx_word' id='word_1_94' title='bbox 1491 1161 1685 1213; x_wconf 83' lang='lat' dir='ltr'><strong>illicitis</strong></span> 
     </span>
    </p>
   </div>
   <div class='ocr_carea' id='block_1_14' title="bbox 122 1245 1683 1316">
    <p class='ocr_par' dir='ltr' id='par_1_14' title="bbox 122 1245 1683 1316">
     <span class='ocr_line' id='line_1_14' title="bbox 122 1245 1683 1316; baseline 0.003 -18"><span class='ocrx_word' id='word_1_95' title='bbox 122 1246 365 1312; x_wconf 83' lang='lat' dir='ltr'><strong>cperibus</strong></span> <span class='ocrx_word' id='word_1_96' title='bbox 387 1249 593 1300; x_wconf 81' lang='lat' dir='ltr'><strong>ratione</strong></span> <span class='ocrx_word' id='word_1_97' title='bbox 618 1247 889 1300; x_wconf 88' lang='lat' dir='ltr'><strong>cohibere.</strong></span> <span class='ocrx_word' id='word_1_98' title='bbox 920 1245 1046 1299; x_wconf 89' lang='lat' dir='ltr'><strong>Cum</strong></span> <span class='ocrx_word' id='word_1_99' title='bbox 1072 1262 1198 1316; x_wconf 78' lang='lat' dir='ltr'><strong>ergo</strong></span> <span class='ocrx_word' id='word_1_100' title='bbox 1229 1259 1491 1301; x_wconf 90' lang='lat' dir='ltr'><strong>commota</strong></span> <span class='ocrx_word' id='word_1_101' title='bbox 1525 1250 1683 1303; x_wconf 83' lang='lat' dir='ltr'><strong>fuerit</strong></span> 
     </span>
    </p>
   </div>
   <div class='ocr_carea' id='block_1_15' title="bbox 119 1336 1688 1408">
    <p class='ocr_par' dir='ltr' id='par_1_15' title="bbox 119 1336 1688 1408">
     <span class='ocr_line' id='line_1_15' title="bbox 119 1336 1688 1408; baseline 0.006 -21"><span class='ocrx_word' id='word_1_102' title='bbox 119 1337 178 1388; x_wconf 86' lang='lat' dir='ltr'><strong>ad</strong></span> <span class='ocrx_word' id='word_1_103' title='bbox 206 1336 408 1405; x_wconf 78' lang='lat' dir='ltr'><strong>aliquid</strong></span> <span class='ocrx_word' id='word_1_104' title='bbox 440 1352 710 1405; x_wconf 84' lang='lat' dir='ltr'><strong>perperam</strong></span> <span class='ocrx_word' id='word_1_105' title='bbox 741 1336 1200 1402; x_wconf 70' lang='lat' dir='ltr'><strong>commi&#39;tendum,</strong></span> <span class='ocrx_word' id='word_1_106' title='bbox 1231 1341 1273 1392; x_wconf 91' lang='lat' dir='ltr'><strong>si</strong></span> <span class='ocrx_word' id='word_1_107' title='bbox 1306 1341 1610 1408; x_wconf 84' lang='lat' dir='ltr'><strong>quiescatttr</strong></span> <span class='ocrx_word' id='word_1_108' title='bbox 1635 1350 1688 1396; x_wconf 90' lang='lat' dir='ltr'><strong>et</strong></span> 
     </span>
    </p>
   </div>
   <div class='ocr_carea' id='block_1_16' title="bbox 121 1429 1687 1498">
    <p class='ocr_par' dir='ltr' id='par_1_16' title="bbox 121 1429 1687 1498">
     <span class='ocr_line' id='line_1_16' title="bbox 121 1429 1687 1498; baseline 0.006 -19"><span class='ocrx_word' id='word_1_109' title='bbox 121 1429 552 1498; x_wconf 79' lang='lat' dir='ltr'><strong>obtentperetur,</strong></span> <span class='ocrx_word' id='word_1_110' title='bbox 601 1429 812 1485; x_wconf 81' lang='lat' dir='ltr'><strong>dicente</strong></span> <span class='ocrx_word' id='word_1_111' title='bbox 858 1432 1158 1498; x_wconf 87' lang='lat' dir='ltr'><strong>Apostolo:</strong></span> <span class='ocrx_word' id='word_1_112' title='bbox 1210 1431 1288 1486; x_wconf 86' lang='lat' dir='ltr'><strong>Ne</strong></span> <span class='ocrx_word' id='word_1_113' title='bbox 1338 1434 1687 1490; x_wconf 74' lang='lat' dir='ltr'><strong>exhibueritis</strong></span> 
     </span>
    </p>
   </div>
   <div class='ocr_carea' id='block_1_17' title="bbox 119 1513 1686 1590">
    <p class='ocr_par' dir='ltr' id='par_1_17' title="bbox 119 1513 1686 1590">
     <span class='ocr_line' id='line_1_17' title="bbox 119 1513 1686 1590; baseline 0.006 -20"><span class='ocrx_word' id='word_1_114' title='bbox 119 1517 352 1572; x_wconf 75' lang='lat' dir='ltr'><strong>tnetttbra</strong></span> <span class='ocrx_word' id='word_1_115' title='bbox 385 1530 559 1574; x_wconf 84' lang='lat' dir='ltr'><strong>vestra</strong></span> <span class='ocrx_word' id='word_1_116' title='bbox 589 1534 732 1574; x_wconf 89' lang='lat' dir='ltr'><strong>arma</strong></span> <span class='ocrx_word' id='word_1_117' title='bbox 761 1519 1050 1588; x_wconf 84' lang='lat' dir='ltr'><strong>iniquitatis</strong></span> <span class='ocrx_word' id='word_1_118' title='bbox 1079 1531 1327 1590; x_wconf 91' lang='lat' dir='ltr'><strong>peccato;</strong></span> <span class='ocrx_word' id='word_1_119' title='bbox 1358 1523 1421 1576; x_wconf 89' lang='lat' dir='ltr'><strong>ad</strong></span> <span class='ocrx_word' id='word_1_120' title='bbox 1453 1513 1686 1579; x_wconf 83' lang='lat' dir='ltr'><strong>mentem</strong></span> 
     </span>
    </p>
   </div>
   <div class='ocr_carea' id='block_1_18' title="bbox 116 1610 1685 1672">
    <p class='ocr_par' dir='ltr' id='par_1_18' title="bbox 116 1610 1685 1672">
     <span class='ocr_line' id='line_1_18' title="bbox 116 1610 1685 1672; baseline 0.004 -10"><span class='ocrx_word' id='word_1_121' title='bbox 116 1610 308 1662; x_wconf 86' lang='lat' dir='ltr'><strong>domita</strong></span> <span class='ocrx_word' id='word_1_122' title='bbox 344 1620 397 1663; x_wconf 90' lang='lat' dir='ltr'><strong>et</strong></span> <span class='ocrx_word' id='word_1_123' title='bbox 428 1611 564 1664; x_wconf 84' lang='lat' dir='ltr'><strong>victa</strong></span> <span class='ocrx_word' id='word_1_124' title='bbox 588 1611 931 1672; x_wconf 83' lang='lat' dir='ltr'><strong>convertitur,</strong></span> <span class='ocrx_word' id='word_1_125' title='bbox 957 1623 1012 1666; x_wconf 90' lang='lat' dir='ltr'><strong>ut</strong></span> <span class='ocrx_word' id='word_1_126' title='bbox 1033 1611 1257 1665; x_wconf 71' lang='lat' dir='ltr'><strong>subdita:</strong></span> <span class='ocrx_word' id='word_1_127' title='bbox 1283 1613 1418 1666; x_wconf 80' lang='lat' dir='ltr'><strong>ratio</strong></span> <span class='ocrx_word' id='word_1_128' title='bbox 1442 1613 1685 1668; x_wconf 86' lang='lat' dir='ltr'><strong>domine-</strong></span> 
     </span>
    </p>
   </div>
   <div class='ocr_carea' id='block_1_19' title="bbox 1791 434 3366 508">
    <p class='ocr_par' dir='ltr' id='par_1_19' title="bbox 1791 434 3366 508">
     <span class='ocr_line' id='line_1_19' title="bbox 1791 434 3366 508; baseline 0.006 -24"><span class='ocrx_word' id='word_1_129' title='bbox 1791 442 1908 485; x_wconf 91' lang='lat' dir='ltr'><strong>tuor</strong></span> <span class='ocrx_word' id='word_1_130' title='bbox 1941 434 2177 500; x_wconf 81' lang='lat' dir='ltr'><strong>partibus</strong></span> <span class='ocrx_word' id='word_1_131' title='bbox 2208 437 2530 490; x_wconf 87' lang='lat' dir='ltr'><strong>continetur.</strong></span> <span class='ocrx_word' id='word_1_132' title='bbox 2558 438 2746 492; x_wconf 88' lang='lat' dir='ltr'><strong>Decem</strong></span> <span class='ocrx_word' id='word_1_133' title='bbox 2775 439 2969 507; x_wconf 85' lang='lat' dir='ltr'><strong>quippe</strong></span> <span class='ocrx_word' id='word_1_134' title='bbox 2998 448 3188 508; x_wconf 88' lang='lat' dir='ltr'><strong>quater</strong></span> <span class='ocrx_word' id='word_1_135' title='bbox 3207 439 3366 494; x_wconf 81' lang='lat' dir='ltr'><strong>ducta</strong></span> 
     </span>
    </p>
   </div>
   <div class='ocr_carea' id='block_1_20' title="bbox 1788 525 3362 600">
    <p class='ocr_par' dir='ltr' id='par_1_20' title="bbox 1788 525 3362 600">
     <span class='ocr_line' id='line_1_20' title="bbox 1788 525 3362 600; baseline 0.007 -25"><span class='ocrx_word' id='word_1_136' title='bbox 1788 525 2133 593; x_wconf 82' lang='lat' dir='ltr'><strong>quadraginta</strong></span> <span class='ocrx_word' id='word_1_137' title='bbox 2170 528 2318 579; x_wconf 87' lang='lat' dir='ltr'><strong>liunt.</strong></span> <span class='ocrx_word' id='word_1_138' title='bbox 2349 527 2472 580; x_wconf 82' lang='lat' dir='ltr'><strong>Sive</strong></span> <span class='ocrx_word' id='word_1_139' title='bbox 2505 528 2594 582; x_wconf 91' lang='lat' dir='ltr'><strong>ille</strong></span> <span class='ocrx_word' id='word_1_140' title='bbox 2623 538 2801 582; x_wconf 78' lang='lat' dir='ltr'><strong>reatus</strong></span> <span class='ocrx_word' id='word_1_141' title='bbox 2829 530 2970 598; x_wconf 90' lang='lat' dir='ltr'><strong>quod</strong></span> <span class='ocrx_word' id='word_1_142' title='bbox 2992 531 3057 584; x_wconf 87' lang='lat' dir='ltr'><strong>ad</strong></span> <span class='ocrx_word' id='word_1_143' title='bbox 3088 530 3206 585; x_wconf 86' lang='lat' dir='ltr'><strong>dies</strong></span> <span class='ocrx_word' id='word_1_144' title='bbox 3237 547 3362 600; x_wconf 87' lang='lat' dir='ltr'><strong>per-</strong></span> 
     </span>
    </p>
   </div>
   <div class='ocr_carea' id='block_1_21' title="bbox 1790 611 3360 688">
    <p class='ocr_par' dir='ltr' id='par_1_21' title="bbox 1790 611 3360 688">
     <span class='ocr_line' id='line_1_21' title="bbox 1790 611 3360 688; baseline 0.006 -24"><span class='ocrx_word' id='word_1_145' title='bbox 1790 611 1919 665; x_wconf 83' lang='lat' dir='ltr'><strong>tinet</strong></span> <span class='ocrx_word' id='word_1_146' title='bbox 1944 629 2006 667; x_wconf 79' lang='lat' dir='ltr'><strong>ex</strong></span> <span class='ocrx_word' id='word_1_147' title='bbox 2040 629 2216 669; x_wconf 92' lang='lat' dir='ltr'><strong>rerum</strong></span> <span class='ocrx_word' id='word_1_148' title='bbox 2250 619 2601 684; x_wconf 87' lang='lat' dir='ltr'><strong>prosperitate</strong></span> <span class='ocrx_word' id='word_1_149' title='bbox 2621 659 2634 682; x_wconf 96' lang='lat'><strong>,</strong></span> <span class='ocrx_word' id='word_1_150' title='bbox 2666 621 2778 673; x_wconf 83' lang='lat' dir='ltr'><strong>sive</strong></span> <span class='ocrx_word' id='word_1_151' title='bbox 2802 619 2941 688; x_wconf 91' lang='lat' dir='ltr'><strong>quod</strong></span> <span class='ocrx_word' id='word_1_152' title='bbox 2976 621 3041 675; x_wconf 91' lang='lat' dir='ltr'><strong>ad</strong></span> <span class='ocrx_word' id='word_1_153' title='bbox 3079 632 3266 676; x_wconf 82' lang='lat' dir='ltr'><strong>noctes</strong></span> <span class='ocrx_word' id='word_1_154' title='bbox 3293 637 3360 675; x_wconf 77' lang='lat' dir='ltr'><strong>ex</strong></span> 
     </span>
    </p>
   </div>
   <div class='ocr_carea' id='block_1_22' title="bbox 1789 709 3361 784">
    <p class='ocr_par' dir='ltr' id='par_1_22' title="bbox 1789 709 3361 784">
     <span class='ocr_line' id='line_1_22' title="bbox 1789 709 3361 784; baseline 0.008 -26"><span class='ocrx_word' id='word_1_155' title='bbox 1789 721 1960 759; x_wconf 90' lang='lat' dir='ltr'><strong>rerum</strong></span> <span class='ocrx_word' id='word_1_156' title='bbox 1984 709 2302 762; x_wconf 82' lang='lat' dir='ltr'><strong>adversitate</strong></span> <span class='ocrx_word' id='word_1_157' title='bbox 2326 718 2629 764; x_wconf 90' lang='lat' dir='ltr'><strong>contractus</strong></span> <span class='ocrx_word' id='word_1_158' title='bbox 2652 712 2741 779; x_wconf 86' lang='lat' dir='ltr'><strong>sit,</strong></span> <span class='ocrx_word' id='word_1_159' title='bbox 2759 723 3090 770; x_wconf 83' lang='lat' dir='ltr'><strong>sacramento</strong></span> <span class='ocrx_word' id='word_1_160' title='bbox 3111 715 3361 784; x_wconf 83' lang='lat' dir='ltr'><strong>baptismi</strong></span> 
     </span>
    </p>
   </div>
   <div class='ocr_carea' id='block_1_23' title="bbox 1787 797 2303 852">
    <p class='ocr_par' dir='ltr' id='par_1_23' title="bbox 1787 797 2303 852">
     <span class='ocr_line' id='line_1_23' title="bbox 1787 797 2303 852; baseline 0.01 -5"><span class='ocrx_word' id='word_1_161' title='bbox 1787 797 2026 850; x_wconf 78' lang='lat' dir='ltr'><strong>cmlestis</strong></span> <span class='ocrx_word' id='word_1_162' title='bbox 2050 797 2303 852; x_wconf 88' lang='lat' dir='ltr'><strong>abluitur.</strong></span> 
     </span>
    </p>
   </div>
   <div class='ocr_carea' id='block_1_24' title="bbox 2386 907 2757 968">
    <p class='ocr_par' dir='ltr' id='par_1_24' title="bbox 2386 907 2757 968">
     <span class='ocr_line' id='line_1_24' title="bbox 2386 907 2757 968; baseline 0.013 -6"><span class='ocrx_word' id='word_1_163' title='bbox 2386 907 2610 964; x_wconf 85' lang='lat' dir='ltr'><strong>CAPUT</strong></span> <span class='ocrx_word' id='word_1_164' title='bbox 2642 908 2757 968; x_wconf 81' lang='lat' dir='ltr'><strong>LX.</strong></span> 
     </span>
    </p>
   </div>
   <div class='ocr_carea' id='block_1_25' title="bbox 1790 992 3352 1064">
    <p class='ocr_par' dir='ltr' id='par_1_25' title="bbox 1790 992 3352 1064">
     <span class='ocr_line' id='line_1_25' title="bbox 1790 992 3352 1064; baseline 0.008 -20"><span class='ocrx_word' id='word_1_165' title='bbox 1790 992 1865 1045; x_wconf 84' lang='lat' dir='ltr'><strong>De</strong></span> <span class='ocrx_word' id='word_1_166' title='bbox 1895 998 2177 1062; x_wconf 69' lang='lat' dir='ltr'><strong>septenario</strong></span> <span class='ocrx_word' id='word_1_167' title='bbox 2222 999 2411 1064; x_wconf 75' lang='lat' dir='ltr'><strong>requiei</strong></span> <span class='ocrx_word' id='word_1_168' title='bbox 2439 1012 2487 1050; x_wconf 81' lang='lat' dir='ltr'><strong>et</strong></span> <span class='ocrx_word' id='word_1_169' title='bbox 2534 1001 2796 1052; x_wconf 83' lang='lat' dir='ltr'><strong>octonario</strong></span> <span class='ocrx_word' id='word_1_170' title='bbox 2825 1004 3206 1056; x_wconf 77' lang='lat' dir='ltr'><strong>resurrectionis</strong></span> <span class='ocrx_word' id='word_1_171' title='bbox 3256 1023 3352 1057; x_wconf 78' lang='lat' dir='ltr'><strong>mt-</strong></span> 
     </span>
    </p>
   </div>
   <div class='ocr_carea' id='block_1_26' title="bbox 1858 1070 3352 1128">
    <p class='ocr_par' dir='ltr' id='par_1_26' title="bbox 1858 1070 3352 1128">
     <span class='ocr_line' id='line_1_26' title="bbox 1858 1070 3352 1128; baseline 0.01 -15"><span class='ocrx_word' id='word_1_172' title='bbox 1858 1081 2011 1124; x_wconf 82' lang='lat' dir='ltr'><strong>mero.</strong></span> <span class='ocrx_word' id='word_1_173' title='bbox 2056 1071 2132 1117; x_wconf 82' lang='lat' dir='ltr'><strong>vel</strong></span> <span class='ocrx_word' id='word_1_174' title='bbox 2161 1071 2224 1118; x_wconf 83' lang='lat' dir='ltr'><strong>de</strong></span> <span class='ocrx_word' id='word_1_175' title='bbox 2251 1070 2516 1121; x_wconf 81' lang='lat' dir='ltr'><strong>emissione</strong></span> <span class='ocrx_word' id='word_1_176' title='bbox 2546 1072 2683 1123; x_wconf 84' lang='lat' dir='ltr'><strong>corvi</strong></span> <span class='ocrx_word' id='word_1_177' title='bbox 2729 1081 2775 1122; x_wconf 88' lang='lat' dir='ltr'><strong>et</strong></span> <span class='ocrx_word' id='word_1_178' title='bbox 2822 1074 3064 1126; x_wconf 74' lang='lat' dir='ltr'><strong>columba:</strong></span> <span class='ocrx_word' id='word_1_179' title='bbox 3092 1091 3109 1126; x_wconf 91' lang='lat'><em>:</em></span> <span class='ocrx_word' id='word_1_180' title='bbox 3145 1078 3263 1127; x_wconf 80' lang='lat' dir='ltr'><strong>item</strong></span> <span class='ocrx_word' id='word_1_181' title='bbox 3290 1091 3352 1128; x_wconf 78' lang='lat' dir='ltr'><strong>ea:</strong></span> 
     </span>
    </p>
   </div>
   <div class='ocr_carea' id='block_1_27' title="bbox 1858 1136 2598 1193">
    <p class='ocr_par' dir='ltr' id='par_1_27' title="bbox 1858 1136 2598 1193">
     <span class='ocr_line' id='line_1_27' title="bbox 1858 1136 2598 1193; baseline 0.011 -8"><span class='ocrx_word' id='word_1_182' title='bbox 1858 1136 1988 1186; x_wconf 73' lang='lat' dir='ltr'><strong>labro</strong></span> <span class='ocrx_word' id='word_1_183' title='bbox 2038 1152 2103 1188; x_wconf 67' lang='lat' dir='ltr'><strong>att</strong></span> <span class='ocrx_word' id='word_1_184' title='bbox 2130 1148 2303 1189; x_wconf 86' lang='lat' dir='ltr'><strong>contra</strong></span> <span class='ocrx_word' id='word_1_185' title='bbox 2327 1136 2598 1193; x_wconf 75' lang='lat' dir='ltr'><strong>Faustum.</strong></span> 
     </span>
    </p>
   </div>
   <div class='ocr_carea' id='block_1_28' title="bbox 1861 1228 3355 1320">
    <p class='ocr_par' dir='ltr' id='par_1_28' title="bbox 1861 1228 3355 1320">
     <span class='ocr_line' id='line_1_28' title="bbox 1861 1228 3355 1320; baseline 0.008 -20"><span class='ocrx_word' id='word_1_186' title='bbox 1861 1247 1923 1300; x_wconf 87' lang='lat' dir='ltr'><strong>Et</strong></span> <span class='ocrx_word' id='word_1_187' title='bbox 1947 1248 2082 1315; x_wconf 83' lang='lat' dir='ltr'><strong>quod</strong></span> <span class='ocrx_word' id='word_1_188' title='bbox 2111 1249 2395 1303; x_wconf 78' lang='lat' dir='ltr'><strong>vicesimus</strong></span> <span class='ocrx_word' id='word_1_189' title='bbox 2417 1261 2469 1306; x_wconf 90' lang='lat' dir='ltr'><strong>et</strong></span> <span class='ocrx_word' id='word_1_190' title='bbox 2491 1228 2744 1320; x_wconf 73' lang='lat' dir='ltr'><strong>septimus</strong></span> <span class='ocrx_word' id='word_1_191' title='bbox 2758 1254 2870 1309; x_wconf 89' lang='lat' dir='ltr'><strong>dies</strong></span> <span class='ocrx_word' id='word_1_192' title='bbox 2895 1258 3092 1310; x_wconf 88' lang='lat' dir='ltr'><strong>mensis</strong></span> <span class='ocrx_word' id='word_1_193' title='bbox 3122 1272 3355 1312; x_wconf 88' lang='lat' dir='ltr'><strong>comme-</strong></span> 
     </span>
    </p>
   </div>
   <div class='ocr_carea' id='block_1_29' title="bbox 1790 1340 3359 1415">
    <p class='ocr_par' dir='ltr' id='par_1_29' title="bbox 1790 1340 3359 1415">
     <span class='ocr_line' id='line_1_29' title="bbox 1790 1340 3359 1415; baseline 0.009 -27"><span class='ocrx_word' id='word_1_194' title='bbox 1790 1349 2026 1391; x_wconf 84' lang='lat' dir='ltr'><strong>moratur</strong></span> <span class='ocrx_word' id='word_1_195' title='bbox 2055 1340 2118 1391; x_wconf 92' lang='lat' dir='ltr'><strong>ad</strong></span> <span class='ocrx_word' id='word_1_196' title='bbox 2146 1341 2384 1408; x_wconf 88' lang='lat' dir='ltr'><strong>ejusdem</strong></span> <span class='ocrx_word' id='word_1_197' title='bbox 2406 1342 2740 1410; x_wconf 78' lang='lat' dir='ltr'><strong>quadraturte</strong></span> <span class='ocrx_word' id='word_1_198' title='bbox 2769 1347 3208 1413; x_wconf 85' lang='lat' dir='ltr'><strong>signiﬁcationem</strong></span> <span class='ocrx_word' id='word_1_199' title='bbox 3242 1364 3359 1415; x_wconf 87' lang='lat' dir='ltr'><strong>per-</strong></span> 
     </span>
    </p>
   </div>
   <div class='ocr_carea' id='block_1_30' title="bbox 1790 1427 3356 1503">
    <p class='ocr_par' dir='ltr' id='par_1_30' title="bbox 1790 1427 3356 1503">
     <span class='ocr_line' id='line_1_30' title="bbox 1790 1427 3356 1503; baseline 0.008 -23"><span class='ocrx_word' id='word_1_200' title='bbox 1790 1427 1940 1491; x_wconf 86' lang='lat' dir='ltr'><strong>tinet,</strong></span> <span class='ocrx_word' id='word_1_201' title='bbox 1965 1444 2080 1496; x_wconf 67' lang='lat' dir='ltr'><strong>quae</strong></span> <span class='ocrx_word' id='word_1_202' title='bbox 2095 1430 2205 1496; x_wconf 86' lang='lat' dir='ltr'><strong>jam</strong></span> <span class='ocrx_word' id='word_1_203' title='bbox 2222 1445 2280 1483; x_wconf 71' lang='lat' dir='ltr'><strong>ex</strong></span> <span class='ocrx_word' id='word_1_204' title='bbox 2304 1429 2403 1502; x_wconf 90' lang='lat' dir='ltr'><strong>[in]</strong></span> <span class='ocrx_word' id='word_1_205' title='bbox 2419 1432 2687 1500; x_wconf 82' lang='lat' dir='ltr'><strong>quadratis</strong></span> <span class='ocrx_word' id='word_1_206' title='bbox 2703 1433 2853 1503; x_wconf 78' lang='lat' dir='ltr'><strong>lignis</strong></span> <span class='ocrx_word' id='word_1_207' title='bbox 2869 1451 2930 1489; x_wconf 72' lang='lat' dir='ltr'><strong>ea</strong></span> <span class='ocrx_word' id='word_1_208' title='bbox 2941 1438 3107 1503; x_wconf 76' lang='lat' dir='ltr'><strong>posita</strong></span> <span class='ocrx_word' id='word_1_209' title='bbox 3135 1434 3233 1491; x_wconf 83' lang='lat' dir='ltr'><strong>est.</strong></span> <span class='ocrx_word' id='word_1_210' title='bbox 3252 1439 3356 1493; x_wconf 88' lang='lat' dir='ltr'><strong>Sed</strong></span> 
     </span>
    </p>
   </div>
   <div class='ocr_carea' id='block_1_31' title="bbox 1789 1516 3358 1594">
    <p class='ocr_par' dir='ltr' id='par_1_31' title="bbox 1789 1516 3358 1594">
     <span class='ocr_line' id='line_1_31' title="bbox 1789 1516 3358 1594; baseline 0.008 -26"><span class='ocrx_word' id='word_1_211' title='bbox 1789 1516 1877 1570; x_wconf 89' lang='lat' dir='ltr'><strong>hic</strong></span> <span class='ocrx_word' id='word_1_212' title='bbox 1904 1518 2201 1572; x_wconf 85' lang='lat' dir='ltr'><strong>evidentius</strong></span> <span class='ocrx_word' id='word_1_213' title='bbox 2245 1523 2366 1588; x_wconf 85' lang='lat' dir='ltr'><strong>quia</strong></span> <span class='ocrx_word' id='word_1_214' title='bbox 2408 1537 2502 1574; x_wconf 87' lang='lat' dir='ltr'><strong>nos</strong></span> <span class='ocrx_word' id='word_1_215' title='bbox 2542 1524 2606 1575; x_wconf 89' lang='lat' dir='ltr'><strong>ad</strong></span> <span class='ocrx_word' id='word_1_216' title='bbox 2638 1538 2795 1579; x_wconf 86' lang='lat' dir='ltr'><strong>omne</strong></span> <span class='ocrx_word' id='word_1_217' title='bbox 2825 1539 2959 1591; x_wconf 90' lang='lat' dir='ltr'><strong>opus</strong></span> <span class='ocrx_word' id='word_1_218' title='bbox 2990 1527 3182 1580; x_wconf 89' lang='lat' dir='ltr'><strong>bonum</strong></span> <span class='ocrx_word' id='word_1_219' title='bbox 3210 1544 3358 1594; x_wconf 73' lang='lat' dir='ltr'><strong>para-</strong></span> 
     </span>
    </p>
   </div>
   <div class='ocr_carea' id='block_1_32' title="bbox 1789 1607 3368 1686">
    <p class='ocr_par' dir='ltr' id='par_1_32' title="bbox 1789 1607 3368 1686">
     <span class='ocr_line' id='line_1_32' title="bbox 1789 1607 3368 1686; baseline 0.009 -28"><span class='ocrx_word' id='word_1_220' title='bbox 1789 1615 1872 1659; x_wconf 89' lang='lat' dir='ltr'><strong>tos</strong></span> <span class='ocrx_word' id='word_1_221' title='bbox 1894 1647 1910 1672; x_wconf 92' lang='lat'><strong>,</strong></span> <span class='ocrx_word' id='word_1_222' title='bbox 1941 1607 1989 1660; x_wconf 93' lang='lat' dir='ltr'><strong>id</strong></span> <span class='ocrx_word' id='word_1_223' title='bbox 2022 1617 2105 1662; x_wconf 91' lang='lat' dir='ltr'><strong>est</strong></span> <span class='ocrx_word' id='word_1_224' title='bbox 2134 1611 2526 1676; x_wconf 88' lang='lat' dir='ltr'><strong>quodammodo</strong></span> <span class='ocrx_word' id='word_1_225' title='bbox 2553 1615 2961 1680; x_wconf 87' lang='lat' dir='ltr'><strong>conquadratos,</strong></span> <span class='ocrx_word' id='word_1_226' title='bbox 2995 1617 3228 1670; x_wconf 81' lang='lat' dir='ltr'><strong>Trinitas</strong></span> <span class='ocrx_word' id='word_1_227' title='bbox 3251 1633 3368 1686; x_wconf 89' lang='lat' dir='ltr'><strong>per-</strong></span> 
     </span>
    </p>
   </div>
   <div class='ocr_carea' id='block_1_33' title="bbox 115 1695 3356 1782">
    <p class='ocr_par' dir='ltr' id='par_1_33' title="bbox 115 1695 3356 1782">
     <span class='ocr_line' id='line_1_33' title="bbox 115 1695 3356 1782; baseline 0.003 -29"><span class='ocrx_word' id='word_1_228' title='bbox 115 1708 213 1753; x_wconf 86' lang='lat' dir='ltr'><strong>tur.</strong></span> <span class='ocrx_word' id='word_1_229' title='bbox 250 1699 368 1754; x_wconf 86' lang='lat' dir='ltr'><strong>Hoc</strong></span> <span class='ocrx_word' id='word_1_230' title='bbox 401 1700 655 1770; x_wconf 69' lang='lat' dir='ltr'><strong>praecepit</strong></span> <span class='ocrx_word' id='word_1_231' title='bbox 687 1702 827 1756; x_wconf 84' lang='lat' dir='ltr'><strong>Deus</strong></span> <span class='ocrx_word' id='word_1_232' title='bbox 858 1695 978 1756; x_wconf 84' lang='lat' dir='ltr'><strong>huic</strong></span> <span class='ocrx_word' id='word_1_233' title='bbox 1013 1704 1100 1772; x_wconf 84' lang='lat' dir='ltr'><strong>qui</strong></span> <span class='ocrx_word' id='word_1_234' title='bbox 1133 1701 1336 1756; x_wconf 87' lang='lat' dir='ltr'><strong>facibus</strong></span> <span class='ocrx_word' id='word_1_235' title='bbox 1365 1704 1579 1760; x_wconf 73' lang='lat' dir='ltr'><strong>invidiae</strong></span> <span class='ocrx_word' id='word_1_236' title='bbox 1607 1707 1761 1782; x_wconf 61' lang='grc' dir='ltr'><strong>ἱππ-Β</strong></span> <span class='ocrx_word' id='word_1_237' title='bbox 1790 1699 1899 1753; x_wconf 85' lang='lat' dir='ltr'><strong>ﬁcit</strong></span> <span class='ocrx_word' id='word_1_238' title='bbox 1928 1701 1978 1754; x_wconf 91' lang='lat' dir='ltr'><strong>in</strong></span> <span class='ocrx_word' id='word_1_239' title='bbox 2003 1703 2256 1756; x_wconf 91' lang='lat' dir='ltr'><strong>memoria</strong></span> <span class='ocrx_word' id='word_1_240' title='bbox 2286 1719 2387 1772; x_wconf 91' lang='lat' dir='ltr'><strong>qua</strong></span> <span class='ocrx_word' id='word_1_241' title='bbox 2410 1703 2573 1757; x_wconf 87' lang='lat' dir='ltr'><strong>Deum</strong></span> <span class='ocrx_word' id='word_1_242' title='bbox 2602 1706 2906 1771; x_wconf 88' lang='lat' dir='ltr'><strong>recnlimus,</strong></span> <span class='ocrx_word' id='word_1_243' title='bbox 2939 1709 2988 1759; x_wconf 92' lang='lat' dir='ltr'><strong>in</strong></span> <span class='ocrx_word' id='word_1_244' title='bbox 3015 1708 3356 1777; x_wconf 80' lang='lat' dir='ltr'><strong>intelligentia</strong></span> 
     </span>
    </p>
   </div>
   <div class='ocr_carea' id='block_1_34' title="bbox 115 1793 1682 1864">
    <p class='ocr_par' dir='ltr' id='par_1_34' title="bbox 115 1793 1682 1864">
     <span class='ocr_line' id='line_1_34' title="bbox 115 1793 1682 1864; baseline 0.005 -17"><span class='ocrx_word' id='word_1_245' title='bbox 115 1793 479 1848; x_wconf 69' lang='lat' dir='ltr'><strong>ntmntabatur</strong></span> <span class='ocrx_word' id='word_1_246' title='bbox 513 1795 565 1849; x_wconf 89' lang='lat' dir='ltr'><strong>in</strong></span> <span class='ocrx_word' id='word_1_247' title='bbox 610 1793 830 1850; x_wconf 80' lang='lat' dir='ltr'><strong>fratrem</strong></span> <span class='ocrx_word' id='word_1_248' title='bbox 857 1835 874 1861; x_wconf 95' lang='lat'><strong>,</strong></span> <span class='ocrx_word' id='word_1_249' title='bbox 916 1805 970 1849; x_wconf 94' lang='lat' dir='ltr'><strong>et</strong></span> <span class='ocrx_word' id='word_1_250' title='bbox 1007 1811 1159 1864; x_wconf 89' lang='lat' dir='ltr'><strong>quem</strong></span> <span class='ocrx_word' id='word_1_251' title='bbox 1203 1796 1458 1852; x_wconf 85' lang='lat' dir='ltr'><strong>debuerat</strong></span> <span class='ocrx_word' id='word_1_252' title='bbox 1484 1799 1682 1855; x_wconf 88' lang='lat' dir='ltr'><strong>imitari</strong></span> 
     </span>
    </p>
   </div>
   <div class='ocr_carea' id='block_1_35' title="bbox 113 1884 1679 1958">
    <p class='ocr_par' dir='ltr' id='par_1_35' title="bbox 113 1884 1679 1958">
     <span class='ocr_line' id='line_1_35' title="bbox 113 1884 1679 1958; baseline 0.006 -20"><span class='ocrx_word' id='word_1_253' title='bbox 113 1885 358 1953; x_wconf 87' lang='lat' dir='ltr'><strong>cupiebat</strong></span> <span class='ocrx_word' id='word_1_254' title='bbox 380 1884 577 1940; x_wconf 79' lang='lat' dir='ltr'><strong>auferri</strong></span> <span class='ocrx_word' id='word_1_255' title='bbox 611 1901 626 1940; x_wconf 86' lang='lat'>:</span> <span class='ocrx_word' id='word_1_256' title='bbox 670 1887 928 1954; x_wconf 88' lang='lat' dir='ltr'><strong>Quiesce,</strong></span> <span class='ocrx_word' id='word_1_257' title='bbox 961 1889 1158 1958; x_wconf 89' lang='lat' dir='ltr'><strong>inquit,</strong></span> <span class='ocrx_word' id='word_1_258' title='bbox 1193 1905 1383 1944; x_wconf 89' lang='lat' dir='ltr'><strong>manus</strong></span> <span class='ocrx_word' id='word_1_259' title='bbox 1413 1906 1440 1943; x_wconf 89' lang='lat' dir='ltr'><strong>a</strong></span> <span class='ocrx_word' id='word_1_260' title='bbox 1472 1892 1679 1948; x_wconf 84' lang='lat' dir='ltr'><strong>scelere</strong></span> 
     </span>
    </p>
   </div>
   <div class='ocr_carea' id='block_1_36' title="bbox 114 1977 1685 2052">
    <p class='ocr_par' dir='ltr' id='par_1_36' title="bbox 114 1977 1685 2052">
     <span class='ocr_line' id='line_1_36' title="bbox 114 1977 1685 2052; baseline 0.006 -23"><span class='ocrx_word' id='word_1_261' title='bbox 114 1977 346 2044; x_wconf 82' lang='lat' dir='ltr'><strong>contine,</strong></span> <span class='ocrx_word' id='word_1_262' title='bbox 374 1992 478 2032; x_wconf 89' lang='lat' dir='ltr'><strong>non</strong></span> <span class='ocrx_word' id='word_1_263' title='bbox 507 1987 694 2048; x_wconf 78' lang='lat' dir='ltr'><strong>regnet</strong></span> <span class='ocrx_word' id='word_1_264' title='bbox 720 1989 998 2047; x_wconf 90' lang='lat' dir='ltr'><strong>peccatum</strong></span> <span class='ocrx_word' id='word_1_265' title='bbox 1027 1983 1075 2034; x_wconf 89' lang='lat' dir='ltr'><strong>in</strong></span> <span class='ocrx_word' id='word_1_266' title='bbox 1103 1982 1316 2036; x_wconf 90' lang='lat' dir='ltr'><strong>mortali</strong></span> <span class='ocrx_word' id='word_1_267' title='bbox 1345 1990 1432 2037; x_wconf 93' lang='lat' dir='ltr'><strong>tuo</strong></span> <span class='ocrx_word' id='word_1_268' title='bbox 1459 1997 1685 2052; x_wconf 89' lang='lat' dir='ltr'><strong>corpore</strong></span> 
     </span>
    </p>
   </div>
   <div class='ocr_carea' id='block_1_37' title="bbox 113 2070 1679 2141">
    <p class='ocr_par' dir='ltr' id='par_1_37' title="bbox 113 2070 1679 2141">
     <span class='ocr_line' id='line_1_37' title="bbox 113 2070 1679 2141; baseline 0.006 -19"><span class='ocrx_word' id='word_1_269' title='bbox 113 2070 170 2122; x_wconf 89' lang='lat' dir='ltr'><strong>ad</strong></span> <span class='ocrx_word' id='word_1_270' title='bbox 195 2071 552 2125; x_wconf 77' lang='lat' dir='ltr'><strong>obedientium</strong></span> <span class='ocrx_word' id='word_1_271' title='bbox 577 2072 855 2127; x_wconf 87' lang='lat' dir='ltr'><strong>desideriis</strong></span> <span class='ocrx_word' id='word_1_272' title='bbox 881 2074 1022 2141; x_wconf 80' lang='lat' dir='ltr'><strong>ejus;</strong></span> <span class='ocrx_word' id='word_1_273' title='bbox 1050 2088 1146 2128; x_wconf 80' lang='lat' dir='ltr'><strong>nec</strong></span> <span class='ocrx_word' id='word_1_274' title='bbox 1167 2075 1422 2129; x_wconf 81' lang='lat' dir='ltr'><strong>exhibeas</strong></span> <span class='ocrx_word' id='word_1_275' title='bbox 1445 2078 1679 2131; x_wconf 83' lang='lat' dir='ltr'><strong>membr‘a</strong></span> 
     </span>
    </p>
   </div>
   <div class='ocr_carea' id='block_1_38' title="bbox 113 2162 1680 2234">
    <p class='ocr_par' dir='ltr' id='par_1_38' title="bbox 113 2162 1680 2234">
     <span class='ocr_line' id='line_1_38' title="bbox 113 2162 1680 2234; baseline 0.005 -20"><span class='ocrx_word' id='word_1_276' title='bbox 113 2172 195 2215; x_wconf 89' lang='lat' dir='ltr'><strong>tua</strong></span> <span class='ocrx_word' id='word_1_277' title='bbox 221 2162 529 2232; x_wconf 87' lang='lat' dir='ltr'><strong>iniquitatis</strong></span> <span class='ocrx_word' id='word_1_278' title='bbox 569 2179 713 2218; x_wconf 89' lang='lat' dir='ltr'><strong>arma</strong></span> <span class='ocrx_word' id='word_1_279' title='bbox 747 2174 998 2234; x_wconf 88' lang='lat' dir='ltr'><strong>peccato,</strong></span> <span class='ocrx_word' id='word_1_280' title='bbox 1033 2165 1096 2218; x_wconf 90' lang='lat' dir='ltr'><strong>ad</strong></span> <span class='ocrx_word' id='word_1_281' title='bbox 1145 2174 1193 2218; x_wconf 89' lang='lat' dir='ltr'><strong>te</strong></span> <span class='ocrx_word' id='word_1_282' title='bbox 1222 2167 1366 2219; x_wconf 90' lang='lat' dir='ltr'><strong>enim</strong></span> <span class='ocrx_word' id='word_1_283' title='bbox 1399 2169 1680 2222; x_wconf 79' lang='lat' dir='ltr'><strong>conversio</strong></span> 
     </span>
    </p>
   </div>
   <div class='ocr_carea' id='block_1_39' title="bbox 113 2252 1680 2326">
    <p class='ocr_par' dir='ltr' id='par_1_39' title="bbox 113 2252 1680 2326">
     <span class='ocr_line' id='line_1_39' title="bbox 113 2252 1680 2326; baseline 0.003 -20"><span class='ocrx_word' id='word_1_284' title='bbox 113 2252 247 2318; x_wconf 83' lang='lat' dir='ltr'><strong>eius,</strong></span> <span class='ocrx_word' id='word_1_285' title='bbox 275 2252 406 2305; x_wconf 89' lang='lat' dir='ltr'><strong>dum</strong></span> <span class='ocrx_word' id='word_1_286' title='bbox 438 2267 546 2306; x_wconf 89' lang='lat' dir='ltr'><strong>non</strong></span> <span class='ocrx_word' id='word_1_287' title='bbox 572 2253 854 2321; x_wconf 74' lang='lat' dir='ltr'><strong>adjuvatur</strong></span> <span class='ocrx_word' id='word_1_288' title='bbox 885 2254 1200 2320; x_wconf 78' lang='lat' dir='ltr'><strong>relaxando,</strong></span> <span class='ocrx_word' id='word_1_289' title='bbox 1235 2256 1330 2310; x_wconf 88' lang='lat' dir='ltr'><strong>sed</strong></span> <span class='ocrx_word' id='word_1_290' title='bbox 1355 2257 1680 2326; x_wconf 87' lang='lat' dir='ltr'><strong>quiescendo</strong></span> 
     </span>
    </p>
   </div>
   <div class='ocr_carea' id='block_1_40' title="bbox 111 2344 1681 2410">
    <p class='ocr_par' dir='ltr' id='par_1_40' title="bbox 111 2344 1681 2410">
     <span class='ocr_line' id='line_1_40' title="bbox 111 2344 1681 2410; baseline 0.008 -18"><span class='ocrx_word' id='word_1_291' title='bbox 111 2344 374 2410; x_wconf 77' lang='lat' dir='ltr'><strong>frenatur,</strong></span> <span class='ocrx_word' id='word_1_292' title='bbox 409 2353 461 2398; x_wconf 89' lang='lat' dir='ltr'><strong>et</strong></span> <span class='ocrx_word' id='word_1_293' title='bbox 491 2351 546 2396; x_wconf 89' lang='lat' dir='ltr'><strong>tu</strong></span> <span class='ocrx_word' id='word_1_294' title='bbox 578 2344 936 2398; x_wconf 88' lang='lat' dir='ltr'><strong>dominaberis</strong></span> <span class='ocrx_word' id='word_1_295' title='bbox 960 2345 1119 2408; x_wconf 86' lang='lat' dir='ltr'><strong>illius,</strong></span> <span class='ocrx_word' id='word_1_296' title='bbox 1151 2356 1205 2398; x_wconf 93' lang='lat' dir='ltr'><strong>ut</strong></span> <span class='ocrx_word' id='word_1_297' title='bbox 1234 2362 1353 2400; x_wconf 93' lang='lat' dir='ltr'><strong>cum</strong></span> <span class='ocrx_word' id='word_1_298' title='bbox 1382 2348 1681 2404; x_wconf 81' lang='lat' dir='ltr'><strong>forinsecus</strong></span> 
     </span>
    </p>
   </div>
   <div class='ocr_carea' id='block_1_41' title="bbox 112 2437 1678 2508">
    <p class='ocr_par' dir='ltr' id='par_1_41' title="bbox 112 2437 1678 2508">
     <span class='ocr_line' id='line_1_41' title="bbox 112 2437 1678 2508; baseline 0.004 -19"><span class='ocrx_word' id='word_1_299' title='bbox 112 2451 210 2489; x_wconf 85' lang='lat' dir='ltr'><strong>non</strong></span> <span class='ocrx_word' id='word_1_300' title='bbox 241 2437 570 2504; x_wconf 87' lang='lat' dir='ltr'><strong>permittitur</strong></span> <span class='ocrx_word' id='word_1_301' title='bbox 598 2438 829 2506; x_wconf 85' lang='lat' dir='ltr'><strong>operari,</strong></span> <span class='ocrx_word' id='word_1_302' title='bbox 862 2438 960 2491; x_wconf 87' lang='lat' dir='ltr'><strong>sub</strong></span> <span class='ocrx_word' id='word_1_303' title='bbox 987 2447 1246 2506; x_wconf 83' lang='lat' dir='ltr'><strong>putestate</strong></span> <span class='ocrx_word' id='word_1_304' title='bbox 1273 2441 1470 2493; x_wconf 88' lang='lat' dir='ltr'><strong>mentis</strong></span> <span class='ocrx_word' id='word_1_305' title='bbox 1492 2456 1678 2508; x_wconf 81' lang='lat' dir='ltr'><strong>regen-</strong></span> 
     </span>
    </p>
   </div>
   <div class='ocr_carea' id='block_1_42' title="bbox 114 2519 1674 2587">
    <p class='ocr_par' dir='ltr' id='par_1_42' title="bbox 114 2519 1674 2587">
     <span class='ocr_line' id='line_1_42' title="bbox 114 2519 1674 2587; baseline 0.004 -7"><span class='ocrx_word' id='word_1_306' title='bbox 114 2527 179 2580; x_wconf 90' lang='lat' dir='ltr'><strong>tis</strong></span> <span class='ocrx_word' id='word_1_307' title='bbox 205 2538 261 2583; x_wconf 90' lang='lat' dir='ltr'><strong>et</strong></span> <span class='ocrx_word' id='word_1_308' title='bbox 299 2527 674 2584; x_wconf 83' lang='lat' dir='ltr'><strong>benevolentis</strong></span> <span class='ocrx_word' id='word_1_309' title='bbox 713 2519 986 2583; x_wconf 83' lang='lat' dir='ltr'><strong>assuescat</strong></span> <span class='ocrx_word' id='word_1_310' title='bbox 1014 2529 1173 2582; x_wconf 86' lang='lat' dir='ltr'><strong>etiam</strong></span> <span class='ocrx_word' id='word_1_311' title='bbox 1219 2530 1541 2585; x_wconf 84' lang='lat' dir='ltr'><strong>intrinsecus</strong></span> <span class='ocrx_word' id='word_1_312' title='bbox 1568 2547 1674 2587; x_wconf 91' lang='lat' dir='ltr'><strong>non</strong></span> 
     </span>
    </p>
   </div>
   <div class='ocr_carea' id='block_1_43' title="bbox 110 2619 1677 2688">
    <p class='ocr_par' dir='ltr' id='par_1_43' title="bbox 110 2619 1677 2688">
     <span class='ocr_line' id='line_1_43' title="bbox 110 2619 1677 2688; baseline 0.003 -16"><span class='ocrx_word' id='word_1_313' title='bbox 110 2620 334 2673; x_wconf 82' lang='lat' dir='ltr'><strong>moveri.</strong></span> <span class='ocrx_word' id='word_1_314' title='bbox 369 2619 577 2674; x_wconf 91' lang='lat' dir='ltr'><strong>Dictum</strong></span> <span class='ocrx_word' id='word_1_315' title='bbox 618 2627 700 2673; x_wconf 88' lang='lat' dir='ltr'><strong>est</strong></span> <span class='ocrx_word' id='word_1_316' title='bbox 734 2620 838 2673; x_wconf 91' lang='lat' dir='ltr'><strong>tale</strong></span> <span class='ocrx_word' id='word_1_317' title='bbox 877 2620 1076 2688; x_wconf 88' lang='lat' dir='ltr'><strong>aliquid</strong></span> <span class='ocrx_word' id='word_1_318' title='bbox 1109 2622 1159 2673; x_wconf 92' lang='lat' dir='ltr'><strong>in</strong></span> <span class='ocrx_word' id='word_1_319' title='bbox 1191 2621 1376 2675; x_wconf 87' lang='lat' dir='ltr'><strong>eodem</strong></span> <span class='ocrx_word' id='word_1_320' title='bbox 1407 2622 1585 2677; x_wconf 88' lang='lat' dir='ltr'><strong>divino</strong></span> <span class='ocrx_word' id='word_1_321' title='bbox 1615 2624 1677 2678; x_wconf 92' lang='lat' dir='ltr'><strong>li-</strong></span> 
     </span>
    </p>
   </div>
   <div class='ocr_carea' id='block_1_44' title="bbox 111 2710 1675 2781">
    <p class='ocr_par' dir='ltr' id='par_1_44' title="bbox 111 2710 1675 2781">
     <span class='ocr_line' id='line_1_44' title="bbox 111 2710 1675 2781; baseline 0.004 -19"><span class='ocrx_word' id='word_1_322' title='bbox 111 2711 202 2763; x_wconf 89' lang='lat' dir='ltr'><strong>bro</strong></span> <span class='ocrx_word' id='word_1_323' title='bbox 225 2751 241 2776; x_wconf 95' lang='lat'><strong>,</strong></span> <span class='ocrx_word' id='word_1_324' title='bbox 275 2721 331 2766; x_wconf 89' lang='lat' dir='ltr'><strong>ct</strong></span> <span class='ocrx_word' id='word_1_325' title='bbox 360 2710 428 2766; x_wconf 91' lang='lat' dir='ltr'><strong>de</strong></span> <span class='ocrx_word' id='word_1_326' title='bbox 453 2711 674 2765; x_wconf 87' lang='lat' dir='ltr'><strong>muliere</strong></span> <span class='ocrx_word' id='word_1_327' title='bbox 693 2711 906 2781; x_wconf 85' lang='lat' dir='ltr'><strong>quando</strong></span> <span class='ocrx_word' id='word_1_328' title='bbox 937 2722 1051 2781; x_wconf 90' lang='lat' dir='ltr'><strong>post</strong></span> <span class='ocrx_word' id='word_1_329' title='bbox 1077 2723 1347 2781; x_wconf 87' lang='lat' dir='ltr'><strong>peccatum</strong></span> <span class='ocrx_word' id='word_1_330' title='bbox 1374 2715 1483 2768; x_wconf 89' lang='lat' dir='ltr'><strong>Deo</strong></span> <span class='ocrx_word' id='word_1_331' title='bbox 1509 2714 1675 2770; x_wconf 86' lang='lat' dir='ltr'><strong>inter-</strong></span> 
     </span>
    </p>
   </div>
   <div class='ocr_carea' id='block_1_45' title="bbox 111 2801 1676 2876">
    <p class='ocr_par' dir='ltr' id='par_1_45' title="bbox 111 2801 1676 2876">
     <span class='ocr_line' id='line_1_45' title="bbox 111 2801 1676 2876; baseline 0.004 -23"><span class='ocrx_word' id='word_1_332' title='bbox 111 2812 334 2871; x_wconf 78' lang='lat' dir='ltr'><strong>rogante</strong></span> <span class='ocrx_word' id='word_1_333' title='bbox 351 2809 507 2869; x_wconf 88' lang='lat' dir='ltr'><strong>atque</strong></span> <span class='ocrx_word' id='word_1_334' title='bbox 524 2801 795 2870; x_wconf 85' lang='lat' dir='ltr'><strong>judicaute</strong></span> <span class='ocrx_word' id='word_1_335' title='bbox 814 2801 1166 2856; x_wconf 87' lang='lat' dir='ltr'><strong>damnationis</strong></span> <span class='ocrx_word' id='word_1_336' title='bbox 1185 2803 1504 2858; x_wconf 89' lang='lat' dir='ltr'><strong>sententiam</strong></span> <span class='ocrx_word' id='word_1_337' title='bbox 1534 2804 1676 2876; x_wconf 64' lang='lat' dir='ltr'><strong>[seno</strong></span> 
     </span>
    </p>
   </div>
   <div class='ocr_carea' id='block_1_46' title="bbox 111 2890 1674 2963">
    <p class='ocr_par' dir='ltr' id='par_1_46' title="bbox 111 2890 1674 2963">
     <span class='ocr_line' id='line_1_46' title="bbox 111 2890 1674 2963; baseline 0.003 -19"><span class='ocrx_word' id='word_1_338' title='bbox 111 2890 324 2962; x_wconf 82' lang='lat' dir='ltr'><strong>tentias]</strong></span> <span class='ocrx_word' id='word_1_339' title='bbox 346 2901 686 2961; x_wconf 89' lang='lat' dir='ltr'><strong>acceperunt.</strong></span> <span class='ocrx_word' id='word_1_340' title='bbox 713 2892 763 2945; x_wconf 90' lang='lat' dir='ltr'><strong>in</strong></span> <span class='ocrx_word' id='word_1_341' title='bbox 796 2901 1041 2960; x_wconf 87' lang='lat' dir='ltr'><strong>serpente</strong></span> <span class='ocrx_word' id='word_1_342' title='bbox 1070 2893 1308 2946; x_wconf 84' lang='lat' dir='ltr'><strong>diabolus</strong></span> <span class='ocrx_word' id='word_1_343' title='bbox 1330 2904 1382 2948; x_wconf 90' lang='lat' dir='ltr'><strong>et</strong></span> <span class='ocrx_word' id='word_1_344' title='bbox 1413 2893 1549 2948; x_wconf 79' lang='lat' dir='ltr'><strong>inse</strong></span> <span class='ocrx_word' id='word_1_345' title='bbox 1591 2901 1674 2963; x_wconf 85' lang='lat' dir='ltr'><strong>ip-</strong></span> 
     </span>
    </p>
   </div>
   <div class='ocr_carea' id='block_1_47' title="bbox 110 2980 1675 3054">
    <p class='ocr_par' dir='ltr' id='par_1_47' title="bbox 110 2980 1675 3054">
     <span class='ocr_line' id='line_1_47' title="bbox 110 2980 1675 3054; baseline 0.003 -20"><span class='ocrx_word' id='word_1_346' title='bbox 110 2982 183 3034; x_wconf 79' lang='lat' dir='ltr'><strong>sis</strong></span> <span class='ocrx_word' id='word_1_347' title='bbox 231 2981 318 3034; x_wconf 81' lang='lat' dir='ltr'><strong>illa</strong></span> <span class='ocrx_word' id='word_1_348' title='bbox 348 2992 402 3034; x_wconf 89' lang='lat' dir='ltr'><strong>et</strong></span> <span class='ocrx_word' id='word_1_349' title='bbox 431 2982 670 3034; x_wconf 89' lang='lat' dir='ltr'><strong>maritus.</strong></span> <span class='ocrx_word' id='word_1_350' title='bbox 704 2980 834 3034; x_wconf 89' lang='lat' dir='ltr'><strong>Cum</strong></span> <span class='ocrx_word' id='word_1_351' title='bbox 868 2982 1007 3034; x_wconf 91' lang='lat' dir='ltr'><strong>enim</strong></span> <span class='ocrx_word' id='word_1_352' title='bbox 1055 2981 1277 3036; x_wconf 66' lang='lat' dir='ltr'><strong>dixis&gt;et</strong></span> <span class='ocrx_word' id='word_1_353' title='bbox 1305 2983 1389 3036; x_wconf 86' lang='lat' dir='ltr'><strong>ei:</strong></span> <span class='ocrx_word' id='word_1_354' title='bbox 1425 2984 1675 3054; x_wconf 85' lang='lat' dir='ltr'><strong>Multipli-</strong></span> 
     </span>
    </p>
   </div>
   <div class='ocr_carea' id='block_1_48' title="bbox 1785 1795 3355 1868">
    <p class='ocr_par' dir='ltr' id='par_1_48' title="bbox 1785 1795 3355 1868">
     <span class='ocr_line' id='line_1_48' title="bbox 1785 1795 3355 1868; baseline 0.007 -25"><span class='ocrx_word' id='word_1_355' title='bbox 1785 1807 1885 1860; x_wconf 89' lang='lat' dir='ltr'><strong>qua</strong></span> <span class='ocrx_word' id='word_1_356' title='bbox 1916 1795 2311 1864; x_wconf 80' lang='lat' dir='ltr'><strong>cognoscimus,</strong></span> <span class='ocrx_word' id='word_1_357' title='bbox 2356 1796 2407 1849; x_wconf 92' lang='lat' dir='ltr'><strong>in</strong></span> <span class='ocrx_word' id='word_1_358' title='bbox 2455 1796 2723 1850; x_wconf 85' lang='lat' dir='ltr'><strong>voluntate</strong></span> <span class='ocrx_word' id='word_1_359' title='bbox 2753 1812 2853 1866; x_wconf 91' lang='lat' dir='ltr'><strong>qua</strong></span> <span class='ocrx_word' id='word_1_360' title='bbox 2885 1798 3157 1868; x_wconf 75' lang='lat' dir='ltr'><strong>diligimus</strong></span> <span class='ocrx_word' id='word_1_361' title='bbox 3211 1817 3223 1852; x_wconf 89' lang='lat'><strong>:</strong></span> <span class='ocrx_word' id='word_1_362' title='bbox 3256 1801 3355 1854; x_wconf 89' lang='lat' dir='ltr'><strong>tria</strong></span> 
     </span>
    </p>
   </div>
   <div class='ocr_carea' id='block_1_49' title="bbox 1787 1884 3355 1959">
    <p class='ocr_par' dir='ltr' id='par_1_49' title="bbox 1787 1884 3355 1959">
     <span class='ocr_line' id='line_1_49' title="bbox 1787 1884 3355 1959; baseline 0.003 -21"><span class='ocrx_word' id='word_1_363' title='bbox 1787 1884 1929 1938; x_wconf 85' lang='lat' dir='ltr'><strong>enim</strong></span> <span class='ocrx_word' id='word_1_364' title='bbox 1961 1893 2040 1939; x_wconf 89' lang='lat' dir='ltr'><strong>ter</strong></span> <span class='ocrx_word' id='word_1_365' title='bbox 2072 1894 2122 1939; x_wconf 91' lang='lat' dir='ltr'><strong>et</strong></span> <span class='ocrx_word' id='word_1_366' title='bbox 2154 1884 2255 1939; x_wconf 89' lang='lat' dir='ltr'><strong>hoc</strong></span> <span class='ocrx_word' id='word_1_367' title='bbox 2287 1894 2365 1959; x_wconf 80' lang='lat' dir='ltr'><strong>ter</strong></span> <span class='ocrx_word' id='word_1_368' title='bbox 2397 1886 2529 1940; x_wconf 90' lang='lat' dir='ltr'><strong>ﬁunt</strong></span> <span class='ocrx_word' id='word_1_369' title='bbox 2559 1886 2739 1955; x_wconf 79' lang='lat' dir='ltr'><strong>vigiuli</strong></span> <span class='ocrx_word' id='word_1_370' title='bbox 2771 1896 2997 1956; x_wconf 86' lang='lat' dir='ltr'><strong>septem,</strong></span> <span class='ocrx_word' id='word_1_371' title='bbox 3032 1890 3119 1957; x_wconf 89' lang='lat' dir='ltr'><strong>qui</strong></span> <span class='ocrx_word' id='word_1_372' title='bbox 3149 1898 3227 1944; x_wconf 90' lang='lat' dir='ltr'><strong>est</strong></span> <span class='ocrx_word' id='word_1_373' title='bbox 3253 1906 3355 1943; x_wconf 82' lang='lat' dir='ltr'><strong>nu-</strong></span> 
     </span>
    </p>
   </div>
   <div class='ocr_carea' id='block_1_50' title="bbox 1784 1977 3356 2048">
    <p class='ocr_par' dir='ltr' id='par_1_50' title="bbox 1784 1977 3356 2048">
     <span class='ocr_line' id='line_1_50' title="bbox 1784 1977 3356 2048; baseline 0.001 -15"><span class='ocrx_word' id='word_1_374' title='bbox 1784 1979 1918 2033; x_wconf 90' lang='lat' dir='ltr'><strong>meri</strong></span> <span class='ocrx_word' id='word_1_375' title='bbox 1955 1977 2171 2033; x_wconf 87' lang='lat' dir='ltr'><strong>ternarii</strong></span> <span class='ocrx_word' id='word_1_376' title='bbox 2203 1979 2514 2048; x_wconf 87' lang='lat' dir='ltr'><strong>quadratus.</strong></span> <span class='ocrx_word' id='word_1_377' title='bbox 2545 1980 2694 2044; x_wconf 86' lang='lat' dir='ltr'><strong>Quod</strong></span> <span class='ocrx_word' id='word_1_378' title='bbox 2744 1983 2971 2048; x_wconf 85' lang='lat' dir='ltr'><strong>septimo</strong></span> <span class='ocrx_word' id='word_1_379' title='bbox 3015 1995 3196 2036; x_wconf 89' lang='lat' dir='ltr'><strong>mense</strong></span> <span class='ocrx_word' id='word_1_380' title='bbox 3237 1997 3356 2035; x_wconf 88' lang='lat' dir='ltr'><strong>arca</strong></span> 
     </span>
    </p>
   </div>
   <div class='ocr_carea' id='block_1_51' title="bbox 1782 2071 3355 2141">
    <p class='ocr_par' dir='ltr' id='par_1_51' title="bbox 1782 2071 3355 2141">
     <span class='ocr_line' id='line_1_51' title="bbox 1782 2071 3355 2141; baseline 0.001 -18"><span class='ocrx_word' id='word_1_381' title='bbox 1782 2071 1919 2123; x_wconf 87' lang='lat' dir='ltr'><strong>sedit</strong></span> <span class='ocrx_word' id='word_1_382' title='bbox 1942 2112 1954 2131; x_wconf 89' lang='lat'><strong>,</strong></span> <span class='ocrx_word' id='word_1_383' title='bbox 1990 2071 2091 2124; x_wconf 85' lang='lat' dir='ltr'><strong>hoc</strong></span> <span class='ocrx_word' id='word_1_384' title='bbox 2121 2081 2203 2124; x_wconf 91' lang='lat' dir='ltr'><strong>est</strong></span> <span class='ocrx_word' id='word_1_385' title='bbox 2234 2072 2512 2139; x_wconf 86' lang='lat' dir='ltr'><strong>requievit,</strong></span> <span class='ocrx_word' id='word_1_386' title='bbox 2542 2073 2606 2125; x_wconf 91' lang='lat' dir='ltr'><strong>ad</strong></span> <span class='ocrx_word' id='word_1_387' title='bbox 2640 2072 2780 2124; x_wconf 90' lang='lat' dir='ltr'><strong>illam</strong></span> <span class='ocrx_word' id='word_1_388' title='bbox 2812 2074 3092 2140; x_wconf 84' lang='lat' dir='ltr'><strong>septimam</strong></span> <span class='ocrx_word' id='word_1_389' title='bbox 3121 2071 3355 2141; x_wconf 85' lang='lat' dir='ltr'><strong>requiem</strong></span> 
     </span>
    </p>
   </div>
   <div class='ocr_carea' id='block_1_52' title="bbox 1782 2162 3353 2235">
    <p class='ocr_par' dir='ltr' id='par_1_52' title="bbox 1782 2162 3353 2235">
     <span class='ocr_line' id='line_1_52' title="bbox 1782 2162 3353 2235; baseline 0.003 -21"><span class='ocrx_word' id='word_1_390' title='bbox 1782 2162 2096 2230; x_wconf 89' lang='lat' dir='ltr'><strong>signiﬁcatio</strong></span> <span class='ocrx_word' id='word_1_391' title='bbox 2129 2164 2372 2231; x_wconf 85' lang='lat' dir='ltr'><strong>recurrit,</strong></span> <span class='ocrx_word' id='word_1_392' title='bbox 2398 2171 2451 2216; x_wconf 90' lang='lat' dir='ltr'><strong>et</strong></span> <span class='ocrx_word' id='word_1_393' title='bbox 2493 2163 2612 2232; x_wconf 90' lang='lat' dir='ltr'><strong>quia</strong></span> <span class='ocrx_word' id='word_1_394' title='bbox 2641 2164 2862 2233; x_wconf 77' lang='lat' dir='ltr'><strong>perfecti</strong></span> <span class='ocrx_word' id='word_1_395' title='bbox 2891 2165 3255 2235; x_wconf 87' lang='lat' dir='ltr'><strong>requiescunt,</strong></span> <span class='ocrx_word' id='word_1_396' title='bbox 3280 2165 3353 2219; x_wconf 90' lang='lat' dir='ltr'><strong>ibi</strong></span> 
     </span>
    </p>
   </div>
   <div class='ocr_carea' id='block_1_53' title="bbox 1783 2253 3350 2322">
    <p class='ocr_par' dir='ltr' id='par_1_53' title="bbox 1783 2253 3350 2322">
     <span class='ocr_line' id='line_1_53' title="bbox 1783 2253 3350 2322; baseline 0.002 -16"><span class='ocrx_word' id='word_1_397' title='bbox 1783 2268 1994 2321; x_wconf 88' lang='lat' dir='ltr'><strong>quoque</strong></span> <span class='ocrx_word' id='word_1_398' title='bbox 2025 2253 2166 2307; x_wconf 80' lang='lat' dir='ltr'><strong>illius</strong></span> <span class='ocrx_word' id='word_1_399' title='bbox 2188 2254 2523 2322; x_wconf 70' lang='lat' dir='ltr'><strong>quadratum</strong></span> <span class='ocrx_word' id='word_1_400' title='bbox 2552 2268 2803 2309; x_wconf 89' lang='lat' dir='ltr'><strong>numerus</strong></span> <span class='ocrx_word' id='word_1_401' title='bbox 2836 2255 3076 2308; x_wconf 90' lang='lat' dir='ltr'><strong>iteratur.</strong></span> <span class='ocrx_word' id='word_1_402' title='bbox 3106 2255 3237 2309; x_wconf 86' lang='lat' dir='ltr'><strong>Nam</strong></span> <span class='ocrx_word' id='word_1_403' title='bbox 3272 2256 3350 2309; x_wconf 88' lang='lat' dir='ltr'><strong>vi-</strong></span> 
     </span>
    </p>
   </div>
   <div class='ocr_carea' id='block_1_54' title="bbox 1781 2345 3345 2412">
    <p class='ocr_par' dir='ltr' id='par_1_54' title="bbox 1781 2345 3345 2412">
     <span class='ocr_line' id='line_1_54' title="bbox 1781 2345 3345 2412; baseline 0.001 -16"><span class='ocrx_word' id='word_1_404' title='bbox 1781 2345 1976 2397; x_wconf 80' lang='lat' dir='ltr'><strong>cesima</strong></span> <span class='ocrx_word' id='word_1_405' title='bbox 2010 2345 2235 2412; x_wconf 88' lang='lat' dir='ltr'><strong>septima</strong></span> <span class='ocrx_word' id='word_1_406' title='bbox 2276 2345 2361 2398; x_wconf 91' lang='lat' dir='ltr'><strong>die</strong></span> <span class='ocrx_word' id='word_1_407' title='bbox 2405 2346 2623 2399; x_wconf 89' lang='lat' dir='ltr'><strong>secundi</strong></span> <span class='ocrx_word' id='word_1_408' title='bbox 2673 2346 2871 2399; x_wconf 90' lang='lat' dir='ltr'><strong>mensis</strong></span> <span class='ocrx_word' id='word_1_409' title='bbox 2913 2347 3345 2400; x_wconf 87' lang='lat' dir='ltr'><strong>commendatum</strong></span> 
     </span>
    </p>
   </div>
   <div class='ocr_carea' id='block_1_55' title="bbox 1781 2431 3349 2507">
    <p class='ocr_par' dir='ltr' id='par_1_55' title="bbox 1781 2431 3349 2507">
     <span class='ocr_line' id='line_1_55' title="bbox 1781 2431 3349 2507; baseline 0.002 -19"><span class='ocrx_word' id='word_1_410' title='bbox 1781 2431 1864 2488; x_wconf 82' lang='lat' dir='ltr'><strong>est</strong></span> <span class='ocrx_word' id='word_1_411' title='bbox 1906 2435 2008 2488; x_wconf 91' lang='lat' dir='ltr'><strong>hoc</strong></span> <span class='ocrx_word' id='word_1_412' title='bbox 2050 2445 2460 2490; x_wconf 83' lang='lat' dir='ltr'><strong>sacramentum.</strong></span> <span class='ocrx_word' id='word_1_413' title='bbox 2499 2437 2561 2490; x_wconf 87' lang='lat' dir='ltr'><strong>Et</strong></span> <span class='ocrx_word' id='word_1_414' title='bbox 2602 2451 2783 2491; x_wconf 89' lang='lat' dir='ltr'><strong>rursus</strong></span> <span class='ocrx_word' id='word_1_415' title='bbox 2821 2438 3071 2491; x_wconf 86' lang='lat' dir='ltr'><strong>vicesima</strong></span> <span class='ocrx_word' id='word_1_416' title='bbox 3122 2439 3349 2507; x_wconf 86' lang='lat' dir='ltr'><strong>septima</strong></span> 
     </span>
    </p>
   </div>
   <div class='ocr_carea' id='block_1_56' title="bbox 1778 2524 3349 2592">
    <p class='ocr_par' dir='ltr' id='par_1_56' title="bbox 1778 2524 3349 2592">
     <span class='ocr_line' id='line_1_56' title="bbox 1778 2524 3349 2592; baseline 0.005 -16"><span class='ocrx_word' id='word_1_417' title='bbox 1778 2524 1866 2577; x_wconf 89' lang='lat' dir='ltr'><strong>die</strong></span> <span class='ocrx_word' id='word_1_418' title='bbox 1915 2525 2126 2592; x_wconf 89' lang='lat' dir='ltr'><strong>septimi</strong></span> <span class='ocrx_word' id='word_1_419' title='bbox 2159 2526 2360 2579; x_wconf 91' lang='lat' dir='ltr'><strong>mensis</strong></span> <span class='ocrx_word' id='word_1_420' title='bbox 2390 2527 2573 2581; x_wconf 89' lang='lat' dir='ltr'><strong>eadem</strong></span> <span class='ocrx_word' id='word_1_421' title='bbox 2616 2528 3009 2582; x_wconf 90' lang='lat' dir='ltr'><strong>commendatio</strong></span> <span class='ocrx_word' id='word_1_422' title='bbox 3034 2530 3349 2584; x_wconf 88' lang='lat' dir='ltr'><strong>conﬁrmata</strong></span> 
     </span>
    </p>
   </div>
   <div class='ocr_carea' id='block_1_57' title="bbox 1774 2605 3349 2688">
    <p class='ocr_par' dir='ltr' id='par_1_57' title="bbox 1774 2605 3349 2688">
     <span class='ocr_line' id='line_1_57' title="bbox 1774 2605 3349 2688; baseline 0.003 -18"><span class='ocrx_word' id='word_1_423' title='bbox 1774 2605 1881 2680; x_wconf 78' lang='lat' dir='ltr'><strong>est,</strong></span> <span class='ocrx_word' id='word_1_424' title='bbox 1912 2630 2029 2668; x_wconf 89' lang='lat' dir='ltr'><strong>cum</strong></span> <span class='ocrx_word' id='word_1_425' title='bbox 2070 2631 2191 2668; x_wconf 83' lang='lat' dir='ltr'><strong>arca</strong></span> <span class='ocrx_word' id='word_1_426' title='bbox 2221 2617 2500 2685; x_wconf 85' lang='lat' dir='ltr'><strong>requievit.</strong></span> <span class='ocrx_word' id='word_1_427' title='bbox 2534 2618 2685 2685; x_wconf 87' lang='lat' dir='ltr'><strong>Quod</strong></span> <span class='ocrx_word' id='word_1_428' title='bbox 2724 2620 2868 2674; x_wconf 90' lang='lat' dir='ltr'><strong>enim</strong></span> <span class='ocrx_word' id='word_1_429' title='bbox 2915 2621 3247 2688; x_wconf 90' lang='lat' dir='ltr'><strong>promittitur</strong></span> <span class='ocrx_word' id='word_1_430' title='bbox 3297 2622 3349 2674; x_wconf 91' lang='lat' dir='ltr'><strong>in</strong></span> 
     </span>
    </p>
   </div>
   <div class='ocr_carea' id='block_1_58' title="bbox 1779 2707 3348 2778">
    <p class='ocr_par' dir='ltr' id='par_1_58' title="bbox 1779 2707 3348 2778">
     <span class='ocr_line' id='line_1_58' title="bbox 1779 2707 3348 2778; baseline 0.004 -19"><span class='ocrx_word' id='word_1_431' title='bbox 1779 2720 1893 2775; x_wconf 76' lang='lat' dir='ltr'><strong>Spe,</strong></span> <span class='ocrx_word' id='word_1_432' title='bbox 1921 2707 2022 2761; x_wconf 89' lang='lat' dir='ltr'><strong>hoc</strong></span> <span class='ocrx_word' id='word_1_433' title='bbox 2043 2707 2325 2761; x_wconf 83' lang='lat' dir='ltr'><strong>exhibetur</strong></span> <span class='ocrx_word' id='word_1_434' title='bbox 2351 2709 2400 2761; x_wconf 91' lang='lat' dir='ltr'><strong>in</strong></span> <span class='ocrx_word' id='word_1_435' title='bbox 2420 2723 2497 2762; x_wconf 89' lang='lat' dir='ltr'><strong>re.</strong></span> <span class='ocrx_word' id='word_1_436' title='bbox 2528 2709 2694 2763; x_wconf 89' lang='lat' dir='ltr'><strong>Porro</strong></span> <span class='ocrx_word' id='word_1_437' title='bbox 2723 2712 2841 2777; x_wconf 90' lang='lat' dir='ltr'><strong>quia</strong></span> <span class='ocrx_word' id='word_1_438' title='bbox 2870 2711 2980 2777; x_wconf 88' lang='lat' dir='ltr'><strong>ipsa</strong></span> <span class='ocrx_word' id='word_1_439' title='bbox 3005 2711 3230 2778; x_wconf 89' lang='lat' dir='ltr'><strong>septima</strong></span> <span class='ocrx_word' id='word_1_440' title='bbox 3257 2727 3348 2765; x_wconf 85' lang='lat' dir='ltr'><strong>re-</strong></span> 
     </span>
    </p>
   </div>
   <div class='ocr_carea' id='block_1_59' title="bbox 1776 2799 3351 2871">
    <p class='ocr_par' dir='ltr' id='par_1_59' title="bbox 1776 2799 3351 2871">
     <span class='ocr_line' id='line_1_59' title="bbox 1776 2799 3351 2871; baseline 0.004 -21"><span class='ocrx_word' id='word_1_441' title='bbox 1776 2799 1926 2867; x_wconf 81' lang='lat' dir='ltr'><strong>quies</strong></span> <span class='ocrx_word' id='word_1_442' title='bbox 1956 2812 2074 2852; x_wconf 91' lang='lat' dir='ltr'><strong>cum</strong></span> <span class='ocrx_word' id='word_1_443' title='bbox 2122 2808 2306 2852; x_wconf 88' lang='lat' dir='ltr'><strong>octava</strong></span> <span class='ocrx_word' id='word_1_444' title='bbox 2350 2799 2735 2854; x_wconf 89' lang='lat' dir='ltr'><strong>resurrectione</strong></span> <span class='ocrx_word' id='word_1_445' title='bbox 2777 2801 3153 2871; x_wconf 86' lang='lat' dir='ltr'><strong>conjungitur(</strong></span> <span class='ocrx_word' id='word_1_446' title='bbox 3179 2817 3351 2871; x_wconf 86' lang='lat' dir='ltr'><strong>neque</strong></span> 
     </span>
    </p>
   </div>
   <div class='ocr_carea' id='block_1_60' title="bbox 1777 2877 3346 2961">
    <p class='ocr_par' dir='ltr' id='par_1_60' title="bbox 1777 2877 3346 2961">
     <span class='ocr_line' id='line_1_60' title="bbox 1777 2877 3346 2961; baseline 0.003 -18"><span class='ocrx_word' id='word_1_447' title='bbox 1777 2887 1920 2943; x_wconf 85' lang='lat' dir='ltr'><strong>enim</strong></span> <span class='ocrx_word' id='word_1_448' title='bbox 1953 2889 2163 2944; x_wconf 77' lang='lat' dir='ltr'><strong>reddito</strong></span> <span class='ocrx_word' id='word_1_449' title='bbox 2190 2904 2415 2958; x_wconf 89' lang='lat' dir='ltr'><strong>corpore</strong></span> <span class='ocrx_word' id='word_1_450' title='bbox 2439 2877 2626 2944; x_wconf 87' lang='lat' dir='ltr'><strong>ﬁnitur</strong></span> <span class='ocrx_word' id='word_1_451' title='bbox 2656 2892 2868 2961; x_wconf 89' lang='lat' dir='ltr'><strong>requies</strong></span> <span class='ocrx_word' id='word_1_452' title='bbox 2897 2907 3014 2960; x_wconf 70' lang='lat' dir='ltr'><strong>quae</strong></span> <span class='ocrx_word' id='word_1_453' title='bbox 3047 2902 3166 2961; x_wconf 89' lang='lat' dir='ltr'><strong>post</strong></span> <span class='ocrx_word' id='word_1_454' title='bbox 3209 2892 3346 2948; x_wconf 88' lang='lat' dir='ltr'><strong>hanc</strong></span> 
     </span>
    </p>
   </div>
   <div class='ocr_carea' id='block_1_61' title="bbox 1777 2979 3341 3048">
    <p class='ocr_par' dir='ltr' id='par_1_61' title="bbox 1777 2979 3341 3048">
     <span class='ocr_line' id='line_1_61' title="bbox 1777 2979 3341 3048; baseline 0.001 -17"><span class='ocrx_word' id='word_1_455' title='bbox 1777 2979 1938 3032; x_wconf 88' lang='lat' dir='ltr'><strong>vitam</strong></span> <span class='ocrx_word' id='word_1_456' title='bbox 1968 2979 2170 3048; x_wconf 81' lang='lat' dir='ltr'><strong>excipit</strong></span> <span class='ocrx_word' id='word_1_457' title='bbox 2197 2990 2450 3045; x_wconf 89' lang='lat' dir='ltr'><strong>sanctos,</strong></span> <span class='ocrx_word' id='word_1_458' title='bbox 2494 2980 2588 3034; x_wconf 88' lang='lat' dir='ltr'><strong>sed</strong></span> <span class='ocrx_word' id='word_1_459' title='bbox 2639 2981 2812 3048; x_wconf 83' lang='lat' dir='ltr'><strong>potius</strong></span> <span class='ocrx_word' id='word_1_460' title='bbox 2858 2990 3024 3035; x_wconf 90' lang='lat' dir='ltr'><strong>totum</strong></span> <span class='ocrx_word' id='word_1_461' title='bbox 3075 2982 3341 3036; x_wconf 89' lang='lat' dir='ltr'><strong>hominem</strong></span> 
     </span>
    </p>
   </div>
   <div class='ocr_carea' id='block_1_62' title="bbox 108 3069 3344 3142">
    <p class='ocr_par' dir='ltr' id='par_1_62' title="bbox 108 3069 3344 3142">
     <span class='ocr_line' id='line_1_62' title="bbox 108 3069 3344 3142; baseline 0.001 -16"><span class='ocrx_word' id='word_1_462' title='bbox 108 3087 231 3127; x_wconf 87' lang='lat' dir='ltr'><strong>cans</strong></span> <span class='ocrx_word' id='word_1_463' title='bbox 257 3071 625 3142; x_wconf 90' lang='lat' dir='ltr'><strong>multiplicabo</strong></span> <span class='ocrx_word' id='word_1_464' title='bbox 655 3073 895 3127; x_wconf 88' lang='lat' dir='ltr'><strong>tristitias</strong></span> <span class='ocrx_word' id='word_1_465' title='bbox 927 3084 1039 3128; x_wconf 91' lang='lat' dir='ltr'><strong>tuas</strong></span> <span class='ocrx_word' id='word_1_466' title='bbox 1069 3085 1121 3127; x_wconf 90' lang='lat' dir='ltr'><strong>et</strong></span> <span class='ocrx_word' id='word_1_467' title='bbox 1142 3078 1391 3142; x_wconf 81' lang='lat' dir='ltr'><strong>gemitum</strong></span> <span class='ocrx_word' id='word_1_468' title='bbox 1421 3084 1589 3142; x_wconf 88' lang='lat' dir='ltr'><strong>tuum,</strong></span> <span class='ocrx_word' id='word_1_469' title='bbox 1621 3085 1675 3132; x_wconf 93' lang='lat' dir='ltr'><strong>et</strong></span> <span class='ocrx_word' id='word_1_470' title='bbox 1701 3072 1750 3138; x_wconf 74' lang='grc' dir='ltr'>α</span> <span class='ocrx_word' id='word_1_471' title='bbox 1781 3084 1885 3123; x_wconf 83' lang='lat' dir='ltr'><strong>non</strong></span> <span class='ocrx_word' id='word_1_472' title='bbox 1913 3069 2087 3124; x_wconf 77' lang='lat' dir='ltr'><strong>adhuc</strong></span> <span class='ocrx_word' id='word_1_473' title='bbox 2112 3085 2208 3138; x_wconf 80' lang='lat' dir='ltr'><strong>spe</strong></span> <span class='ocrx_word' id='word_1_474' title='bbox 2228 3112 2242 3135; x_wconf 83' lang='lat'><strong>,</strong></span> <span class='ocrx_word' id='word_1_475' title='bbox 2284 3070 2377 3125; x_wconf 79' lang='lat' dir='ltr'><strong>sed</strong></span> <span class='ocrx_word' id='word_1_476' title='bbox 2415 3071 2524 3138; x_wconf 79' lang='lat' dir='ltr'><strong>iam</strong></span> <span class='ocrx_word' id='word_1_477' title='bbox 2567 3087 2624 3126; x_wconf 85' lang='lat' dir='ltr'><strong>re</strong></span> <span class='ocrx_word' id='word_1_478' title='bbox 2671 3073 2806 3141; x_wconf 79' lang='lat' dir='ltr'><strong>ipsa.</strong></span> <span class='ocrx_word' id='word_1_479' title='bbox 2846 3073 2989 3126; x_wconf 86' lang='lat' dir='ltr'><strong>omni</strong></span> <span class='ocrx_word' id='word_1_480' title='bbox 3016 3088 3079 3127; x_wconf 79' lang='lat' dir='ltr'><strong>ex</strong></span> <span class='ocrx_word' id='word_1_481' title='bbox 3111 3082 3258 3142; x_wconf 81' lang='lat' dir='ltr'><strong>parte</strong></span> <span class='ocrx_word' id='word_1_482' title='bbox 3287 3083 3344 3128; x_wconf 75' lang='lat' dir='ltr'><strong>et</strong></span> 
     </span>
    </p>
   </div>
   <div class='ocr_carea' id='block_1_63' title="bbox 108 3165 1672 3234">
    <p class='ocr_par' dir='ltr' id='par_1_63' title="bbox 108 3165 1672 3234">
     <span class='ocr_line' id='line_1_63' title="bbox 108 3165 1672 3234; baseline 0.004 -17"><span class='ocrx_word' id='word_1_483' title='bbox 108 3167 157 3217; x_wconf 90' lang='lat' dir='ltr'><strong>in</strong></span> <span class='ocrx_word' id='word_1_484' title='bbox 184 3165 396 3218; x_wconf 88' lang='lat' dir='ltr'><strong>tristitia</strong></span> <span class='ocrx_word' id='word_1_485' title='bbox 429 3167 600 3234; x_wconf 89' lang='lat' dir='ltr'><strong>paries</strong></span> <span class='ocrx_word' id='word_1_486' title='bbox 634 3165 789 3227; x_wconf 88' lang='lat' dir='ltr'><strong>lilios,</strong></span> <span class='ocrx_word' id='word_1_487' title='bbox 820 3165 1010 3220; x_wconf 88' lang='lat' dir='ltr'><strong>deinde</strong></span> <span class='ocrx_word' id='word_1_488' title='bbox 1037 3166 1271 3219; x_wconf 89' lang='lat' dir='ltr'><strong>addidit:</strong></span> <span class='ocrx_word' id='word_1_489' title='bbox 1323 3168 1386 3221; x_wconf 88' lang='lat' dir='ltr'><strong>Et</strong></span> <span class='ocrx_word' id='word_1_490' title='bbox 1414 3168 1481 3223; x_wconf 90' lang='lat' dir='ltr'><strong>ad</strong></span> <span class='ocrx_word' id='word_1_491' title='bbox 1505 3169 1672 3223; x_wconf 81' lang='lat' dir='ltr'><strong>virum</strong></span> 
     </span>
    </p>
   </div>
   <div class='ocr_carea' id='block_1_64' title="bbox 107 3253 1674 3329">
    <p class='ocr_par' dir='ltr' id='par_1_64' title="bbox 107 3253 1674 3329">
     <span class='ocr_line' id='line_1_64' title="bbox 107 3253 1674 3329; baseline 0.004 -21"><span class='ocrx_word' id='word_1_492' title='bbox 107 3266 252 3310; x_wconf 89' lang='lat' dir='ltr'><strong>tuum</strong></span> <span class='ocrx_word' id='word_1_493' title='bbox 279 3253 562 3310; x_wconf 81' lang='lat' dir='ltr'><strong>conversio</strong></span> <span class='ocrx_word' id='word_1_494' title='bbox 603 3268 719 3321; x_wconf 91' lang='lat' dir='ltr'><strong>tua,</strong></span> <span class='ocrx_word' id='word_1_495' title='bbox 758 3268 811 3312; x_wconf 91' lang='lat' dir='ltr'><strong>et</strong></span> <span class='ocrx_word' id='word_1_496' title='bbox 839 3259 954 3326; x_wconf 88' lang='lat' dir='ltr'><strong>ipse</strong></span> <span class='ocrx_word' id='word_1_497' title='bbox 995 3261 1065 3312; x_wconf 88' lang='lat' dir='ltr'><strong>tui</strong></span> <span class='ocrx_word' id='word_1_498' title='bbox 1108 3258 1483 3314; x_wconf 81' lang='lat' dir='ltr'><strong>dominabitur.</strong></span> <span class='ocrx_word' id='word_1_499' title='bbox 1523 3261 1674 3329; x_wconf 85' lang='lat' dir='ltr'><strong>Quod</strong></span> 
     </span>
    </p>
   </div>
   <div class='ocr_carea' id='block_1_65' title="bbox 107 3345 1675 3416">
    <p class='ocr_par' dir='ltr' id='par_1_65' title="bbox 107 3345 1675 3416">
     <span class='ocr_line' id='line_1_65' title="bbox 107 3345 1675 3416; baseline 0.005 -17"><span class='ocrx_word' id='word_1_500' title='bbox 107 3346 303 3400; x_wconf 88' lang='lat' dir='ltr'><strong>dictum</strong></span> <span class='ocrx_word' id='word_1_501' title='bbox 334 3356 418 3400; x_wconf 88' lang='lat' dir='ltr'><strong>est</strong></span> <span class='ocrx_word' id='word_1_502' title='bbox 444 3347 508 3401; x_wconf 90' lang='lat' dir='ltr'><strong>ad</strong></span> <span class='ocrx_word' id='word_1_503' title='bbox 556 3346 686 3401; x_wconf 92' lang='lat' dir='ltr'><strong>Cain</strong></span> <span class='ocrx_word' id='word_1_504' title='bbox 733 3348 800 3402; x_wconf 89' lang='lat' dir='ltr'><strong>de</strong></span> <span class='ocrx_word' id='word_1_505' title='bbox 829 3357 1047 3416; x_wconf 87' lang='lat' dir='ltr'><strong>peccato</strong></span> <span class='ocrx_word' id='word_1_506' title='bbox 1075 3350 1157 3402; x_wconf 89' lang='lat' dir='ltr'><strong>vel</strong></span> <span class='ocrx_word' id='word_1_507' title='bbox 1190 3351 1256 3404; x_wconf 90' lang='lat' dir='ltr'><strong>de</strong></span> <span class='ocrx_word' id='word_1_508' title='bbox 1287 3345 1471 3405; x_wconf 79' lang='lat' dir='ltr'><strong>vitiosa</strong></span> <span class='ocrx_word' id='word_1_509' title='bbox 1500 3356 1675 3408; x_wconf 88' lang='lat' dir='ltr'><strong>carnis</strong></span> 
     </span>
    </p>
   </div>
   <div class='ocr_carea' id='block_1_66' title="bbox 105 3439 1669 3507">
    <p class='ocr_par' dir='ltr' id='par_1_66' title="bbox 105 3439 1669 3507">
     <span class='ocr_line' id='line_1_66' title="bbox 105 3439 1669 3507; baseline 0.004 -17"><span class='ocrx_word' id='word_1_510' title='bbox 105 3439 542 3507; x_wconf 80' lang='lat' dir='ltr'><strong>concupiscentia</strong></span> <span class='ocrx_word' id='word_1_511' title='bbox 570 3480 587 3504; x_wconf 87' lang='lat'><strong>,</strong></span> <span class='ocrx_word' id='word_1_512' title='bbox 624 3440 722 3493; x_wconf 84' lang='lat' dir='ltr'><strong>hoc</strong></span> <span class='ocrx_word' id='word_1_513' title='bbox 753 3439 852 3492; x_wconf 88' lang='lat' dir='ltr'><strong>isto</strong></span> <span class='ocrx_word' id='word_1_514' title='bbox 884 3440 1000 3493; x_wconf 91' lang='lat' dir='ltr'><strong>loco</strong></span> <span class='ocrx_word' id='word_1_515' title='bbox 1038 3440 1103 3492; x_wconf 87' lang='lat' dir='ltr'><strong>de</strong></span> <span class='ocrx_word' id='word_1_516' title='bbox 1136 3443 1429 3507; x_wconf 83' lang='lat' dir='ltr'><strong>peccatrice</strong></span> <span class='ocrx_word' id='word_1_517' title='bbox 1461 3443 1669 3497; x_wconf 89' lang='lat' dir='ltr'><strong>femina.</strong></span> 
     </span>
    </p>
   </div>
   <div class='ocr_carea' id='block_1_67' title="bbox 104 3529 1676 3599">
    <p class='ocr_par' dir='ltr' id='par_1_67' title="bbox 104 3529 1676 3599">
     <span class='ocr_line' id='line_1_67' title="bbox 104 3529 1676 3599; baseline 0.003 -17"><span class='ocrx_word' id='word_1_518' title='bbox 104 3529 202 3582; x_wconf 89' lang='lat' dir='ltr'><strong>Ubi</strong></span> <span class='ocrx_word' id='word_1_519' title='bbox 243 3530 648 3599; x_wconf 79' lang='lat' dir='ltr'><strong>intelligendum</strong></span> <span class='ocrx_word' id='word_1_520' title='bbox 692 3539 774 3584; x_wconf 85' lang='lat' dir='ltr'><strong>est</strong></span> <span class='ocrx_word' id='word_1_521' title='bbox 807 3531 976 3582; x_wconf 89' lang='lat' dir='ltr'><strong>virum</strong></span> <span class='ocrx_word' id='word_1_522' title='bbox 1025 3531 1089 3584; x_wconf 93' lang='lat' dir='ltr'><strong>ad</strong></span> <span class='ocrx_word' id='word_1_523' title='bbox 1139 3532 1420 3599; x_wconf 86' lang='lat' dir='ltr'><strong>regendam</strong></span> <span class='ocrx_word' id='word_1_524' title='bbox 1451 3547 1676 3586; x_wconf 82' lang='lat' dir='ltr'><strong>uxorem</strong></span> 
     </span>
    </p>
   </div>
   <div class='ocr_carea' id='block_1_68' title="bbox 104 3622 1674 3692">
    <p class='ocr_par' dir='ltr' id='par_1_68' title="bbox 104 3622 1674 3692">
     <span class='ocr_line' id='line_1_68' title="bbox 104 3622 1674 3692; baseline 0.003 -17"><span class='ocrx_word' id='word_1_525' title='bbox 104 3623 289 3675; x_wconf 89' lang='lat' dir='ltr'><strong>animo</strong></span> <span class='ocrx_word' id='word_1_526' title='bbox 303 3637 526 3675; x_wconf 88' lang='lat' dir='ltr'><strong>carnem</strong></span> <span class='ocrx_word' id='word_1_527' title='bbox 553 3623 753 3690; x_wconf 87' lang='lat' dir='ltr'><strong>regenti</strong></span> <span class='ocrx_word' id='word_1_528' title='bbox 772 3622 995 3675; x_wconf 88' lang='lat' dir='ltr'><strong>similem</strong></span> <span class='ocrx_word' id='word_1_529' title='bbox 1015 3636 1133 3676; x_wconf 91' lang='lat' dir='ltr'><strong>esse</strong></span> <span class='ocrx_word' id='word_1_530' title='bbox 1160 3633 1434 3691; x_wconf 87' lang='lat' dir='ltr'><strong>oportere;</strong></span> <span class='ocrx_word' id='word_1_531' title='bbox 1461 3635 1674 3692; x_wconf 88' lang='lat' dir='ltr'><strong>propter</strong></span> 
     </span>
    </p>
   </div>
   <div class='ocr_carea' id='block_1_69' title="bbox 104 3711 1674 3791">
    <p class='ocr_par' dir='ltr' id='par_1_69' title="bbox 104 3711 1674 3791">
     <span class='ocr_line' id='line_1_69' title="bbox 104 3711 1674 3791; baseline 0.004 -29"><span class='ocrx_word' id='word_1_532' title='bbox 104 3713 242 3780; x_wconf 91' lang='lat' dir='ltr'><strong>quod</strong></span> <span class='ocrx_word' id='word_1_533' title='bbox 271 3713 411 3766; x_wconf 79' lang='lat' dir='ltr'><strong>dicit</strong></span> <span class='ocrx_word' id='word_1_534' title='bbox 447 3713 731 3780; x_wconf 79' lang='lat' dir='ltr'><strong>Apostolus</strong></span> <span class='ocrx_word' id='word_1_535' title='bbox 758 3729 770 3764; x_wconf 95' lang='lat'>:</span> <span class='ocrx_word' id='word_1_536' title='bbox 803 3711 898 3778; x_wconf 90' lang='lat' dir='ltr'><strong>Qui</strong></span> <span class='ocrx_word' id='word_1_537' title='bbox 928 3712 1096 3791; x_wconf 70' lang='lat' dir='ltr'><strong>diligit</strong></span> <span class='ocrx_word' id='word_1_538' title='bbox 1127 3727 1341 3767; x_wconf 84' lang='lat' dir='ltr'><strong>uxorem</strong></span> <span class='ocrx_word' id='word_1_539' title='bbox 1370 3727 1552 3780; x_wconf 89' lang='lat' dir='ltr'><strong>suam,</strong></span> <span class='ocrx_word' id='word_1_540' title='bbox 1587 3729 1674 3769; x_wconf 91' lang='lat' dir='ltr'><strong>se-</strong></span> 
     </span>
    </p>
   </div>
   <div class='ocr_carea' id='block_1_70' title="bbox 102 3803 1674 3872">
    <p class='ocr_par' dir='ltr' id='par_1_70' title="bbox 102 3803 1674 3872">
     <span class='ocr_line' id='line_1_70' title="bbox 102 3803 1674 3872; baseline 0.001 -15"><span class='ocrx_word' id='word_1_541' title='bbox 102 3805 274 3869; x_wconf 90' lang='lat' dir='ltr'><strong>ipsum</strong></span> <span class='ocrx_word' id='word_1_542' title='bbox 307 3804 507 3872; x_wconf 85' lang='lat' dir='ltr'><strong>diligit,</strong></span> <span class='ocrx_word' id='word_1_543' title='bbox 537 3817 693 3856; x_wconf 90' lang='lat' dir='ltr'><strong>nemo</strong></span> <span class='ocrx_word' id='word_1_544' title='bbox 716 3803 854 3856; x_wconf 89' lang='lat' dir='ltr'><strong>enim</strong></span> <span class='ocrx_word' id='word_1_545' title='bbox 886 3818 1112 3870; x_wconf 89' lang='lat' dir='ltr'><strong>unquam</strong></span> <span class='ocrx_word' id='word_1_546' title='bbox 1141 3817 1353 3856; x_wconf 86' lang='lat' dir='ltr'><strong>carnem</strong></span> <span class='ocrx_word' id='word_1_547' title='bbox 1382 3816 1530 3858; x_wconf 89' lang='lat' dir='ltr'><strong>suam</strong></span> <span class='ocrx_word' id='word_1_548' title='bbox 1551 3804 1674 3858; x_wconf 88' lang='lat' dir='ltr'><strong>odio</strong></span> 
     </span>
    </p>
   </div>
   <div class='ocr_carea' id='block_1_71' title="bbox 104 3892 1670 3960">
    <p class='ocr_par' dir='ltr' id='par_1_71' title="bbox 104 3892 1670 3960">
     <span class='ocr_line' id='line_1_71' title="bbox 104 3892 1670 3960; baseline 0.001 -14"><span class='ocrx_word' id='word_1_549' title='bbox 104 3895 306 3948; x_wconf 87' lang='lat' dir='ltr'><strong>habuit.</strong></span> <span class='ocrx_word' id='word_1_550' title='bbox 340 3893 590 3950; x_wconf 84' lang='lat' dir='ltr'><strong>Sananda</strong></span> <span class='ocrx_word' id='word_1_551' title='bbox 639 3892 780 3947; x_wconf 89' lang='lat' dir='ltr'><strong>enim</strong></span> <span class='ocrx_word' id='word_1_552' title='bbox 830 3905 954 3948; x_wconf 86' lang='lat' dir='ltr'><strong>sunt</strong></span> <span class='ocrx_word' id='word_1_553' title='bbox 999 3894 1113 3947; x_wconf 71' lang='lat' dir='ltr'><strong>haec</strong></span> <span class='ocrx_word' id='word_1_554' title='bbox 1155 3894 1291 3947; x_wconf 82' lang='lat' dir='ltr'><strong>sicut</strong></span> <span class='ocrx_word' id='word_1_555' title='bbox 1332 3907 1530 3960; x_wconf 89' lang='lat' dir='ltr'><strong>nostra,</strong></span> <span class='ocrx_word' id='word_1_556' title='bbox 1566 3910 1670 3948; x_wconf 89' lang='lat' dir='ltr'><strong>non</strong></span> 
     </span>
    </p>
   </div>
   <div class='ocr_carea' id='block_1_72' title="bbox 101 3985 1668 4055">
    <p class='ocr_par' dir='ltr' id='par_1_72' title="bbox 101 3985 1668 4055">
     <span class='ocr_line' id='line_1_72' title="bbox 101 3985 1668 4055; baseline 0.001 -16"><span class='ocrx_word' id='word_1_557' title='bbox 101 3990 236 4041; x_wconf 89' lang='lat' dir='ltr'><strong>sicut</strong></span> <span class='ocrx_word' id='word_1_558' title='bbox 279 3989 453 4041; x_wconf 90' lang='lat' dir='ltr'><strong>aliena</strong></span> <span class='ocrx_word' id='word_1_559' title='bbox 505 3985 824 4039; x_wconf 89' lang='lat' dir='ltr'><strong>damnanda.</strong></span> <span class='ocrx_word' id='word_1_560' title='bbox 892 3986 995 4040; x_wconf 87' lang='lat' dir='ltr'><strong>Sed</strong></span> <span class='ocrx_word' id='word_1_561' title='bbox 1037 3986 1160 4039; x_wconf 90' lang='lat' dir='ltr'><strong>illud</strong></span> <span class='ocrx_word' id='word_1_562' title='bbox 1212 3987 1302 4040; x_wconf 91' lang='lat' dir='ltr'><strong>Dei</strong></span> <span class='ocrx_word' id='word_1_563' title='bbox 1353 3999 1668 4055; x_wconf 62' lang='lat' dir='ltr'><strong>preceptum</strong></span> 
     </span>
    </p>
   </div>
   <div class='ocr_carea' id='block_1_73' title="bbox 101 4077 1672 4147">
    <p class='ocr_par' dir='ltr' id='par_1_73' title="bbox 101 4077 1672 4147">
     <span class='ocr_line' id='line_1_73' title="bbox 101 4077 1672 4147; baseline 0.001 -16"><span class='ocrx_word' id='word_1_564' title='bbox 101 4078 226 4131; x_wconf 88' lang='lat' dir='ltr'><strong>Cain</strong></span> <span class='ocrx_word' id='word_1_565' title='bbox 259 4079 400 4132; x_wconf 90' lang='lat' dir='ltr'><strong>sicut</strong></span> <span class='ocrx_word' id='word_1_566' title='bbox 430 4078 806 4146; x_wconf 69' lang='lat' dir='ltr'><strong>prazvaricator</strong></span> <span class='ocrx_word' id='word_1_567' title='bbox 831 4078 1034 4143; x_wconf 83' lang='lat' dir='ltr'><strong>accepit</strong></span> <span class='ocrx_word' id='word_1_568' title='bbox 1058 4094 1070 4129; x_wconf 92' lang='lat'>:</span> <span class='ocrx_word' id='word_1_569' title='bbox 1093 4077 1452 4131; x_wconf 89' lang='lat' dir='ltr'><strong>invalescente</strong></span> <span class='ocrx_word' id='word_1_570' title='bbox 1474 4080 1672 4147; x_wconf 86' lang='lat' dir='ltr'><strong>quippe</strong></span> 
     </span>
    </p>
   </div>
   <div class='ocr_carea' id='block_1_74' title="bbox 101 4167 1675 4229">
    <p class='ocr_par' dir='ltr' id='par_1_74' title="bbox 101 4167 1675 4229">
     <span class='ocr_line' id='line_1_74' title="bbox 101 4167 1675 4229; baseline 0 -7"><span class='ocrx_word' id='word_1_571' title='bbox 101 4169 408 4222; x_wconf 65' lang='lat' dir='ltr'><strong>invidentia;</strong></span> <span class='ocrx_word' id='word_1_572' title='bbox 437 4168 581 4229; x_wconf 87' lang='lat' dir='ltr'><strong>vitio,</strong></span> <span class='ocrx_word' id='word_1_573' title='bbox 607 4167 820 4221; x_wconf 88' lang='lat' dir='ltr'><strong>fratrem</strong></span> <span class='ocrx_word' id='word_1_574' title='bbox 851 4167 1122 4220; x_wconf 90' lang='lat' dir='ltr'><strong>insidiatus</strong></span> <span class='ocrx_word' id='word_1_575' title='bbox 1145 4168 1354 4220; x_wconf 90' lang='lat' dir='ltr'><strong>occidit.</strong></span> <span class='ocrx_word' id='word_1_576' title='bbox 1389 4167 1535 4222; x_wconf 86' lang='lat' dir='ltr'><strong>Talis</strong></span> <span class='ocrx_word' id='word_1_577' title='bbox 1561 4178 1675 4222; x_wconf 90' lang='lat' dir='ltr'><strong>erat</strong></span> 
     </span>
    </p>
   </div>
   <div class='ocr_carea' id='block_1_75' title="bbox 101 4257 1673 4324">
    <p class='ocr_par' dir='ltr' id='par_1_75' title="bbox 101 4257 1673 4324">
     <span class='ocr_line' id='line_1_75' title="bbox 101 4257 1673 4324; baseline -0.001 -10"><span class='ocrx_word' id='word_1_578' title='bbox 101 4270 331 4314; x_wconf 59' lang='lat' dir='ltr'><strong>terrena</strong></span> <span class='ocrx_word' id='word_1_579' title='bbox 357 4259 600 4312; x_wconf 90' lang='lat' dir='ltr'><strong>conditor</strong></span> <span class='ocrx_word' id='word_1_580' title='bbox 621 4258 864 4311; x_wconf 86' lang='lat' dir='ltr'><strong>civitatis.</strong></span> <span class='ocrx_word' id='word_1_581' title='bbox 900 4257 1170 4321; x_wconf 85' lang='lat' dir='ltr'><strong>Quomodo</strong></span> <span class='ocrx_word' id='word_1_582' title='bbox 1196 4268 1369 4310; x_wconf 86' lang='lat' dir='ltr'><strong>autem</strong></span> <span class='ocrx_word' id='word_1_583' title='bbox 1400 4258 1673 4324; x_wconf 75' lang='lat' dir='ltr'><strong>signiﬁca-</strong></span> 
     </span>
    </p>
   </div>
   <div class='ocr_carea' id='block_1_76' title="bbox 99 4347 1674 4416">
    <p class='ocr_par' dir='ltr' id='par_1_76' title="bbox 99 4347 1674 4416">
     <span class='ocr_line' id='line_1_76' title="bbox 99 4347 1674 4416; baseline -0.002 -12"><span class='ocrx_word' id='word_1_584' title='bbox 99 4352 234 4404; x_wconf 66' lang='lat' dir='ltr'><strong>vi-rit</strong></span> <span class='ocrx_word' id='word_1_585' title='bbox 258 4352 425 4405; x_wconf 85' lang='lat' dir='ltr'><strong>etiam</strong></span> <span class='ocrx_word' id='word_1_586' title='bbox 450 4348 664 4402; x_wconf 70' lang='lat' dir='ltr'><strong>.ludaeos</strong></span> <span class='ocrx_word' id='word_1_587' title='bbox 689 4362 718 4400; x_wconf 91' lang='lat' dir='ltr'><strong>a</strong></span> <span class='ocrx_word' id='word_1_588' title='bbox 742 4348 932 4416; x_wconf 87' lang='lat' dir='ltr'><strong>quibus</strong></span> <span class='ocrx_word' id='word_1_589' title='bbox 952 4347 1192 4401; x_wconf 65' lang='lat' dir='ltr'><strong>Christus</strong></span> <span class='ocrx_word' id='word_1_590' title='bbox 1221 4350 1424 4400; x_wconf 90' lang='lat' dir='ltr'><strong>occisus</strong></span> <span class='ocrx_word' id='word_1_591' title='bbox 1450 4357 1530 4400; x_wconf 88' lang='lat' dir='ltr'><strong>est</strong></span> <span class='ocrx_word' id='word_1_592' title='bbox 1557 4363 1674 4416; x_wconf 83' lang='lat' dir='ltr'><strong>pas-</strong></span> 
     </span>
    </p>
   </div>
   <div class='ocr_carea' id='block_1_77' title="bbox 1778 3161 3338 3235">
    <p class='ocr_par' dir='ltr' id='par_1_77' title="bbox 1778 3161 3338 3235">
     <span class='ocr_line' id='line_1_77' title="bbox 1778 3161 3338 3235; baseline 0.003 -21"><span class='ocrx_word' id='word_1_593' title='bbox 1778 3161 1996 3230; x_wconf 85' lang='lat' dir='ltr'><strong>spiritus</strong></span> <span class='ocrx_word' id='word_1_594' title='bbox 2022 3169 2075 3216; x_wconf 92' lang='lat' dir='ltr'><strong>et</strong></span> <span class='ocrx_word' id='word_1_595' title='bbox 2102 3163 2343 3228; x_wconf 87' lang='lat' dir='ltr'><strong>corporis</strong></span> <span class='ocrx_word' id='word_1_596' title='bbox 2372 3163 2600 3231; x_wconf 85' lang='lat' dir='ltr'><strong>perlecta</strong></span> <span class='ocrx_word' id='word_1_597' title='bbox 2629 3162 2911 3218; x_wconf 90' lang='lat' dir='ltr'><strong>immortali</strong></span> <span class='ocrx_word' id='word_1_598' title='bbox 2941 3163 3338 3235; x_wconf 84' lang='lat' dir='ltr'><strong>[immortalita-</strong></span> 
     </span>
    </p>
   </div>
   <div class='ocr_carea' id='block_1_78' title="bbox 1780 3250 3337 3324">
    <p class='ocr_par' dir='ltr' id='par_1_78' title="bbox 1780 3250 3337 3324">
     <span class='ocr_line' id='line_1_78' title="bbox 1780 3250 3337 3324; baseline 0.001 -19"><span class='ocrx_word' id='word_1_599' title='bbox 1780 3250 1869 3322; x_wconf 87' lang='lat' dir='ltr'><strong>tis]</strong></span> <span class='ocrx_word' id='word_1_600' title='bbox 1906 3253 2078 3306; x_wconf 90' lang='lat' dir='ltr'><strong>salute</strong></span> <span class='ocrx_word' id='word_1_601' title='bbox 2127 3261 2438 3306; x_wconf 80' lang='lat' dir='ltr'><strong>renovatum</strong></span> <span class='ocrx_word' id='word_1_602' title='bbox 2484 3252 2535 3306; x_wconf 90' lang='lat' dir='ltr'><strong>in</strong></span> <span class='ocrx_word' id='word_1_603' title='bbox 2592 3260 2804 3307; x_wconf 61' lang='lat' dir='ltr'><strong>reterns</strong></span> <span class='ocrx_word' id='word_1_604' title='bbox 2847 3252 2966 3307; x_wconf 64' lang='lat' dir='ltr'><strong>vita:</strong></span> <span class='ocrx_word' id='word_1_605' title='bbox 3007 3253 3116 3324; x_wconf 63' lang='grc'><strong>49</strong></span> <span class='ocrx_word' id='word_1_606' title='bbox 3145 3268 3337 3307; x_wconf 80' lang='lat' dir='ltr'><strong>munus</strong></span> 
     </span>
    </p>
   </div>
   <div class='ocr_carea' id='block_1_79' title="bbox 1777 3345 3343 3414">
    <p class='ocr_par' dir='ltr' id='par_1_79' title="bbox 1777 3345 3343 3414">
     <span class='ocr_line' id='line_1_79' title="bbox 1777 3345 3343 3414; baseline 0.004 -18"><span class='ocrx_word' id='word_1_607' title='bbox 1777 3345 2030 3413; x_wconf 84' lang='lat' dir='ltr'><strong>assumit)</strong></span> <span class='ocrx_word' id='word_1_608' title='bbox 2054 3360 2067 3409; x_wconf 90' lang='lat'><strong>;</strong></span> <span class='ocrx_word' id='word_1_609' title='bbox 2096 3345 2216 3413; x_wconf 85' lang='lat' dir='ltr'><strong>quia</strong></span> <span class='ocrx_word' id='word_1_610' title='bbox 2244 3358 2370 3412; x_wconf 88' lang='lat' dir='ltr'><strong>ergo</strong></span> <span class='ocrx_word' id='word_1_611' title='bbox 2398 3346 2620 3413; x_wconf 88' lang='lat' dir='ltr'><strong>septima</strong></span> <span class='ocrx_word' id='word_1_612' title='bbox 2653 3346 2858 3414; x_wconf 88' lang='lat' dir='ltr'><strong>requies</strong></span> <span class='ocrx_word' id='word_1_613' title='bbox 2886 3361 3003 3399; x_wconf 91' lang='lat' dir='ltr'><strong>cum</strong></span> <span class='ocrx_word' id='word_1_614' title='bbox 3031 3357 3213 3402; x_wconf 86' lang='lat' dir='ltr'><strong>octava</strong></span> <span class='ocrx_word' id='word_1_615' title='bbox 3255 3363 3343 3402; x_wconf 86' lang='lat' dir='ltr'><strong>re-</strong></span> 
     </span>
    </p>
   </div>
   <div class='ocr_carea' id='block_1_80' title="bbox 1776 3434 3343 3507">
    <p class='ocr_par' dir='ltr' id='par_1_80' title="bbox 1776 3434 3343 3507">
     <span class='ocr_line' id='line_1_80' title="bbox 1776 3434 3343 3507; baseline 0.004 -20"><span class='ocrx_word' id='word_1_616' title='bbox 1776 3434 2106 3487; x_wconf 80' lang='lat' dir='ltr'><strong>surrectione</strong></span> <span class='ocrx_word' id='word_1_617' title='bbox 2136 3434 2504 3502; x_wconf 82' lang='lat' dir='ltr'><strong>cenjungitur,</strong></span> <span class='ocrx_word' id='word_1_618' title='bbox 2531 3445 2583 3489; x_wconf 91' lang='lat' dir='ltr'><strong>et</strong></span> <span class='ocrx_word' id='word_1_619' title='bbox 2627 3437 2724 3489; x_wconf 91' lang='lat' dir='ltr'><strong>hoc</strong></span> <span class='ocrx_word' id='word_1_620' title='bbox 2754 3437 2803 3490; x_wconf 92' lang='lat' dir='ltr'><strong>iu</strong></span> <span class='ocrx_word' id='word_1_621' title='bbox 2830 3447 3161 3492; x_wconf 87' lang='lat' dir='ltr'><strong>sacramento</strong></span> <span class='ocrx_word' id='word_1_622' title='bbox 3186 3453 3343 3507; x_wconf 81' lang='lat' dir='ltr'><strong>rege-</strong></span> 
     </span>
    </p>
   </div>
   <div class='ocr_carea' id='block_1_81' title="bbox 1777 3524 3344 3599">
    <p class='ocr_par' dir='ltr' id='par_1_81' title="bbox 1777 3524 3344 3599">
     <span class='ocr_line' id='line_1_81' title="bbox 1777 3524 3344 3599; baseline 0.003 -22"><span class='ocrx_word' id='word_1_623' title='bbox 1777 3524 2072 3577; x_wconf 87' lang='lat' dir='ltr'><strong>nerationis</strong></span> <span class='ocrx_word' id='word_1_624' title='bbox 2103 3535 2318 3589; x_wconf 55' lang='lat' dir='ltr'><strong>nostra,</strong></span> <span class='ocrx_word' id='word_1_625' title='bbox 2351 3526 2399 3578; x_wconf 91' lang='lat' dir='ltr'><strong>id</strong></span> <span class='ocrx_word' id='word_1_626' title='bbox 2426 3538 2506 3579; x_wconf 91' lang='lat' dir='ltr'><strong>est</strong></span> <span class='ocrx_word' id='word_1_627' title='bbox 2536 3527 2588 3580; x_wconf 90' lang='lat' dir='ltr'><strong>in</strong></span> <span class='ocrx_word' id='word_1_628' title='bbox 2633 3526 2894 3599; x_wconf 87' lang='lat' dir='ltr'><strong>baptismo</strong></span> <span class='ocrx_word' id='word_1_629' title='bbox 2919 3527 3080 3581; x_wconf 90' lang='lat' dir='ltr'><strong>altum</strong></span> <span class='ocrx_word' id='word_1_630' title='bbox 3126 3527 3344 3597; x_wconf 81' lang='lat' dir='ltr'><strong>profun-</strong></span> 
     </span>
    </p>
   </div>
   <div class='ocr_carea' id='block_1_82' title="bbox 1777 3613 3344 3689">
    <p class='ocr_par' dir='ltr' id='par_1_82' title="bbox 1777 3613 3344 3689">
     <span class='ocr_line' id='line_1_82' title="bbox 1777 3613 3344 3689; baseline 0.004 -22"><span class='ocrx_word' id='word_1_631' title='bbox 1777 3613 2009 3684; x_wconf 91' lang='lat' dir='ltr'><strong>dumque</strong></span> <span class='ocrx_word' id='word_1_632' title='bbox 2039 3617 2348 3685; x_wconf 86' lang='lat' dir='ltr'><strong>mysterium</strong></span> <span class='ocrx_word' id='word_1_633' title='bbox 2380 3626 2492 3672; x_wconf 85' lang='lat' dir='ltr'><strong>est:</strong></span> <span class='ocrx_word' id='word_1_634' title='bbox 2524 3618 2821 3687; x_wconf 88' lang='lat' dir='ltr'><strong>quindecim</strong></span> <span class='ocrx_word' id='word_1_635' title='bbox 2851 3618 3040 3672; x_wconf 89' lang='lat' dir='ltr'><strong>cubitis</strong></span> <span class='ocrx_word' id='word_1_636' title='bbox 3066 3634 3344 3689; x_wconf 85' lang='lat' dir='ltr'><strong>supercre-</strong></span> 
     </span>
    </p>
   </div>
   <div class='ocr_carea' id='block_1_83' title="bbox 1779 3705 3343 3774">
    <p class='ocr_par' dir='ltr' id='par_1_83' title="bbox 1779 3705 3343 3774">
     <span class='ocr_line' id='line_1_83' title="bbox 1779 3705 3343 3774; baseline 0.004 -14"><span class='ocrx_word' id='word_1_637' title='bbox 1779 3705 1857 3760; x_wconf 91' lang='lat' dir='ltr'><strong>vit</strong></span> <span class='ocrx_word' id='word_1_638' title='bbox 1879 3720 2011 3774; x_wconf 90' lang='lat' dir='ltr'><strong>aqua</strong></span> <span class='ocrx_word' id='word_1_639' title='bbox 2040 3706 2302 3761; x_wconf 83' lang='lat' dir='ltr'><strong>excedens</strong></span> <span class='ocrx_word' id='word_1_640' title='bbox 2345 3708 2671 3763; x_wconf 89' lang='lat' dir='ltr'><strong>altitudinem</strong></span> <span class='ocrx_word' id='word_1_641' title='bbox 2719 3709 2976 3762; x_wconf 90' lang='lat' dir='ltr'><strong>montium</strong></span> <span class='ocrx_word' id='word_1_642' title='bbox 2998 3751 3010 3774; x_wconf 87' lang='lat'><strong>,</strong></span> <span class='ocrx_word' id='word_1_643' title='bbox 3045 3710 3098 3764; x_wconf 89' lang='lat' dir='ltr'><strong>id</strong></span> <span class='ocrx_word' id='word_1_644' title='bbox 3130 3720 3211 3766; x_wconf 91' lang='lat' dir='ltr'><strong>est</strong></span> <span class='ocrx_word' id='word_1_645' title='bbox 3243 3712 3343 3766; x_wconf 89' lang='lat' dir='ltr'><strong>hoc</strong></span> 
     </span>
    </p>
   </div>
   <div class='ocr_carea' id='block_1_84' title="bbox 1777 3798 3344 3869">
    <p class='ocr_par' dir='ltr' id='par_1_84' title="bbox 1777 3798 3344 3869">
     <span class='ocr_line' id='line_1_84' title="bbox 1777 3798 3344 3869; baseline 0.006 -23"><span class='ocrx_word' id='word_1_646' title='bbox 1777 3804 2166 3848; x_wconf 89' lang='lat' dir='ltr'><strong>sacramentum</strong></span> <span class='ocrx_word' id='word_1_647' title='bbox 2214 3798 2540 3850; x_wconf 86' lang='lat' dir='ltr'><strong>transcendit</strong></span> <span class='ocrx_word' id='word_1_648' title='bbox 2570 3813 2779 3852; x_wconf 89' lang='lat' dir='ltr'><strong>omnem</strong></span> <span class='ocrx_word' id='word_1_649' title='bbox 2810 3800 3121 3866; x_wconf 85' lang='lat' dir='ltr'><strong>sapientiam</strong></span> <span class='ocrx_word' id='word_1_650' title='bbox 3149 3816 3344 3869; x_wconf 85' lang='lat' dir='ltr'><strong>super-</strong></span> 
     </span>
    </p>
   </div>
   <div class='ocr_carea' id='block_1_85' title="bbox 1778 3884 3340 3959">
    <p class='ocr_par' dir='ltr' id='par_1_85' title="bbox 1778 3884 3340 3959">
     <span class='ocr_line' id='line_1_85' title="bbox 1778 3884 3340 3959; baseline 0.005 -20"><span class='ocrx_word' id='word_1_651' title='bbox 1778 3884 1988 3939; x_wconf 89' lang='lat' dir='ltr'><strong>borum.</strong></span> <span class='ocrx_word' id='word_1_652' title='bbox 2020 3886 2235 3954; x_wconf 86' lang='lat' dir='ltr'><strong>Septem</strong></span> <span class='ocrx_word' id='word_1_653' title='bbox 2265 3889 2457 3957; x_wconf 86' lang='lat' dir='ltr'><strong>quippe</strong></span> <span class='ocrx_word' id='word_1_654' title='bbox 2486 3898 2539 3942; x_wconf 89' lang='lat' dir='ltr'><strong>et</strong></span> <span class='ocrx_word' id='word_1_655' title='bbox 2580 3897 2700 3942; x_wconf 80' lang='lat' dir='ltr'><strong>acto</strong></span> <span class='ocrx_word' id='word_1_656' title='bbox 2739 3889 3016 3959; x_wconf 86' lang='lat' dir='ltr'><strong>conjuncta</strong></span> <span class='ocrx_word' id='word_1_657' title='bbox 3041 3892 3340 3959; x_wconf 88' lang='lat' dir='ltr'><strong>quindecim</strong></span> 
     </span>
    </p>
   </div>
   <div class='ocr_carea' id='block_1_86' title="bbox 1780 3975 3337 4053">
    <p class='ocr_par' dir='ltr' id='par_1_86' title="bbox 1780 3975 3337 4053">
     <span class='ocr_line' id='line_1_86' title="bbox 1780 3975 3337 4053; baseline 0.006 -25"><span class='ocrx_word' id='word_1_658' title='bbox 1780 3975 1939 4041; x_wconf 88' lang='lat' dir='ltr'><strong>ﬁunt,</strong></span> <span class='ocrx_word' id='word_1_659' title='bbox 1971 3986 2024 4031; x_wconf 90' lang='lat' dir='ltr'><strong>et</strong></span> <span class='ocrx_word' id='word_1_660' title='bbox 2052 3979 2169 4046; x_wconf 91' lang='lat' dir='ltr'><strong>quia</strong></span> <span class='ocrx_word' id='word_1_661' title='bbox 2199 3981 2527 4048; x_wconf 81' lang='lat' dir='ltr'><strong>septuaginta</strong></span> <span class='ocrx_word' id='word_1_662' title='bbox 2567 3994 2594 4032; x_wconf 91' lang='lat' dir='ltr'><strong>a</strong></span> <span class='ocrx_word' id='word_1_663' title='bbox 2625 3993 2823 4049; x_wconf 84' lang='lat' dir='ltr'><strong>septem</strong></span> <span class='ocrx_word' id='word_1_664' title='bbox 2851 4023 2865 4047; x_wconf 91' lang='lat'><strong>,</strong></span> <span class='ocrx_word' id='word_1_665' title='bbox 2895 3990 2947 4037; x_wconf 90' lang='lat' dir='ltr'><strong>et</strong></span> <span class='ocrx_word' id='word_1_666' title='bbox 2972 3987 3241 4053; x_wconf 84' lang='lat' dir='ltr'><strong>octoginta</strong></span> <span class='ocrx_word' id='word_1_667' title='bbox 3268 3987 3337 4038; x_wconf 84' lang='lat' dir='ltr'><strong>ab</strong></span> 
     </span>
    </p>
   </div>
   <div class='ocr_carea' id='block_1_87' title="bbox 1777 4069 3338 4140">
    <p class='ocr_par' dir='ltr' id='par_1_87' title="bbox 1777 4069 3338 4140">
     <span class='ocr_line' id='line_1_87' title="bbox 1777 4069 3338 4140; baseline 0.005 -19"><span class='ocrx_word' id='word_1_668' title='bbox 1777 4077 1896 4121; x_wconf 87' lang='lat' dir='ltr'><strong>octo</strong></span> <span class='ocrx_word' id='word_1_669' title='bbox 1932 4069 2360 4134; x_wconf 82' lang='lat' dir='ltr'><strong>denominantur,</strong></span> <span class='ocrx_word' id='word_1_670' title='bbox 2393 4071 2673 4136; x_wconf 85' lang='lat' dir='ltr'><strong>conjuttclo</strong></span> <span class='ocrx_word' id='word_1_671' title='bbox 2705 4085 2926 4140; x_wconf 79' lang='lat' dir='ltr'><strong>utraque</strong></span> <span class='ocrx_word' id='word_1_672' title='bbox 2957 4089 3178 4128; x_wconf 87' lang='lat' dir='ltr'><strong>numero</strong></span> <span class='ocrx_word' id='word_1_673' title='bbox 3209 4089 3338 4129; x_wconf 87' lang='lat' dir='ltr'><strong>cen-</strong></span> 
     </span>
    </p>
   </div>
   <div class='ocr_carea' id='block_1_88' title="bbox 1780 4160 3342 4235">
    <p class='ocr_par' dir='ltr' id='par_1_88' title="bbox 1780 4160 3342 4235">
     <span class='ocr_line' id='line_1_88' title="bbox 1780 4160 3342 4235; baseline 0.006 -23"><span class='ocrx_word' id='word_1_674' title='bbox 1780 4168 1888 4213; x_wconf 90' lang='lat' dir='ltr'><strong>tum</strong></span> <span class='ocrx_word' id='word_1_675' title='bbox 1935 4160 2308 4229; x_wconf 82' lang='lat' dir='ltr'><strong>quinquaginta</strong></span> <span class='ocrx_word' id='word_1_676' title='bbox 2348 4161 2535 4215; x_wconf 86' lang='lat' dir='ltr'><strong>diebus</strong></span> <span class='ocrx_word' id='word_1_677' title='bbox 2579 4165 2804 4218; x_wconf 78' lang='lat' dir='ltr'><strong>exaltata</strong></span> <span class='ocrx_word' id='word_1_678' title='bbox 2856 4174 2938 4219; x_wconf 80' lang='lat' dir='ltr'><strong>est</strong></span> <span class='ocrx_word' id='word_1_679' title='bbox 2988 4181 3154 4235; x_wconf 83' lang='lat' dir='ltr'><strong>aqua,</strong></span> <span class='ocrx_word' id='word_1_680' title='bbox 3192 4182 3342 4222; x_wconf 90' lang='lat' dir='ltr'><strong>eam-</strong></span> 
     </span>
    </p>
   </div>
   <div class='ocr_carea' id='block_1_89' title="bbox 1783 4257 3342 4327">
    <p class='ocr_par' dir='ltr' id='par_1_89' title="bbox 1783 4257 3342 4327">
     <span class='ocr_line' id='line_1_89' title="bbox 1783 4257 3342 4327; baseline 0.006 -21"><span class='ocrx_word' id='word_1_681' title='bbox 1783 4257 1901 4307; x_wconf 89' lang='lat' dir='ltr'><strong>dctn</strong></span> <span class='ocrx_word' id='word_1_682' title='bbox 1945 4257 2095 4310; x_wconf 91' lang='lat' dir='ltr'><strong>nobis</strong></span> <span class='ocrx_word' id='word_1_683' title='bbox 2136 4257 2514 4311; x_wconf 87' lang='lat' dir='ltr'><strong>commendans</strong></span> <span class='ocrx_word' id='word_1_684' title='bbox 2554 4268 2712 4327; x_wconf 87' lang='lat' dir='ltr'><strong>atque</strong></span> <span class='ocrx_word' id='word_1_685' title='bbox 2750 4260 3070 4315; x_wconf 81' lang='lat' dir='ltr'><strong>conﬁrmans</strong></span> <span class='ocrx_word' id='word_1_686' title='bbox 3102 4263 3342 4316; x_wconf 79' lang='lat' dir='ltr'><strong>altitudi-</strong></span> 
     </span>
    </p>
   </div>
   <div class='ocr_carea' id='block_1_90' title="bbox 1782 4346 3340 4414">
    <p class='ocr_par' dir='ltr' id='par_1_90' title="bbox 1782 4346 3340 4414">
     <span class='ocr_line' id='line_1_90' title="bbox 1782 4346 3340 4414; baseline 0.005 -18"><span class='ocrx_word' id='word_1_687' title='bbox 1782 4361 1898 4397; x_wconf 88' lang='lat' dir='ltr'><strong>nem</strong></span> <span class='ocrx_word' id='word_1_688' title='bbox 1949 4346 2192 4414; x_wconf 84' lang='lat' dir='ltr'><strong>baptismi</strong></span> <span class='ocrx_word' id='word_1_689' title='bbox 2225 4348 2277 4400; x_wconf 88' lang='lat' dir='ltr'><strong>in</strong></span> <span class='ocrx_word' id='word_1_690' title='bbox 2309 4349 2671 4401; x_wconf 88' lang='lat' dir='ltr'><strong>consecrando</strong></span> <span class='ocrx_word' id='word_1_691' title='bbox 2711 4363 2849 4402; x_wconf 91' lang='lat' dir='ltr'><strong>novo</strong></span> <span class='ocrx_word' id='word_1_692' title='bbox 2903 4350 3133 4410; x_wconf 86' lang='lat' dir='ltr'><strong>homine,</strong></span> <span class='ocrx_word' id='word_1_693' title='bbox 3163 4352 3229 4404; x_wconf 89' lang='lat' dir='ltr'><strong>ad</strong></span> <span class='ocrx_word' id='word_1_694' title='bbox 3263 4361 3340 4404; x_wconf 81' lang='lat' dir='ltr'><strong>te-</strong></span> 
     </span>
    </p>
   </div>
   <div class='ocr_carea' id='block_1_91' title="bbox 97 4434 3342 4508">
    <p class='ocr_par' dir='ltr' id='par_1_91' title="bbox 97 4434 3342 4508">
     <span class='ocr_line' id='line_1_91' title="bbox 97 4434 3342 4508; baseline 0.001 -16"><span class='ocrx_word' id='word_1_695' title='bbox 97 4451 179 4494; x_wconf 91' lang='lat' dir='ltr'><strong>tor</strong></span> <span class='ocrx_word' id='word_1_696' title='bbox 209 4441 455 4493; x_wconf 85' lang='lat' dir='ltr'><strong>omnium</strong></span> <span class='ocrx_word' id='word_1_697' title='bbox 490 4439 757 4492; x_wconf 77' lang='lat' dir='ltr'><strong>hominum</strong></span> <span class='ocrx_word' id='word_1_698' title='bbox 783 4479 799 4505; x_wconf 88' lang='lat'><strong>,</strong></span> <span class='ocrx_word' id='word_1_699' title='bbox 829 4452 983 4506; x_wconf 88' lang='lat' dir='ltr'><strong>quem</strong></span> <span class='ocrx_word' id='word_1_700' title='bbox 1015 4447 1194 4506; x_wconf 85' lang='lat' dir='ltr'><strong>pastor</strong></span> <span class='ocrx_word' id='word_1_701' title='bbox 1219 4439 1394 4491; x_wconf 80' lang='lat' dir='ltr'><strong>ovium</strong></span> <span class='ocrx_word' id='word_1_702' title='bbox 1425 4455 1671 4507; x_wconf 76' lang='lat' dir='ltr'><strong>pet-orum</strong></span> <span class='ocrx_word' id='word_1_703' title='bbox 1705 4442 1755 4500; x_wconf 88' lang='lat' dir='ltr'><strong>D</strong></span> <span class='ocrx_word' id='word_1_704' title='bbox 1782 4434 2004 4488; x_wconf 89' lang='lat' dir='ltr'><strong>nendam</strong></span> <span class='ocrx_word' id='word_1_705' title='bbox 2045 4437 2235 4505; x_wconf 88' lang='lat' dir='ltr'><strong>quietis</strong></span> <span class='ocrx_word' id='word_1_706' title='bbox 2264 4447 2315 4491; x_wconf 91' lang='lat' dir='ltr'><strong>et</strong></span> <span class='ocrx_word' id='word_1_707' title='bbox 2362 4439 2765 4492; x_wconf 84' lang='lat' dir='ltr'><strong>resurrectionis</strong></span> <span class='ocrx_word' id='word_1_708' title='bbox 2815 4439 2990 4493; x_wconf 90' lang='lat' dir='ltr'><strong>ﬁdem.</strong></span> <span class='ocrx_word' id='word_1_709' title='bbox 3031 4441 3180 4506; x_wconf 89' lang='lat' dir='ltr'><strong>Quod</strong></span> <span class='ocrx_word' id='word_1_710' title='bbox 3227 4452 3342 4508; x_wconf 88' lang='lat' dir='ltr'><strong>post</strong></span> 
     </span>
    </p>
   </div>
   <div class='ocr_carea' id='block_1_92' title="bbox 97 4529 1674 4602">
    <p class='ocr_par' dir='ltr' id='par_1_92' title="bbox 97 4529 1674 4602">
     <span class='ocr_line' id='line_1_92' title="bbox 97 4529 1674 4602; baseline 0 -16"><span class='ocrx_word' id='word_1_711' title='bbox 97 4532 484 4602; x_wconf 67' lang='lat' dir='ltr'><strong>praeﬁgurabat</strong></span> <span class='ocrx_word' id='word_1_712' title='bbox 513 4531 640 4584; x_wconf 88' lang='lat' dir='ltr'><strong>Abel</strong></span> <span class='ocrx_word' id='word_1_713' title='bbox 667 4570 683 4593; x_wconf 87' lang='lat'><strong>,</strong></span> <span class='ocrx_word' id='word_1_714' title='bbox 713 4531 833 4598; x_wconf 87' lang='lat' dir='ltr'><strong>quia</strong></span> <span class='ocrx_word' id='word_1_715' title='bbox 866 4530 916 4582; x_wconf 92' lang='lat' dir='ltr'><strong>in</strong></span> <span class='ocrx_word' id='word_1_716' title='bbox 949 4529 1192 4598; x_wconf 83' lang='lat' dir='ltr'><strong>allegoria</strong></span> <span class='ocrx_word' id='word_1_717' title='bbox 1243 4530 1545 4598; x_wconf 79' lang='lat' dir='ltr'><strong>prephetica</strong></span> <span class='ocrx_word' id='word_1_718' title='bbox 1589 4548 1674 4586; x_wconf 80' lang='lat' dir='ltr'><strong>res</strong></span> 
     </span>
    </p>
   </div>
   <div class='ocr_carea' id='block_1_93' title="bbox 95 4627 1673 4699">
    <p class='ocr_par' dir='ltr' id='par_1_93' title="bbox 95 4627 1673 4699">
     <span class='ocr_line' id='line_1_93' title="bbox 95 4627 1673 4699; baseline 0.005 -23"><span class='ocrx_word' id='word_1_719' title='bbox 95 4642 197 4695; x_wconf 76' lang='lat' dir='ltr'><strong>est,</strong></span> <span class='ocrx_word' id='word_1_720' title='bbox 245 4645 414 4699; x_wconf 82' lang='lat' dir='ltr'><strong>parco</strong></span> <span class='ocrx_word' id='word_1_721' title='bbox 460 4643 601 4682; x_wconf 91' lang='lat' dir='ltr'><strong>nunc</strong></span> <span class='ocrx_word' id='word_1_722' title='bbox 630 4627 805 4681; x_wconf 86' lang='lat' dir='ltr'><strong>dicere</strong></span> <span class='ocrx_word' id='word_1_723' title='bbox 829 4669 842 4687; x_wconf 84' lang='lat'><strong>.</strong></span> <span class='ocrx_word' id='word_1_724' title='bbox 875 4638 928 4681; x_wconf 91' lang='lat' dir='ltr'><strong>et</strong></span> <span class='ocrx_word' id='word_1_725' title='bbox 971 4627 1207 4695; x_wconf 58' lang='lat' dir='ltr'><strong>quaedam</strong></span> <span class='ocrx_word' id='word_1_726' title='bbox 1236 4628 1378 4682; x_wconf 82' lang='lat' dir='ltr'><strong>hinc</strong></span> <span class='ocrx_word' id='word_1_727' title='bbox 1421 4630 1673 4684; x_wconf 87' lang='lat' dir='ltr'><strong>adversus</strong></span> 
     </span>
    </p>
   </div>
   <div class='ocr_carea' id='block_1_94' title="bbox 96 4718 1672 4788">
    <p class='ocr_par' dir='ltr' id='par_1_94' title="bbox 96 4718 1672 4788">
     <span class='ocr_line' id='line_1_94' title="bbox 96 4718 1672 4788; baseline -0.002 -13"><span class='ocrx_word' id='word_1_728' title='bbox 96 4721 356 4775; x_wconf 78' lang='lat' dir='ltr'><strong>Faustum</strong></span> <span class='ocrx_word' id='word_1_729' title='bbox 390 4720 736 4774; x_wconf 61' lang='lat' dir='ltr'><strong>Manicheum</strong></span> <span class='ocrx_word' id='word_1_730' title='bbox 760 4719 953 4770; x_wconf 75' lang='lat' dir='ltr'><strong>dixiSse</strong></span> <span class='ocrx_word' id='word_1_731' title='bbox 978 4733 1059 4770; x_wconf 91' lang='lat' dir='ltr'><strong>me</strong></span> <span class='ocrx_word' id='word_1_732' title='bbox 1089 4719 1264 4770; x_wconf 89' lang='lat' dir='ltr'><strong>recolo</strong></span> <span class='ocrx_word' id='word_1_733' title='bbox 1294 4718 1507 4788; x_wconf 81' lang='lat' dir='ltr'><strong>(Contra</strong></span> <span class='ocrx_word' id='word_1_734' title='bbox 1531 4720 1672 4773; x_wconf 85' lang='lat' dir='ltr'><strong>Fau-</strong></span> 
     </span>
    </p>
   </div>
   <div class='ocr_carea' id='block_1_95' title="bbox 91 4809 1671 4888">
    <p class='ocr_par' dir='ltr' id='par_1_95' title="bbox 91 4809 1671 4888">
     <span class='ocr_line' id='line_1_95' title="bbox 91 4809 1671 4888; baseline -0.001 -23"><span class='ocrx_word' id='word_1_735' title='bbox 91 4825 246 4876; x_wconf 74' lang='lat' dir='ltr'><strong>stum,</strong></span> <span class='ocrx_word' id='word_1_736' title='bbox 282 4812 380 4864; x_wconf 62' lang='lat' dir='ltr'><strong>lib.</strong></span> <span class='ocrx_word' id='word_1_737' title='bbox 415 4811 533 4875; x_wconf 81' lang='lat' dir='ltr'><strong>xu),</strong></span> <span class='ocrx_word' id='word_1_738' title='bbox 563 4810 700 4876; x_wconf 59' lang='lat' dir='ltr'><strong>quod</strong></span> <span class='ocrx_word' id='word_1_739' title='bbox 732 4819 847 4876; x_wconf 80' lang='lat' dir='ltr'><strong>pest</strong></span> <span class='ocrx_word' id='word_1_740' title='bbox 873 4818 1073 4876; x_wconf 92' lang='lat' dir='ltr'><strong>septem</strong></span> <span class='ocrx_word' id='word_1_741' title='bbox 1105 4809 1216 4861; x_wconf 85' lang='lat' dir='ltr'><strong>dies</strong></span> <span class='ocrx_word' id='word_1_742' title='bbox 1243 4823 1308 4861; x_wconf 81' lang='lat' dir='ltr'><strong>ex</strong></span> <span class='ocrx_word' id='word_1_743' title='bbox 1341 4825 1444 4874; x_wconf 89' lang='lat' dir='ltr'><strong>quo</strong></span> <span class='ocrx_word' id='word_1_744' title='bbox 1474 4811 1671 4888; x_wconf 47' lang='lat' dir='ltr'><strong>iugi-ese</strong></span> 
     </span>
    </p>
   </div>
   <div class='ocr_carea' id='block_1_96' title="bbox 91 4901 1670 4969">
    <p class='ocr_par' dir='ltr' id='par_1_96' title="bbox 91 4901 1670 4969">
     <span class='ocr_line' id='line_1_96' title="bbox 91 4901 1670 4969; baseline -0.001 -12"><span class='ocrx_word' id='word_1_745' title='bbox 91 4920 184 4957; x_wconf 87' lang='lat' dir='ltr'><strong>sus</strong></span> <span class='ocrx_word' id='word_1_746' title='bbox 214 4903 334 4957; x_wconf 86' lang='lat' dir='ltr'><strong>Noe</strong></span> <span class='ocrx_word' id='word_1_747' title='bbox 366 4905 416 4954; x_wconf 91' lang='lat' dir='ltr'><strong>in</strong></span> <span class='ocrx_word' id='word_1_748' title='bbox 445 4918 621 4955; x_wconf 60' lang='lat' dir='ltr'><strong>arcam</strong></span> <span class='ocrx_word' id='word_1_749' title='bbox 672 4901 863 4954; x_wconf 82' lang='lat' dir='ltr'><strong>factum</strong></span> <span class='ocrx_word' id='word_1_750' title='bbox 896 4910 978 4954; x_wconf 86' lang='lat' dir='ltr'><strong>est</strong></span> <span class='ocrx_word' id='word_1_751' title='bbox 1015 4901 1298 4964; x_wconf 82' lang='lat' dir='ltr'><strong>diluvium,</strong></span> <span class='ocrx_word' id='word_1_752' title='bbox 1345 4901 1463 4969; x_wconf 88' lang='lat' dir='ltr'><strong>quia</strong></span> <span class='ocrx_word' id='word_1_753' title='bbox 1496 4902 1548 4955; x_wconf 90' lang='lat' dir='ltr'><strong>in</strong></span> <span class='ocrx_word' id='word_1_754' title='bbox 1577 4917 1670 4968; x_wconf 83' lang='lat' dir='ltr'><strong>spe</strong></span> 
     </span>
    </p>
   </div>
   <div class='ocr_carea' id='block_1_97' title="bbox 91 4987 1669 5061">
    <p class='ocr_par' dir='ltr' id='par_1_97' title="bbox 91 4987 1669 5061">
     <span class='ocr_line' id='line_1_97' title="bbox 91 4987 1669 5061; baseline 0 -18"><span class='ocrx_word' id='word_1_755' title='bbox 91 4994 286 5045; x_wconf 75' lang='lat' dir='ltr'><strong>futura:</strong></span> <span class='ocrx_word' id='word_1_756' title='bbox 331 4993 522 5060; x_wconf 88' lang='lat' dir='ltr'><strong>quietis</strong></span> <span class='ocrx_word' id='word_1_757' title='bbox 559 4990 676 5061; x_wconf 81' lang='lat' dir='ltr'><strong>[spe</strong></span> <span class='ocrx_word' id='word_1_758' title='bbox 708 4991 898 5044; x_wconf 65' lang='lat' dir='ltr'><strong>futurae</strong></span> <span class='ocrx_word' id='word_1_759' title='bbox 927 4987 1141 5059; x_wconf 81' lang='lat' dir='ltr'><strong>quietis]</strong></span> <span class='ocrx_word' id='word_1_760' title='bbox 1189 5004 1308 5056; x_wconf 85' lang='lat' dir='ltr'><strong>quae</strong></span> <span class='ocrx_word' id='word_1_761' title='bbox 1337 4990 1564 5056; x_wconf 84' lang='lat' dir='ltr'><strong>septimo</strong></span> <span class='ocrx_word' id='word_1_762' title='bbox 1585 4992 1669 5043; x_wconf 83' lang='lat' dir='ltr'><strong>die</strong></span> 
     </span>
    </p>
   </div>
   <div class='ocr_carea' id='block_1_98' title="bbox 89 5080 1667 5150">
    <p class='ocr_par' dir='ltr' id='par_1_98' title="bbox 89 5080 1667 5150">
     <span class='ocr_line' id='line_1_98' title="bbox 89 5080 1667 5150; baseline 0.001 -16"><span class='ocrx_word' id='word_1_763' title='bbox 89 5083 394 5150; x_wconf 83' lang='lat' dir='ltr'><strong>signiﬁcata</strong></span> <span class='ocrx_word' id='word_1_764' title='bbox 418 5092 499 5134; x_wconf 84' lang='lat' dir='ltr'><strong>est</strong></span> <span class='ocrx_word' id='word_1_765' title='bbox 530 5082 875 5148; x_wconf 85' lang='lat' dir='ltr'><strong>baptizamur;</strong></span> <span class='ocrx_word' id='word_1_766' title='bbox 907 5080 1043 5149; x_wconf 92' lang='lat' dir='ltr'><strong>quod</strong></span> <span class='ocrx_word' id='word_1_767' title='bbox 1079 5089 1268 5145; x_wconf 65' lang='lat' dir='ltr'><strong>praeter</strong></span> <span class='ocrx_word' id='word_1_768' title='bbox 1296 5094 1468 5133; x_wconf 90' lang='lat' dir='ltr'><strong>arcam</strong></span> <span class='ocrx_word' id='word_1_769' title='bbox 1495 5083 1667 5135; x_wconf 87' lang='lat' dir='ltr'><strong>omnis</strong></span> 
     </span>
    </p>
   </div>
   <div class='ocr_carea' id='block_1_99' title="bbox 88 5170 1668 5242">
    <p class='ocr_par' dir='ltr' id='par_1_99' title="bbox 88 5170 1668 5242">
     <span class='ocr_line' id='line_1_99' title="bbox 88 5170 1668 5242; baseline 0.001 -18"><span class='ocrx_word' id='word_1_770' title='bbox 88 5188 214 5226; x_wconf 83' lang='lat' dir='ltr'><strong>caro</strong></span> <span class='ocrx_word' id='word_1_771' title='bbox 237 5189 403 5240; x_wconf 90' lang='lat' dir='ltr'><strong>quam</strong></span> <span class='ocrx_word' id='word_1_772' title='bbox 435 5183 572 5226; x_wconf 90' lang='lat' dir='ltr'><strong>terra</strong></span> <span class='ocrx_word' id='word_1_773' title='bbox 600 5172 928 5226; x_wconf 87' lang='lat' dir='ltr'><strong>sustentabat</strong></span> <span class='ocrx_word' id='word_1_774' title='bbox 949 5170 1144 5224; x_wconf 90' lang='lat' dir='ltr'><strong>diluvio</strong></span> <span class='ocrx_word' id='word_1_775' title='bbox 1175 5171 1484 5238; x_wconf 77' lang='lat' dir='ltr'><strong>coitsumpt&#39;a</strong></span> <span class='ocrx_word' id='word_1_776' title='bbox 1510 5171 1668 5242; x_wconf 82' lang='lat' dir='ltr'><strong>[con-</strong></span> 
     </span>
    </p>
   </div>
   <div class='ocr_carea' id='block_1_100' title="bbox 87 5261 1664 5334">
    <p class='ocr_par' dir='ltr' id='par_1_100' title="bbox 87 5261 1664 5334">
     <span class='ocr_line' id='line_1_100' title="bbox 87 5261 1664 5334; baseline 0.001 -20"><span class='ocrx_word' id='word_1_777' title='bbox 87 5263 384 5334; x_wconf 87' lang='lat' dir='ltr'><strong>summata]</strong></span> <span class='ocrx_word' id='word_1_778' title='bbox 415 5273 516 5327; x_wconf 88' lang='lat' dir='ltr'><strong>est,</strong></span> <span class='ocrx_word' id='word_1_779' title='bbox 545 5263 664 5334; x_wconf 87' lang='lat' dir='ltr'><strong>quia</strong></span> <span class='ocrx_word' id='word_1_780' title='bbox 693 5272 892 5331; x_wconf 75' lang='lat' dir='ltr'><strong>prteter</strong></span> <span class='ocrx_word' id='word_1_781' title='bbox 923 5261 1174 5314; x_wconf 69' lang='lat' dir='ltr'><strong>Ecclesia:</strong></span> <span class='ocrx_word' id='word_1_782' title='bbox 1203 5261 1506 5314; x_wconf 82' lang='lat' dir='ltr'><strong>societatem</strong></span> <span class='ocrx_word' id='word_1_783' title='bbox 1531 5278 1664 5330; x_wconf 89' lang='lat' dir='ltr'><strong>aqua</strong></span> 
     </span>
    </p>
   </div>
   <div class='ocr_carea' id='block_1_101' title="bbox 89 5349 1664 5420">
    <p class='ocr_par' dir='ltr' id='par_1_101' title="bbox 89 5349 1664 5420">
     <span class='ocr_line' id='line_1_101' title="bbox 89 5349 1664 5420; baseline -0.001 -16"><span class='ocrx_word' id='word_1_784' title='bbox 89 5353 368 5420; x_wconf 73' lang='lat' dir='ltr'><strong>baptismi,</strong></span> <span class='ocrx_word' id='word_1_785' title='bbox 398 5355 640 5420; x_wconf 84' lang='lat' dir='ltr'><strong>quamvis</strong></span> <span class='ocrx_word' id='word_1_786' title='bbox 667 5350 852 5406; x_wconf 86' lang='lat' dir='ltr'><strong>eadem</strong></span> <span class='ocrx_word' id='word_1_787' title='bbox 875 5351 963 5411; x_wconf 89' lang='lat' dir='ltr'><strong>sit,</strong></span> <span class='ocrx_word' id='word_1_788' title='bbox 988 5363 1089 5401; x_wconf 90' lang='lat' dir='ltr'><strong>non</strong></span> <span class='ocrx_word' id='word_1_789' title='bbox 1113 5350 1279 5400; x_wconf 89' lang='lat' dir='ltr'><strong>solum</strong></span> <span class='ocrx_word' id='word_1_790' title='bbox 1310 5364 1410 5401; x_wconf 92' lang='lat' dir='ltr'><strong>non</strong></span> <span class='ocrx_word' id='word_1_791' title='bbox 1437 5350 1572 5402; x_wconf 86' lang='lat' dir='ltr'><strong>valet</strong></span> <span class='ocrx_word' id='word_1_792' title='bbox 1600 5349 1664 5402; x_wconf 88' lang='lat' dir='ltr'><strong>ad</strong></span> 
     </span>
    </p>
   </div>
   <div class='ocr_carea' id='block_1_102' title="bbox 87 5437 1664 5509">
    <p class='ocr_par' dir='ltr' id='par_1_102' title="bbox 87 5437 1664 5509">
     <span class='ocr_line' id='line_1_102' title="bbox 87 5437 1664 5509; baseline -0.004 -13"><span class='ocrx_word' id='word_1_793' title='bbox 87 5447 319 5497; x_wconf 74' lang='lat' dir='ltr'><strong>salutem</strong></span> <span class='ocrx_word' id='word_1_794' title='bbox 343 5484 358 5506; x_wconf 89' lang='lat'><strong>,</strong></span> <span class='ocrx_word' id='word_1_795' title='bbox 391 5446 482 5496; x_wconf 88' lang='lat' dir='ltr'><strong>sed</strong></span> <span class='ocrx_word' id='word_1_796' title='bbox 515 5444 653 5496; x_wconf 84' lang='lat' dir='ltr'><strong>valet</strong></span> <span class='ocrx_word' id='word_1_797' title='bbox 693 5443 866 5509; x_wconf 89' lang='lat' dir='ltr'><strong>potius</strong></span> <span class='ocrx_word' id='word_1_798' title='bbox 895 5439 960 5492; x_wconf 90' lang='lat' dir='ltr'><strong>ad</strong></span> <span class='ocrx_word' id='word_1_799' title='bbox 1007 5438 1323 5506; x_wconf 85' lang='lat' dir='ltr'><strong>perniciem;</strong></span> <span class='ocrx_word' id='word_1_800' title='bbox 1367 5437 1506 5504; x_wconf 85' lang='lat' dir='ltr'><strong>quod</strong></span> <span class='ocrx_word' id='word_1_801' title='bbox 1536 5453 1664 5506; x_wconf 88' lang='lat' dir='ltr'><strong>qua-</strong></span> 
     </span>
    </p>
   </div>
   <div class='ocr_carea' id='block_1_103' title="bbox 86 5525 1660 5603">
    <p class='ocr_par' dir='ltr' id='par_1_103' title="bbox 86 5525 1660 5603">
     <span class='ocr_line' id='line_1_103' title="bbox 86 5525 1660 5603; baseline -0.006 -17"><span class='ocrx_word' id='word_1_802' title='bbox 86 5534 336 5603; x_wconf 80' lang='lat' dir='ltr'><strong>draginta</strong></span> <span class='ocrx_word' id='word_1_803' title='bbox 368 5532 553 5586; x_wconf 89' lang='lat' dir='ltr'><strong>diebus</strong></span> <span class='ocrx_word' id='word_1_804' title='bbox 598 5542 649 5585; x_wconf 89' lang='lat' dir='ltr'><strong>et</strong></span> <span class='ocrx_word' id='word_1_805' title='bbox 679 5530 1018 5599; x_wconf 88' lang='lat' dir='ltr'><strong>qttadraginta</strong></span> <span class='ocrx_word' id='word_1_806' title='bbox 1069 5525 1308 5579; x_wconf 83' lang='lat' dir='ltr'><strong>noctibus</strong></span> <span class='ocrx_word' id='word_1_807' title='bbox 1349 5525 1501 5591; x_wconf 83' lang='lat' dir='ltr'><strong>pluit,</strong></span> <span class='ocrx_word' id='word_1_808' title='bbox 1542 5527 1660 5592; x_wconf 81' lang='lat' dir='ltr'><strong>quia</strong></span> 
     </span>
    </p>
   </div>
   <div class='ocr_carea' id='block_1_104' title="bbox 84 5613 1661 5690">
    <p class='ocr_par' dir='ltr' id='par_1_104' title="bbox 84 5613 1661 5690">
     <span class='ocr_line' id='line_1_104' title="bbox 84 5613 1661 5690; baseline -0.006 -11"><span class='ocrx_word' id='word_1_809' title='bbox 84 5621 265 5679; x_wconf 84' lang='lat' dir='ltr'><strong>Otnnis</strong></span> <span class='ocrx_word' id='word_1_810' title='bbox 287 5632 466 5678; x_wconf 88' lang='lat' dir='ltr'><strong>reatus</strong></span> <span class='ocrx_word' id='word_1_811' title='bbox 495 5632 828 5690; x_wconf 85' lang='lat' dir='ltr'><strong>peccatorum</strong></span> <span class='ocrx_word' id='word_1_812' title='bbox 852 5619 941 5689; x_wconf 90' lang='lat' dir='ltr'><strong>qui</strong></span> <span class='ocrx_word' id='word_1_813' title='bbox 973 5618 1024 5673; x_wconf 91' lang='lat' dir='ltr'><strong>in</strong></span> <span class='ocrx_word' id='word_1_814' title='bbox 1053 5617 1232 5672; x_wconf 83' lang='lat' dir='ltr'><strong>decem</strong></span> <span class='ocrx_word' id='word_1_815' title='bbox 1265 5613 1550 5683; x_wconf 66' lang='lat' dir='ltr'><strong>praeceptis</strong></span> <span class='ocrx_word' id='word_1_816' title='bbox 1584 5616 1661 5670; x_wconf 88' lang='lat' dir='ltr'><strong>lc-</strong></span> 
     </span>
    </p>
   </div>
   <div class='ocr_carea' id='block_1_105' title="bbox 1745 4524 3342 4597">
    <p class='ocr_par' dir='ltr' id='par_1_105' title="bbox 1745 4524 3342 4597">
     <span class='ocr_line' id='line_1_105' title="bbox 1745 4524 3342 4597; baseline 0.006 -22"><span class='ocrx_word' id='word_1_817' title='bbox 1745 4580 1748 4582; x_wconf 97' lang='lat'><em>_</em></span> <span class='ocrx_word' id='word_1_818' title='bbox 1779 4524 1893 4578; x_wconf 81' lang='lat' dir='ltr'><strong>dies</strong></span> <span class='ocrx_word' id='word_1_819' title='bbox 1923 4525 2262 4594; x_wconf 82' lang='lat' dir='ltr'><strong>quadraginta</strong></span> <span class='ocrx_word' id='word_1_820' title='bbox 2295 4528 2522 4581; x_wconf 88' lang='lat' dir='ltr'><strong>emissus</strong></span> <span class='ocrx_word' id='word_1_821' title='bbox 2548 4542 2741 4581; x_wconf 92' lang='lat' dir='ltr'><strong>corvus</strong></span> <span class='ocrx_word' id='word_1_822' title='bbox 2766 4569 2782 4592; x_wconf 93' lang='lat'><strong>,</strong></span> <span class='ocrx_word' id='word_1_823' title='bbox 2815 4544 2916 4582; x_wconf 89' lang='lat' dir='ltr'><strong>non</strong></span> <span class='ocrx_word' id='word_1_824' title='bbox 2946 4541 3022 4582; x_wconf 90' lang='lat' dir='ltr'><strong>est</strong></span> <span class='ocrx_word' id='word_1_825' title='bbox 3053 4545 3297 4584; x_wconf 66' lang='lat' dir='ltr'><strong>reversus</strong></span> <span class='ocrx_word' id='word_1_826' title='bbox 3324 4572 3342 4597; x_wconf 88' lang='lat'><strong>,</strong></span> 
     </span>
    </p>
   </div>
   <div class='ocr_carea' id='block_1_106' title="bbox 1780 4618 3336 4689">
    <p class='ocr_par' dir='ltr' id='par_1_106' title="bbox 1780 4618 3336 4689">
     <span class='ocr_line' id='line_1_106' title="bbox 1780 4618 3336 4689; baseline 0.004 -21"><span class='ocrx_word' id='word_1_827' title='bbox 1780 4626 1870 4669; x_wconf 82' lang='lat' dir='ltr'><strong>aut</strong></span> <span class='ocrx_word' id='word_1_828' title='bbox 1908 4618 2059 4686; x_wconf 89' lang='lat' dir='ltr'><strong>aquis</strong></span> <span class='ocrx_word' id='word_1_829' title='bbox 2091 4621 2272 4686; x_wconf 89' lang='lat' dir='ltr'><strong>utique</strong></span> <span class='ocrx_word' id='word_1_830' title='bbox 2311 4621 2638 4687; x_wconf 86' lang='lat' dir='ltr'><strong>interceptus</strong></span> <span class='ocrx_word' id='word_1_831' title='bbox 2663 4661 2678 4682; x_wconf 91' lang='lat'><strong>,</strong></span> <span class='ocrx_word' id='word_1_832' title='bbox 2730 4630 2818 4674; x_wconf 82' lang='lat' dir='ltr'><strong>a‘ut</strong></span> <span class='ocrx_word' id='word_1_833' title='bbox 2857 4622 3029 4689; x_wconf 90' lang='lat' dir='ltr'><strong>aliquo</strong></span> <span class='ocrx_word' id='word_1_834' title='bbox 3070 4637 3336 4689; x_wconf 89' lang='lat' dir='ltr'><strong>superna-</strong></span> 
     </span>
    </p>
   </div>
   <div class='ocr_carea' id='block_1_107' title="bbox 1782 4709 3340 4777">
    <p class='ocr_par' dir='ltr' id='par_1_107' title="bbox 1782 4709 3340 4777">
     <span class='ocr_line' id='line_1_107' title="bbox 1782 4709 3340 4777; baseline 0.006 -20"><span class='ocrx_word' id='word_1_835' title='bbox 1782 4712 1926 4760; x_wconf 86' lang='lat' dir='ltr'><strong>tante</strong></span> <span class='ocrx_word' id='word_1_836' title='bbox 1963 4709 2217 4763; x_wconf 78' lang='lat' dir='ltr'><strong>cadavere</strong></span> <span class='ocrx_word' id='word_1_837' title='bbox 2253 4710 2489 4774; x_wconf 82' lang='lat' dir='ltr'><strong>illectus,</strong></span> <span class='ocrx_word' id='word_1_838' title='bbox 2534 4711 2794 4777; x_wconf 81' lang='lat' dir='ltr'><strong>signiﬁcat</strong></span> <span class='ocrx_word' id='word_1_839' title='bbox 2831 4711 3070 4765; x_wconf 87' lang='lat' dir='ltr'><strong>homines</strong></span> <span class='ocrx_word' id='word_1_840' title='bbox 3113 4713 3340 4766; x_wconf 91' lang='lat' dir='ltr'><strong>immun-</strong></span> 
     </span>
    </p>
   </div>
   <div class='ocr_carea' id='block_1_108' title="bbox 1779 4791 3339 4873">
    <p class='ocr_par' dir='ltr' id='par_1_108' title="bbox 1779 4791 3339 4873">
     <span class='ocr_line' id='line_1_108' title="bbox 1779 4791 3339 4873; baseline 0.004 -21"><span class='ocrx_word' id='word_1_841' title='bbox 1779 4800 1904 4852; x_wconf 88' lang='lat' dir='ltr'><strong>ditia</strong></span> <span class='ocrx_word' id='word_1_842' title='bbox 1935 4801 2235 4868; x_wconf 89' lang='lat' dir='ltr'><strong>cupiditatis</strong></span> <span class='ocrx_word' id='word_1_843' title='bbox 2282 4791 2578 4856; x_wconf 83' lang='lat' dir='ltr'><strong>teterrimos</strong></span> <span class='ocrx_word' id='word_1_844' title='bbox 2605 4843 2619 4864; x_wconf 96' lang='lat'><strong>,</strong></span> <span class='ocrx_word' id='word_1_845' title='bbox 2652 4812 2703 4855; x_wconf 89' lang='lat' dir='ltr'><strong>et</strong></span> <span class='ocrx_word' id='word_1_846' title='bbox 2747 4803 2814 4856; x_wconf 83' lang='lat' dir='ltr'><strong>ob</strong></span> <span class='ocrx_word' id='word_1_847' title='bbox 2868 4803 2966 4856; x_wconf 86' lang='lat' dir='ltr'><strong>hoc</strong></span> <span class='ocrx_word' id='word_1_848' title='bbox 2995 4805 3057 4856; x_wconf 88' lang='lat' dir='ltr'><strong>ad</strong></span> <span class='ocrx_word' id='word_1_849' title='bbox 3110 4818 3173 4858; x_wconf 89' lang='lat' dir='ltr'><strong>ea</strong></span> <span class='ocrx_word' id='word_1_850' title='bbox 3219 4820 3339 4873; x_wconf 66' lang='lat' dir='ltr'><strong>quae</strong></span> 
     </span>
    </p>
   </div>
   <div class='ocr_carea' id='block_1_109' title="bbox 1777 4889 3337 4958">
    <p class='ocr_par' dir='ltr' id='par_1_109' title="bbox 1777 4889 3337 4958">
     <span class='ocr_line' id='line_1_109' title="bbox 1777 4889 3337 4958; baseline 0.003 -14"><span class='ocrx_word' id='word_1_851' title='bbox 1777 4889 1902 4944; x_wconf 77' lang='lat' dir='ltr'><strong>[oris</strong></span> <span class='ocrx_word' id='word_1_852' title='bbox 1931 4901 2056 4944; x_wconf 84' lang='lat' dir='ltr'><strong>sunt</strong></span> <span class='ocrx_word' id='word_1_853' title='bbox 2100 4891 2152 4945; x_wconf 92' lang='lat' dir='ltr'><strong>in</strong></span> <span class='ocrx_word' id='word_1_854' title='bbox 2185 4891 2282 4946; x_wconf 88' lang='lat' dir='ltr'><strong>hoc</strong></span> <span class='ocrx_word' id='word_1_855' title='bbox 2331 4892 2527 4946; x_wconf 91' lang='lat' dir='ltr'><strong>mundo</strong></span> <span class='ocrx_word' id='word_1_856' title='bbox 2572 4893 2725 4946; x_wconf 84' lang='lat' dir='ltr'><strong>nimis</strong></span> <span class='ocrx_word' id='word_1_857' title='bbox 2756 4892 2983 4946; x_wconf 89' lang='lat' dir='ltr'><strong>intentos</strong></span> <span class='ocrx_word' id='word_1_858' title='bbox 3016 4933 3029 4958; x_wconf 91' lang='lat'><strong>,</strong></span> <span class='ocrx_word' id='word_1_859' title='bbox 3060 4903 3152 4947; x_wconf 89' lang='lat' dir='ltr'><strong>aut</strong></span> <span class='ocrx_word' id='word_1_860' title='bbox 3180 4896 3337 4947; x_wconf 85' lang='lat' dir='ltr'><strong>reba-</strong></span> 
     </span>
    </p>
   </div>
   <div class='ocr_carea' id='block_1_110' title="bbox 1775 4984 3336 5053">
    <p class='ocr_par' dir='ltr' id='par_1_110' title="bbox 1775 4984 3336 5053">
     <span class='ocr_line' id='line_1_110' title="bbox 1775 4984 3336 5053; baseline 0.003 -18"><span class='ocrx_word' id='word_1_861' title='bbox 1775 4984 1984 5051; x_wconf 84' lang='lat' dir='ltr'><strong>ptizati,</strong></span> <span class='ocrx_word' id='word_1_862' title='bbox 2016 4993 2106 5038; x_wconf 89' lang='lat' dir='ltr'><strong>aut</strong></span> <span class='ocrx_word' id='word_1_863' title='bbox 2133 4984 2310 5038; x_wconf 82' lang='lat' dir='ltr'><strong>abhis</strong></span> <span class='ocrx_word' id='word_1_864' title='bbox 2340 5000 2472 5052; x_wconf 91' lang='lat' dir='ltr'><strong>quos</strong></span> <span class='ocrx_word' id='word_1_865' title='bbox 2505 4994 2692 5050; x_wconf 73' lang='lat' dir='ltr'><strong>prmter</strong></span> <span class='ocrx_word' id='word_1_866' title='bbox 2716 4999 2920 5048; x_wconf 89' lang='lat' dir='ltr'><strong>arcam,</strong></span> <span class='ocrx_word' id='word_1_867' title='bbox 2952 4986 3002 5039; x_wconf 92' lang='lat' dir='ltr'><strong>id</strong></span> <span class='ocrx_word' id='word_1_868' title='bbox 3032 4996 3113 5039; x_wconf 82' lang='lat' dir='ltr'><strong>est</strong></span> <span class='ocrx_word' id='word_1_869' title='bbox 3145 4995 3336 5053; x_wconf 70' lang='lat' dir='ltr'><strong>prmter</strong></span> 
     </span>
    </p>
   </div>
   <div class='ocr_carea' id='block_1_111' title="bbox 1774 5075 3326 5144">
    <p class='ocr_par' dir='ltr' id='par_1_111' title="bbox 1774 5075 3326 5144">
     <span class='ocr_line' id='line_1_111' title="bbox 1774 5075 3326 5144; baseline 0.003 -16"><span class='ocrx_word' id='word_1_870' title='bbox 1774 5075 2063 5130; x_wconf 85' lang='lat' dir='ltr'><strong>Ecclesiam</strong></span> <span class='ocrx_word' id='word_1_871' title='bbox 2098 5076 2388 5144; x_wconf 84' lang='lat' dir='ltr'><strong>baptismus</strong></span> <span class='ocrx_word' id='word_1_872' title='bbox 2429 5079 2640 5142; x_wconf 77' lang='lat' dir='ltr'><strong>occidit,</strong></span> <span class='ocrx_word' id='word_1_873' title='bbox 2671 5078 2848 5132; x_wconf 86' lang='lat' dir='ltr'><strong>seduci</strong></span> <span class='ocrx_word' id='word_1_874' title='bbox 2877 5086 2931 5132; x_wconf 83' lang='lat' dir='ltr'><strong>et</strong></span> <span class='ocrx_word' id='word_1_875' title='bbox 2962 5079 3144 5140; x_wconf 82' lang='lat' dir='ltr'><strong>teneri.</strong></span> <span class='ocrx_word' id='word_1_876' title='bbox 3177 5079 3326 5144; x_wconf 90' lang='lat' dir='ltr'><strong>Quod</strong></span> 
     </span>
    </p>
   </div>
   <div class='ocr_carea' id='block_1_112' title="bbox 1769 5165 3332 5237">
    <p class='ocr_par' dir='ltr' id='par_1_112' title="bbox 1769 5165 3332 5237">
     <span class='ocr_line' id='line_1_112' title="bbox 1769 5165 3332 5237; baseline 0.004 -21"><span class='ocrx_word' id='word_1_877' title='bbox 1769 5165 2011 5218; x_wconf 89' lang='lat' dir='ltr'><strong>columba</strong></span> <span class='ocrx_word' id='word_1_878' title='bbox 2057 5167 2248 5221; x_wconf 85' lang='lat' dir='ltr'><strong>emi-sa</strong></span> <span class='ocrx_word' id='word_1_879' title='bbox 2298 5182 2401 5222; x_wconf 89' lang='lat' dir='ltr'><strong>non</strong></span> <span class='ocrx_word' id='word_1_880' title='bbox 2457 5168 2666 5221; x_wconf 88' lang='lat' dir='ltr'><strong>inventa</strong></span> <span class='ocrx_word' id='word_1_881' title='bbox 2720 5170 2904 5237; x_wconf 89' lang='lat' dir='ltr'><strong>requie</strong></span> <span class='ocrx_word' id='word_1_882' title='bbox 2949 5183 3160 5222; x_wconf 81' lang='lat' dir='ltr'><strong>reversa</strong></span> <span class='ocrx_word' id='word_1_883' title='bbox 3210 5180 3332 5233; x_wconf 87' lang='lat' dir='ltr'><strong>est,</strong></span> 
     </span>
    </p>
   </div>
   <div class='ocr_carea' id='block_1_113' title="bbox 1769 5255 3332 5327">
    <p class='ocr_par' dir='ltr' id='par_1_113' title="bbox 1769 5255 3332 5327">
     <span class='ocr_line' id='line_1_113' title="bbox 1769 5255 3332 5327; baseline 0.003 -18"><span class='ocrx_word' id='word_1_884' title='bbox 1769 5255 1999 5310; x_wconf 74' lang='lat' dir='ltr'><strong>eatendit</strong></span> <span class='ocrx_word' id='word_1_885' title='bbox 2039 5272 2131 5324; x_wconf 86' lang='lat' dir='ltr'><strong>per</strong></span> <span class='ocrx_word' id='word_1_886' title='bbox 2157 5257 2361 5327; x_wconf 67' lang='lat' dir='ltr'><strong>i‘iovum</strong></span> <span class='ocrx_word' id='word_1_887' title='bbox 2392 5257 2788 5313; x_wconf 87' lang='lat' dir='ltr'><strong>Testamentum</strong></span> <span class='ocrx_word' id='word_1_888' title='bbox 2843 5261 3080 5327; x_wconf 88' lang='lat' dir='ltr'><strong>requiem</strong></span> <span class='ocrx_word' id='word_1_889' title='bbox 3132 5261 3332 5314; x_wconf 89' lang='lat' dir='ltr'><strong>sanctis</strong></span> 
     </span>
    </p>
   </div>
   <div class='ocr_carea' id='block_1_114' title="bbox 1770 5345 3330 5418">
    <p class='ocr_par' dir='ltr' id='par_1_114' title="bbox 1770 5345 3330 5418">
     <span class='ocr_line' id='line_1_114' title="bbox 1770 5345 3330 5418; baseline 0.004 -20"><span class='ocrx_word' id='word_1_890' title='bbox 1770 5346 1821 5398; x_wconf 90' lang='lat' dir='ltr'><strong>itt</strong></span> <span class='ocrx_word' id='word_1_891' title='bbox 1855 5345 1955 5400; x_wconf 86' lang='lat' dir='ltr'><strong>hoc</strong></span> <span class='ocrx_word' id='word_1_892' title='bbox 1985 5347 2182 5400; x_wconf 86' lang='lat' dir='ltr'><strong>mundo</strong></span> <span class='ocrx_word' id='word_1_893' title='bbox 2208 5363 2310 5400; x_wconf 89' lang='lat' dir='ltr'><strong>non</strong></span> <span class='ocrx_word' id='word_1_894' title='bbox 2339 5361 2458 5402; x_wconf 86' lang='lat' dir='ltr'><strong>esse</strong></span> <span class='ocrx_word' id='word_1_895' title='bbox 2481 5351 2812 5416; x_wconf 83' lang='lat' dir='ltr'><strong>promissam,</strong></span> <span class='ocrx_word' id='word_1_896' title='bbox 2837 5356 2954 5416; x_wconf 84' lang='lat' dir='ltr'><strong>post</strong></span> <span class='ocrx_word' id='word_1_897' title='bbox 2984 5349 3330 5418; x_wconf 82' lang='lat' dir='ltr'><strong>quadraginta</strong></span> 
     </span>
    </p>
   </div>
   <div class='ocr_carea' id='block_1_115' title="bbox 1773 5435 3329 5508">
    <p class='ocr_par' dir='ltr' id='par_1_115' title="bbox 1773 5435 3329 5508">
     <span class='ocr_line' id='line_1_115' title="bbox 1773 5435 3329 5508; baseline 0.004 -20"><span class='ocrx_word' id='word_1_898' title='bbox 1773 5435 1914 5488; x_wconf 90' lang='lat' dir='ltr'><strong>enim</strong></span> <span class='ocrx_word' id='word_1_899' title='bbox 1943 5435 2057 5490; x_wconf 87' lang='lat' dir='ltr'><strong>dies</strong></span> <span class='ocrx_word' id='word_1_900' title='bbox 2076 5438 2265 5490; x_wconf 81' lang='lat' dir='ltr'><strong>emissa</strong></span> <span class='ocrx_word' id='word_1_901' title='bbox 2288 5446 2389 5502; x_wconf 89' lang='lat' dir='ltr'><strong>est,</strong></span> <span class='ocrx_word' id='word_1_902' title='bbox 2423 5437 2510 5506; x_wconf 91' lang='lat' dir='ltr'><strong>qui</strong></span> <span class='ocrx_word' id='word_1_903' title='bbox 2540 5451 2788 5491; x_wconf 87' lang='lat' dir='ltr'><strong>numerus</strong></span> <span class='ocrx_word' id='word_1_904' title='bbox 2817 5438 2978 5493; x_wconf 84' lang='lat' dir='ltr'><strong>vitam</strong></span> <span class='ocrx_word' id='word_1_905' title='bbox 3001 5455 3120 5508; x_wconf 70' lang='lat' dir='ltr'><strong>qua:</strong></span> <span class='ocrx_word' id='word_1_906' title='bbox 3151 5441 3202 5492; x_wconf 92' lang='lat' dir='ltr'><strong>in</strong></span> <span class='ocrx_word' id='word_1_907' title='bbox 3229 5441 3329 5495; x_wconf 90' lang='lat' dir='ltr'><strong>hoc</strong></span> 
     </span>
    </p>
   </div>
   <div class='ocr_carea' id='block_1_116' title="bbox 1771 5527 3314 5599">
    <p class='ocr_par' dir='ltr' id='par_1_116' title="bbox 1771 5527 3314 5599">
     <span class='ocr_line' id='line_1_116' title="bbox 1771 5527 3314 5599; baseline 0.004 -19"><span class='ocrx_word' id='word_1_908' title='bbox 1771 5529 1966 5582; x_wconf 90' lang='lat' dir='ltr'><strong>mundo</strong></span> <span class='ocrx_word' id='word_1_909' title='bbox 1992 5529 2162 5599; x_wconf 87' lang='lat' dir='ltr'><strong>agitur</strong></span> <span class='ocrx_word' id='word_1_910' title='bbox 2192 5531 2453 5598; x_wconf 85' lang='lat' dir='ltr'><strong>signiﬁcat</strong></span> <span class='ocrx_word' id='word_1_911' title='bbox 2480 5546 2494 5595; x_wconf 91' lang='lat'>;</span> <span class='ocrx_word' id='word_1_912' title='bbox 2526 5527 2751 5598; x_wconf 86' lang='lat' dir='ltr'><strong>denique</strong></span> <span class='ocrx_word' id='word_1_913' title='bbox 2798 5541 2914 5598; x_wconf 76' lang='lat' dir='ltr'><strong>post</strong></span> <span class='ocrx_word' id='word_1_914' title='bbox 2952 5543 3152 5599; x_wconf 82' lang='lat' dir='ltr'><strong>septem</strong></span> <span class='ocrx_word' id='word_1_915' title='bbox 3199 5531 3314 5586; x_wconf 81' lang='lat' dir='ltr'><strong>dies</strong></span> 
     </span>
    </p>
   </div>
   <div class='ocr_carea' id='block_1_117' title="bbox 1771 5620 3309 5692">
    <p class='ocr_par' dir='ltr' id='par_1_117' title="bbox 1771 5620 3309 5692">
     <span class='ocr_line' id='line_1_117' title="bbox 1771 5620 3309 5692; baseline 0 -18"><span class='ocrx_word' id='word_1_916' title='bbox 1771 5620 2013 5688; x_wconf 83' lang='lat' dir='ltr'><strong>dimissa,</strong></span> <span class='ocrx_word' id='word_1_917' title='bbox 2088 5630 2302 5691; x_wconf 79' lang='lat' dir='ltr'><strong>prepter</strong></span> <span class='ocrx_word' id='word_1_918' title='bbox 2351 5621 2492 5675; x_wconf 85' lang='lat' dir='ltr'><strong>illam</strong></span> <span class='ocrx_word' id='word_1_919' title='bbox 2544 5622 2896 5689; x_wconf 85' lang='lat' dir='ltr'><strong>scptenariam</strong></span> <span class='ocrx_word' id='word_1_920' title='bbox 2949 5623 3309 5692; x_wconf 87' lang='lat' dir='ltr'><strong>operationem</strong></span> 
     </span>
    </p>
   </div>
  </div>
