3886 6224
556 181 662 239 675
1629 193 1691 246 ι).
1735 193 2054 249 sucvpru
2093 196 2381 254 sonans
2420 201 2743 256 AFBlCANl
3077 165 3080 167 ’
3577 217 3582 220 -
3740 205 3839 256 οῖς

560 303 881 370 spiritalem,
913 304 1067 359 oliva:
1108 306 1432 361 fructuosum
1473 310 1744 363 surculum
1788 311 1994 374 retulit,
2023 326 2127 379 quo
2156 314 2207 371 Α
2233 312 2496 369 credidit»
2530 315 2670 369 Vidit
2716 315 3006 372 nuditatem
3047 319 3232 387 patris,
3281 320 3408 389 quia
3444 323 3740 375 consensit
3787 327 3839 375 ia

560 394 877 461 significaret
921 397 1203 450 nonnullos
1230 398 1391 450 etiam
1438 407 1594 452 extra
1628 401 1922 454 Ecclesiam
1955 399 2127 468 bapti-
2238 417 2427 458 necem
2448 404 2646 459 Christi
2675 414 2731 460 et
2758 407 3024 461 nuntiavit
3071 408 3216 463 foras
3262 409 3544 464 fratribus.
3573 410 3680 465 Per
3709 426 3836 464 cum

557 495 724 550 ratos,
755 485 797 538 si
827 479 1196 553 eis'pinguedo
1229 504 1334 541 non
1364 487 1600 543 defuerit
1625 489 1922 553 charitatis,
1951 498 2128 556 poste-
2231 496 2430 564 quippe
2459 497 2853 552 manifestatum
2879 510 2962 553 est
2983 511 3038 555 et
3065 502 3465 570 quodammodo
3489 503 3835 570 publicatum

555 576 696 627 riore
729 585 999 643 tempore,
1032 578 1183 644 quasi
1219 593 1458 645 vespere,
1491 581 1542 634 in
1584 595 1676 633 ore
1717 579 1979 633 columba:
2007 587 2128 632 tan-
2231 585 2370 653 quod
2391 596 2509 641 erat
2537 588 2588 642 in
2613 589 2888 658 prophetia
2936 601 3233 658 secretum,
3286 594 3520 663 ideoque
3553 594 3616 648 fit
3638 608 3836 648 servus

549 679 711 732 quam
741 667 794 718 in
823 667 1004 720 osculo
1033 667 1176 734 pacis
1201 707 1220 731 ,
1267 669 1335 723 ad
1377 670 1592 723 unitatis
1621 669 1928 722 societatem
1970 682 2129 735 posse
2234 674 2458 730 fratrum
2482 691 2719 733 suorum.
2748 678 2886 744 Quid
2914 691 3000 734 est
3029 683 3194 735 enim'
3215 683 3362 737 aliud
3395 681 3673 751 hodieque
3701 699 3834 754 gens

529 755 770 822 ‘peuluci
829 757 970 825 quod
987 768 1105 824 post
1134 758 1265 811 alios
1296 768 1503 826 septem
1532 757 1647 811 dies
1667 756 1885 811 dimissa
1913 773 2125 812 reversa
2231 766 2346 833 ipsa
2367 810 2381 833 ,
2416 769 2518 822 nisi
2551 769 2793 838 quzedam
2821 773 3096 825 scriniaria
3121 773 3550 830 Christianorum
3581 778 3833 845 bajulans

551 858 659 894 non
689 852 770 896 est
793 884 806 907 ,
840 844 1101 913 significat
1124 845 1280 898 finem
1307 847 1507 909 saeculi,
1533 844 1746 912 quando
1773 844 1876 899 erit
1906 854 2116 900 sancto-

2231 856 2429 927 Legem
2462 870 2516 914 et
2539 859 2835 928 PrOphetas
2866 861 2932 916 ad
2967 862 3325 918 testimonium
3371 844 3702 921 assertionis
3735 868 3833 921 Ec-

546 948 664 986 rttm
698 931 907 1002 requies
940 955 952 987 :
988 953 1092 989 non
1125 939 1298 991 adhuc
1328 939 1378 989 itt
1411 949 1750 992 sacramento
1779 939 1892 1006 Spei
1921 954 2028 1007 quo
2069 938 2124 992 in
2231 950 2435 1016 etesia»,
2462 959 2521 1004 ut
2565 965 2661 1005 nos
2708 951 3036 1006 honoremus
3086 968 3184 1022 per
3231 965 3642 1011 sacramentum
3682 962 3829 1027 quod

548 1023 652 1076 hoc
685 1033 927 1092 tempore
970 1029 1308 1081 cnnsociatnr
1355 1026 1589 1082 Ecclesia
1615 1069 1632 1093 ,
1662 1029 1898 1097 quandiu
1929 1029 2126 1083 bibitur
2229 1039 2438 1094 nuntiat
2462 1041 2546 1094 illa
2574 1055 2666 1108 per
2688 1042 2958 1096 litteram?
2985 1043 3155 1110 Quem
3204 1060 3310 1099 non
3361 1057 3542 1100 autem
3588 1023 3826 1103 excitet!

548 1109 692 1179 quod
721 1113 786 1167 de
809 1115 1008 1186 Christi
1041 1117 1205 1168 latere
1234 1117 1490 1182 manavit,
1520 1117 1612 1170 sed
1639 1116 1749 1186 jam
1775 1119 1825 1170 in
1857 1118 1969 1186 ipsa
2000 1135 2124 1187 per-
2226 1137 2385 1196 quem
2421 1144 2526 1184 non
2559 1133 2641 1186 vel
2674 1133 2927 1188 informet
2955 1109 3040 1188 vel
3082 1136 3366 1190 confirmet
3393 1137 3448 1191 in
3486 1138 3641 1192 fide?
3667 1138 3824 1206 Quod

548 1201 778 1258 fectione
822 1206 1005 1261 salutis
1039 1216 1288 1270 mternaa,
1322 1221 1446 1260 cum
1494 1209 1734 1261 tradetur
1764 1223 1983 1277 regnum
2017 1210 2124 1263 Deo
2227 1219 2300 1273 ita
2336 1221 2722 1277 benedicuntur
2744 1225 2850 1278 duo
2877 1226 2954 1280 illi
2987 1228 3076 1296 qui
3118 1228 3416 1284 nuditatem
3457 1233 3631 1299 patris
3651 1201 3823 1286 si.»

545 1304 600 1348 et
631 1294 800 1357 Patri,
837 1307 893 1347 ut
924 1295 974 1347 in
1007 1296 1095 1349 illa
1125 1298 1403 1365 perspicua
1431 1299 1883 1366 contemplatione
1914 1300 2124 1355 incom-
2227 1324 2506 1378 raverunt,
2535 1317 2776 1382 quamvis
2803 1294 3017 1384 aversi,
3039 1320 3183 1373 velut
3224 1309 3421 1390 quibus
3455 1294 3661 1378 factum
3703 1339 3818 1382 scc-

550 1385 817 1438 tnutabilis
871 1387 1156 1452 veritatis,
1217 1389 1377 1443 nullis
1425 1391 1696 1460 mysteriis
1752 1393 2116 1461 corporalibus

2228 1404 2412 1459 leratre
2435 1406 2603 1460 vinea:
2633 1407 2989 1475 displicuerit.
3020 1385 3359 1478 Benedic—tus,
3405 1414 3600 1482 inquit,
3637 1415 3817 1469 Doni-

548 1487 820 1543 eﬁeamus.
2227 1513 2328 1553 nus
2366 1499 2507 1553 Deus
2542 1499 2692 1555 Sem.
2729 1500 3040 1572 Quanquam
3080 1505 3221 1558 enim
3267 1507 3342 1559 sit
3389 1507 3529 1562 Dens
3571 1509 3816 1562 omnia

1123 1607 1348 1666 CAPUT
1387 1611 1526 1669 LXL
2227 1591 2496 1656 gentium,
2523 1590 2921 1658 quodammodo
2944 1603 3120 1649 tamen
3165 1595 3387 1665 preprio
3437 1597 3728 1662 vocabulo,
3763 1611 3814 1654 et

543 1694 623 1751 De
666 1699 925 1754 mandatis
977 1699 1071 1784 ρεὶ
1121 1704 1187 1754 ad
1233 1705 1347 1758 Noe
1380 1716 1492 1775 post
1531 1707 1800 1777 diluvium,
1838 1727 1902 1763 ea;
1944 1712 2121 1765 eodem
2152 1684 2199 1744 Β
2222 1677 2278 1784 in
2309 1677 2560 1784 ipsisin?
2577 1680 2824 1784 gef‘fib“
2843 1683 3040 1784 (ficitur
3063 1685 3200 1784 DF“
3225 1684 3415 1784 line“
3451 1689 3676 1784 clum
3709 1689 3812 1784 θέε

974 1771 1100 1824 nam
1124 1788 1195 1827 ιιι
1223 1765 1403 1828 conm}
1427 1775 1701 1832 ρηωιηηι,
1784 1765 1799 1777 '
2222 1765 2423 1824 factum
2469 1779 2573 1836 est,
2604 1772 2708 1826 nisi
2740 1767 2807 1828 ex
2847 1773 3222 1831 benedictione
3260 1777 3491 1847 Japhett
3519 1779 3578 1834 In
3609 1783 3810 1850 popula

2220 1861 2363 1913 enim
2394 1863 2634 1931 gentium
2665 1872 2830 1919 totum
2859 1866 3048 1920 orbem
3087 1875 3353 1922 terrarum
3381 1871 3671 1938 occuparit
3704 1872 3808 1925 Ec-

2217 1950 2405 2005 clesia.
2438 1951 2550 2006 Hoc
2577 1966 2806 2021 prorsus»
2831 1956 3288 2023 pranuntiabatur
3327 1972 3451 2011 cum
3480 1959 3759 2014 diceretur
3794 1979 3804 2012 :

2219 2042 2480 2101 laetifica
2512 2047 2652 2103 Deus
2679 2048 2896 2119 Japhet,
2925 2059 2981 2106 et
3010 2050 3210 2107 habitet
3230 2053 3284 2105 iu
3308 2051 3556 2108 domibus
3584 2052 3736 2109 Seu.

615 1881 722 1936 Cur
748 1882 997 1938 animalia
1040 1889 1279 1954 quamvis
1318 1899 1372 1942 et
1410 1889 1610 1944 munda
1663 1900 1718 1945 et
1763 1891 2033 1946 immunda
2065 1891 2119 1946 in

539 1987 666 2027 arca
692 1973 905 2040 fuerint,
933 1983 1106 2030 tamen
1127 1987 1244 2045 post
1270 1993 1548 2050 egressum
1576 1981 1643 2036 de
1674 1995 1798 2038 arca
1840 1999 1944 2041 non
1983 1985 2119 2039 offe-

540 2072 727 2120 rantur
747 2067 853 2120 Deo
875 2071 924 2120 in
943 2068 1262 2124 sacrificium
1283 2072 1382 2125 nisi
1402 2073 1630 2127 munda?
1646 2074 1784 2141 Quid
1801 2062 1899 2130 sibi
1923 2076 2119 2133 deinde

539 2156 671 2208 velit
691 2156 796 2210 Deo
813 2157 1064 2225 loquente
1080 2158 1145 2212 ad
1169 2159 1300 2228 Noe,
1325 2171 1379 2215 et
1394 2171 1641 2232 tanquam
1665 2180 1849 2222 rursus
1872 2166 1940 2221 ab
1959 2182 2120 2226 exor-
2790 2181 3017 2239 CAPUT
3047 2185 3226 2240 LXI".

537 2245 628 2300 ilio
655 2285 669 2308 ,
715 2250 837 2315 quia
878 2247 1060 2303 multis
1095 2250 1268 2304 modis
1298 2252 1492 2308 eadem
1520 2254 1806 2323 signiﬁcari
1835 2259 2116 2326 oportebat

2228 2267 2293 2322 De
2343 2270 2602 2348 abraham
2642 2283 2853 2348 exeunte
2904 2280 2968 2348 d_e
2989 2287 3126 2331 terra
3149 2295 3264 2343 sua,
3300 2277 3372 2348 de
3387 2275 3577 2348 Ioseph
3602 2282 3801 2333 vendita

538 2334 762 2404 figuram
790 2337 1060 2404 Ecclesia,
1085 2341 1517 2413 commendante,
1533 2346 1673 2415 quod
1699 2349 1978 2417 progenies
1997 2350 2114 2419 ejus

538 2424 887 2470 lmnmlioimr,
928 2429 992 2470 ad
1017 2431 1338 2470 inmlomlmn
1384 2443 1580 2470 rat-mm
1638 2439 1778 2470 num!
1809 2440 2000 2470 Ααηι..-
2037 2443 2113 2470 -z-

2256 2349 2334 2391 et
2362 2341 2630 2407 honorato,
2672 2348 2734 2397 de
2750 2347 2889 2399 exitu
2929 2345 3141 2401 Israclis
3184 2334 3263 2401 ex.
3299 2334 3550 2418 Επριὸ.
3605 2350 3800 2403 Corum

2284 2405 2537 2464 Faustum
2562 2412 2690 2467 libro
2718 2429 2815 2470 ιιι.

2288 2501 2564 2557 Christum
2595 2504 2774 2559 dicitis
2794 2504 2864 2558 ab
2913 2505 3218 2563 lsraeliticis
3246 2511 3525 2576 pr0phetis
3545 2524 3654 2564 non
3680 2525 3796 2568 esse

2213 2591 2549 2658 praedictum,
2582 2592 2668 2648 cui
2694 2593 3036 2661 praedicendo
3063 2611 3252 2651 omnes
3281 2597 3389 2652 illa:
3418 2600 3624 2667 pagina
3660 2600 3794 2670 vigi-

2212 2681 2343 2747 lant,
2367 2682 2411 2735 si
2440 2698 2532 2737 eas
2559 2686 2890 2753 perscrutari
2915 2687 3136 2756 pietate,
3162 2701 3321 2754 quam
3351 2689 3631 2757 exagitare
3661 2691 3791 2744 leri-

1107 2748 1334 2804 CAPUT
1382 2749 1540 2806 Lx'l-
1616 2841 1622 2842 γ
2168 2823 2171 2825 ,
2212 2781 2321 2829 tate
2347 2748 2598 2829 malletis.
2622 2774 2753 2842 Quis
2782 2748 2932 2831 alius
2973 2776 3029 2831 in
3067 2748 3340 2831 Abraham
3383 2748 3516 2833 exiit
3555 2779 3626 2834 dc
3654 2789 3786 2834 terra

822 2832 904 2888 Ne
921 2851 1039 2890 caro
1058 2852 1172 2890 cum
1192 2842 1444 2910 sanguine
1471 2841 1823 2898 manducetttr.

2228 2880 2303 2919 tua
2332 2875 2387 2920 et
2423 2864 2492 2921 de
2521 2832 2862 2935 cognatione,
2906 2877 2964 2922 ut
2994 2865 3135 2936 apud
3176 2876 3396 2923 exteros
3438 2871 3787 2930 ditareturst

601 2943 756 3010 Quod
782 2947 956 3015 ejecto
981 2950 1244 3017 sanguine
1265 2949 1525 3020 jubentur
1550 2955 1892 3021 manducare,
1912 2971 1980 3012 ne
2001 2966 2104 3012 vrta
2208 2943 2642 3024 locupletaretur,
2677 2958 2777 3012 nisi
2807 2958 2932 3028 qui,
2965 2961 3151 3015 relicta
3192 2971 3336 3014 terra
3373 2969 3430 3016 et
3467 2965 3786 3032 cognatione

531 3035 755 3103 pristina
783 3039 933 3106 quasi
965 3039 1220 3096 sulfocata
1251 3043 1304 3096 in
1356 3045 1685 3100 conscientia
1725 3057 1988 3114 teneatur,
2011 3050 2107 3104 sed
2132 3035 2178 3096 C
2208 3046 2517 3102 Judaei-um
2538 3088 2556 3115 ,
2587 3048 2728 3103 unde
2753 3049 3045 3104 secundum
3076 3064 3294 3105 carnem
3331 3063 3488 3115 natus
3509 3064 3614 3119 est,
3645 3056 3781 3124 apud

531 3121 732 3178 habeat
763 3135 1012 3195 tanquam
1041 3129 1358 3186 effusionem
1387 3148 1482 3201 per
1516 3135 1928 3192 confessionem.
1956 3140 2107 3205 Quod
2209 3148 2399 3210 gentes
2441 3140 2517 3194 ita
2563 3141 2840 3211 praepollet
2871 3151 2928 3196 et
2959 3143 3214 3212 pravalet
3247 3151 3310 3198 ut
3343 3144 3623 3200 videmus?
3658 3121 3782 3212 Quis

529 3222 906 3270 testamentum
937 3220 1116 3288 posuit
1143 3222 1281 3277 Deus
1304 3223 1443 3279 inter
1467 3241 1527 3280 se
1568 3236 1624 3281 et
1653 3226 1914 3296 homines,
1946 3242 2108 3300 atque
2208 3231 2343 3286 alius
2373 3232 2424 3284 in
2449 3229 2593 3286 Isaac
2619 3231 2818 3300 lignum
2845 3231 2947 3285 sibi
2967 3241 3208 3300 portaret
3229 3231 3524 3304 [portabat]
3545 3234 3777 3290 δέτίειῖ·

529 3319 745 3362 omnem
771 3313 1004 3365 animam
1033 3313 1206 3368 vivam
1237 3330 1304 3370 ne
1331 3317 1518 3385 perdat
1547 3333 1664 3373 eam
1685 3321 2109 3390 diluvio,arcum_
2208 3336 2373 3386 mam,
2409 3322 2509 3376 nisi
2539 3322 2632 3391 qui
2660 3336 2875 3377 crucem
2902 3321 3008 3378 sibi
3035 3322 3102 3378 ad
3135 3325 3439 3392 passionem
3461 3324 3575 3393 ipse
3603 3339 3778 3394 pona-

526 3401 619 3466 qni
644 3411 863 3470 apparet
884 3403 937 3458 in
957 3407 1207 3476 nubibn<,
1239 3411 1328 3479 qui
1352 3427 1622 3481 nunquam
1650 3416 1749 3484 nisi
1769 3416 1838 3470 de
1867 3417 1984 3472 sole
2015 3435 2104 3476 re-
2206 3412 2315 3466 vit?
2343 3412 2475 3479 Quis
2503 3413 2640 3466 alius
2664 3414 2807 3468 aries
2845 3414 3211 3469 immolandos
3255 3415 3310 3470 in
3345 3431 3509 3487 vepre
3529 3415 3776 3473 milia

528 3494 801 3562 splendet.
856 3488 933 3551 Illi
975 3500 1118 3554 enim
1149 3518 1257 3557 non
1281 3516 1510 3570 pereunt
1535 3489 1744 3560 diluvio
1776 3510 2005 3577 separati
2035 3513 2104 3567 ab

2228 3503 2530 3569 idhzerebat,
2564 3504 2666 3557 nisi
2698 3505 2786 3572 qui
2817 3505 2996 3561 crucis
3047 3505 3286 3574 patibulo
3330 3523 3429 3575 pro
3466 3509 3623 3563 nobis
3647 3509 3774 3563 ole-

532 3586 789 3651 I'Jcclesia,
821 3590 911 3657 qui
943 3589 995 3643 in
1028 3588 1310 3661 Prophetis
1339 3607 1394 3650 et
1444 3598 1692 3654 omnibus
1729 3599 1924 3656 divinis
1959 3603 2104 3658 Scri-
2204 3593 2402 3648 rendus
2422 3593 2772 3662 δηίεθδδίυτῗ
2811 3594 2942 3660 Quis
2986 3596 3123 3649 ²¹ίυε
3151 3596 3204 3649 in
3235 3599 3426 3666 διδαθιο
3448 3614 3576 3654 tum
3614 3597 3773 3656 ³³⁸⁵³⁵

527 3676 700 3748 ptnris
752 3686 1002 3747 tanquam
1057 3681 1108 3734 in
1165 3682 1257 3737 Dei
1304 3685 1533 3740 nubibus
1572 3684 1867 3758 agnoscunt
1904 3691 2103 3747 Christi

2228 3691 2454 3752 uctatus,
2485 3699 2608 3739 cum
2624 3684 2726 3742 sibi
2752 3687 3123 3753 przeralentem
3145 3689 3300 3756 quasi
3329 3689 3592 3746 fortiorem
3624 3693 3768 3746 inﬁr-

525 3765 777 3835 gloriam,
804 3781 909 3821 non
940 3781 1188 3838 quaerunt
1217 3787 1389 3828 suam.
1430 3774 1632 3840 Verum
1677 3792 1750 3832 ne
1784 3779 2101 3837 adoratores

2228 3775 2341 3830 nior
2391 3777 2669 3844 victusque
2713 3777 2996 3842 victorem,
3029 3779 3223 3846 parti
3273 3779 3556 3848 benedicit,
3584 3783 3768 3851 partim

525 3855 689 3924 hujus
713 3857 843 3942 solis
863 3859 1091 3929 amplius
1105 3862 1485 3931 intumescant,
1505 3866 1688 3922 sciant‘
1705 3869 1777 3922 ita
1805 3870 2099 3939 significari
2205 3865 2542 3920 latitudinem
2566 3867 2782 3922 ΐυωοτίε
2803 3869 3178 3937 εἰωειθυάιω
3201 3869 3403 3936 reddit.
3424 3874 3518 3926 nisi
3534 3875 3619 3942 qui
3637 3889 3766 3942 Ρη-

522 3937 796 4001 Christum
819 3950 1106 4019 aliquando
1134 3967 1229 4022 per
1253 3954 1446 4020 solem,
1467 3956 1603 4010 sicut
1632 3972 1726 4025 per
1751 3937 1981 4025 leonem,
2003 3975 2101 4030 per
2200 3960 2378 4016 valere
2404 3960 2686 4014 adversum
2717 3975 2776 4015 se
2805 3947 2995 4029 passus
3025 3963 3281 4030 populum
3313 3963 3476 4020 Israel
3513 3937 3762 4033 quosdam

526 4049 743 4105 agnum,
769 4053 863 4105 per
892 4040 1144 4110 lapidem,
1174 4033 1454 4113 cujusdam
1504 4048 1874 4114 similitudinis
1907 4065 2094 4123 causa,
2197 4051 2288 4119 qui
2309 4050 2661 4106 crediderunt
2696 4050 2967 4105 benedixit
2991 4052 3044 4107 in
3088 4053 3189 4121 eis,
3227 4053 3448 4107 latitudo
3483 4060 3652 4108 autem
3683 4057 3761 4121 [ρ-

523 4141 632 4182 non
662 4132 999 4199 proprietatis
1026 4136 1348 4190 substantia.
1379 4139 1500 4194 Jam
1539 4155 1671 4197 vero
1701 4143 1828 4197 illud
1859 4146 2000 4213 quod
2028 4146 2096 4202 de
2199 4143 2366 4196 moris
2400 4140 2570 4196 Jacob
2600 4142 2654 4195 in
2684 4140 3018 4208 multitudine
3042 4143 3273 4197 carnalis
3304 4146 3482 4212 populi
3501 4146 3755 4200 claudica-

521 4217 676 4273 vinca
701 4235 859 4289 quam
900 4225 1156 4291 plantavit
1188 4228 1483 4285 inebriatus
1519 4230 1656 4298 Noe,
1682 4232 1910 4289 nudatus
1934 4246 2018 4291 est
2040 4237 2092 4291 in
2199 4235 2308 4288 vit?
2331 4235 2464 4301 Quis
2485 4235 2626 4290 alius
2651 4235 2788 4303 lapis
2811 4237 3014 4303 positus
3042 4235 3110 4290 ad
3137 4247 3294 4304 caput
3323 4237 3489 4291 Jacob
3513 4246 3566 4292 ut
3591 4239 3755 4292 norni-

524 4309 686 4365 domo
721 4327 836 4378 sua,
871 4317 957 4370 cui
995 4331 1101 4371 non
1141 4331 1393 4388 appareat
1431 4321 1674 4379 Christus
1712 4327 1764 4380 in
1800 4337 1960 4396 gente
1996 4344 2090 4383 sua
2126 4401 2163 4410 ἢ
2199 4330 2364 4381 natim
2392 4327 2790 4404 quodammodo
2817 4327 3210 4410 exprimeretur
3235 4329 3399 4382 etiam
3437 4339 3614 4390 unum
3640 4339 3753 4395 est,

526 4403 752 4466 passus?
779 4403 926 4459 Tunc
947 4407 1090 4461 enim
1117 4409 1313 4464 nudata
1339 4421 1420 4466 est
1446 4408 1738 4469 mortaliias
1755 4418 1931 4471 carnis
1950 4418 2086 4485 ejus,
2120 4401 2171 4458 Β
2202 4419 2304 4473 n‘si
2321 4428 2475 4487 caput
2505 4417 2605 4486 viri
2625 4401 2904 4472 Christus?
2933 4402 3064 4483 Quis
3106 4420 3248 4472 enim
3299 4418 3559 4473 Christum
3587 4421 3752 4472 nescit

523 4490 724 4547 Judaais
759 4498 1101 4564 scandalum,
1142 4503 1390 4569 gentibus
1440 4507 1696 4573 stultitia,
1747 4509 1876 4578 ipsis
1920 4523 2094 4565 autem
2202 4511 2272 4564 ab
2296 4499 2549 4565 unctione
2570 4508 2866 4578 appellari?
2886 4507 2985 4574 Qui
3006 4510 3164 4562 etiam
3189 4508 3292 4563 hoc
3316 4511 3486 4579 ipsum
3516 4512 3562 4563 in
3585 4510 3749 4563 Evan-

524 4591 726 4639 vocatis
757 4587 955 4642 Judaeis
987 4600 1040 4644 et
1064 4591 1336 4660 gentibus,
1371 4603 1619 4665 tanquam
1651 4598 1775 4653 Sem
1800 4610 1852 4654 et
1880 4586 2092 4669 Iaphet,
2202 4600 2342 4670 gelio
2369 4612 2818 4663 commemorans,
2856 4599 3002 4654 etde
3043 4613 3103 4653 se
3129 4598 3410 4668 ﬁguratum
3439 4600 3748 4667 apertissime

527 4673 620 4724 Dc-i
643 4676 803 4728 virtus
825 4687 880 4731 et
897 4679 989 4733 Dei
1016 4682 1302 4749 sapientia,
1320 4683 1442 4752 quia
1469 4687 1607 4754 quod
1629 4689 1844 4742 stultum
1867 4701 1951 4745 est
1976 4692 2092 4756 Dei,
2204 4690 2514 4756 testificaris,
2543 4704 2665 4743 cum
2691 4691 2972 4756 quemdam
2996 4688 3382 4746 Nathanaelem
3404 4693 3605 4746 dixisset
3625 4707 3744 4746 vero

521 4763 818 4826 sapientius
848 4777 930 4820 est
954 4784 1111 4836 quam
1143 4773 1408 4838 homines,
1442 4783 1496 4829 et
1525 4777 1666 4843 quod
1716 4777 1982 4834 infirmum
2007 4792 2092 4838 est
2193 4782 2486 4837 lsraelitam
2518 4783 2568 4834 in
2598 4795 2704 4847 quo
2730 4780 2884 4834 dolus
2912 4796 3019 4835 non
3049 4791 3226 4847 esset,
3259 4793 3316 4838 et
3343 4799 3464 4839 cum
3491 4784 3598 4846 ille,
3631 4793 3742 4838 tan-

525 4852 638 4914 Dei,
669 4851 858 4907 fortius
882 4865 965 4909 est
999 4873 1158 4927 quam
1202 4861 1467 4919 homines.
1514 4866 1744 4922 Proinde
1784 4869 1837 4924 in
1879 4871 2089 4926 duobus-
2189 4891 2347 4945 quam
2378 4876 2606 4944 lapidem
2637 4876 2783 4930 illum
2810 4874 3015 4930 habens
3035 4877 3100 4930 ad
3125 4889 3310 4946 caput,
3333 4883 3595 4936 confessos
3616 4894 3731 4934 cun

522 4942 645 4993 filiis
673 4943 906 4997 maximo
927 4955 980 4999 et
1000 4950 1241 5020 minimo,
1276 4953 1386 5007 duo
1441 4957 1615 5025 populi
1671 4961 1899 5028 figurati,
1927 4978 2087 5016 unam
2189 4942 2415 5038 esseU".
2435 4942 2604 5035 esset]
2628 4967 2818 5020 Filium
2838 4966 2930 5020 Dei
2953 4977 3008 5023 et
3027 4942 3208 5037 regem
3225 4971 3408 5038 Israel,
3431 4975 3522 5026 ista
3538 4971 3727 5026 confes-

521 5045 723 5087 vcstem
752 5050 781 5086 a
807 5046 954 5105 tergo
983 5049 1278 5108 portantes,
1317 5057 1711 5104 sacramentum
1744 5051 1950 5106 scilicet
1972 5054 2081 5119 jam
2188 5060 2338 5112 sione
2361 5059 2753 5126 quodammodo
2775 5075 2978 5128 nngens
3002 5060 3254 5128 lapidem,
3277 5063 3332 5115 id
3353 5065 3728 5134 estipaurnesle

520 5129 804 5193 pra-terim
831 5137 992 5198 atque
1016 5140 1296 5188 transactre
1318 5137 1601 5193 dominicae
1622 5144 1906 5209 passionis,
1935 5145 2084 5196 nudi-
2187 5150 2449 5203 confitens
2465 5150 2754 5211 Christum,
2773 5150 2842 5202 ibi
2867 5161 3166 5219 opportune
3180 5153 3437 5219 Dominus
3449 5153 3724 5210 etiamin-td

517 5227 680 5270 tatem
707 5219 872 5285 patris
895 5236 1070 5289 neque
1096 5225 1386 5292 intuentur,
1419 5231 1540 5297 quia
1574 5233 1624 5283 in
1665 5230 1860 5285 Christi
1901 5249 2084 5288 necem
2192 5244 2779 5309 commcmoravitquod
2797 5244 3104 5297 viditJacob
3121 5246 3723 5317 quiperbenedictionenl

515 5322 624 5361 non
653 5311 1021 5379 consentiunt;
1066 5323 1121 5367 et
1149 5324 1326 5367 tamen
1359 5317 1616 5373 honorant
1641 5322 1940 5377 velamento
1971 5332 2085 5375 tan-
2195 5333 2966 5400 appellatusestlsracl.Amen
2981 5335 3101 5387 dico
3117 5311 3288 5397 vobis,
3309 5335 3722 5405 inquit,videbitis

512 5412 674 5462 quam
704 5399 934 5454 scientes
961 5403 1101 5457 unde
1129 5405 1238 5457 sint
1267 5405 1397 5458 nati.
1447 5407 1649 5463 Medius
1691 5423 1865 5467 autem
1919 5413 2077 5478 illius,
2187 5399 2380 5477 οωιυτη
2398 5433 2636 5492 apertum
2659 5434 2708 5476 et
2731 5424 2950 5491 angelos
2975 5424 3064 5477 Dei
3084 5399 3436 5483 ascendentes
3450 5399 3500 5482 et
3519 5428 3722 5481 descen-

519 5487 572 5541 id
597 5498 678 5542 est
708 5491 930 5559 populus
951 5492 1282 5563 Judazorutn,
1316 5497 1436 5551 ideo
1463 5500 1690 5570 medius,
1713 5505 1833 5570 quia
1859 5520 1954 5558 nec
1979 5505 2082 5574 pri-
2185 5487 2547 5582 dentessupor
2570 5511 2756 5565 Ftliuin
2785 5487 3033 5567 hominis.
3058 5515 3165 5583 5o
3195 5516 3304 5570 Hoc
3324 5520 3460 5571 enim
3481 5513 3616 5571 fsrad
3635 5513 3718 5566 τὶ·

516 5597 711 5642 lttulttttt
735 5597 1095 5662 apos'olomm
1129 5591 1342 5660 tenuit,
1375 5606 1473 5649 nec
1502 5594 1717 5652 ultimus
1749 5597 1800 5652 in
1831 5599 2087 5669 gentibus

2228 5611 2357 5670 crat,
2387 5619 2506 5660 cum
2530 5600 2678 5663 illum
2700 5603 2926 5675 lapidem
2947 5605 3014 5662 ad
3041 5617 3201 5678 caput
3232 5607 3451 5667 habebat
3469 5623 3496 5664 a
3514 5618 3632 5664 terra
3661 5607 3717 5662 in

537 2424 894 2495 benedicitur,
928 2429 993 2485 ad
1016 2431 1338 2500 implendam
1384 2443 1606 2503 terram,
1638 2439 1781 2507 quod
1808 2440 2000 2496 dantur
2035 2443 2115 2497 eis

535 2516 588 2568 in
613 2531 790 2571 escam
821 2530 1011 2574 cuncta
1046 2523 1317 2588 animalia,
1359 2525 1499 2580 sicut
1534 2527 1586 2582 in
1626 2529 1720 2584 illo
1755 2529 1906 2585 disco
1953 2531 2112 2588 Petro

533 2607 729 2663 dicitur
761 2627 776 2663 :
807 2611 976 2667 Macta
1003 2621 1057 2668 et
1087 2614 1369 2670 manduca.
