3842 6226
90 242 179 300 671

1258 244 1694 303 TIIESAURUS.
1735 245 1887 302 CAP.
1920 244 2101 303 LXIII.

3195 251 3306 308 678

91 361 281 428 malum,
300 363 470 419 scalas
501 378 597 435 per
621 377 753 435 quas
775 361 1139 418 ascendebant
1157 373 1213 418 et
1236 360 1639 418 descendebant
1665 368 1717 424 Α
1746 348 2055 430 revertitur,
2087 359 2176 418 ubi
2219 374 2312 430 per
2354 362 2478 417 vitae
2516 361 2908 433 reparationem
2959 374 3129 425 morte
3173 378 3306 421 con-

89 456 242 526 angeli
263 455 376 522 Dei,
402 458 454 512 in
472 459 670 527 quibus
690 456 976 526 significati
996 465 1121 510 sunt
1139 455 1482 527 evangelistae
1502 468 1640 523 prae—

90 548 326 604 dicatores
355 547 578 603 Christi.
597 547 966 603 Ascendentes
996 547 1178 616 utique
1206 557 1327 601 cum
1349 547 1416 602 ad
1443 547 1640 602 intelli-

89 637 288 707 gentiam
312 639 428 706 eius
455 637 1094 705 supereminentissimam
1115 637 1449 692 divinitatem
1472 650 1637 692 exce-

88 730 519 784 duntuniversam
538 738 861 795 creaturam,
891 738 1088 783 uteum
1112 729 1407 798 inveniant,
1424 730 1475 783 in
1499 731 1639 798 prin-

84 820 208 889 cipio
237 819 398 872 Deum
429 821 567 887 apud
596 820 781 885 Deum,
812 835 908 889 per
936 836 1092 890 quem
1120 821 1256 874 facta
1282 830 1406 876 sunt
1436 824 1635 875 omnia.

86 907 464 965 Descendentes
483 919 680 977 autem,
704 919 760 964 ut
781 924 902 966 eum
927 911 1200 965 inveniant
1223 912 1415 966 factum
1440 926 1504 966 ex
1524 927 1642 964 ntu-

85 1002 220 1066 liere,
245 1001 440 1056 factum
465 1003 564 1056 sub
588 1003 729 1072 iege,
758 1013 816 1058 ut
839 1019 931 1058 eos
950 1007 1039 1074 qui
1061 1008 1161 1058 sub
1185 1006 1299 1076 lege
1325 1014 1479 1060 erant
1500 1005 1642 1060 redi-

85 1098 269 1156 meret;
295 1092 347 1146 in
372 1091 467 1147 illo
487 1093 628 1147 enim
651 1094 793 1147 scala
813 1109 840 1147 a
862 1104 1002 1149 terra
1026 1109 1191 1163 usque
1210 1095 1260 1148 in
1287 1094 1400 1166 [ad]
1422 1097 1639 1161 caelum,

85 1197 109 1235 a
148 1195 304 1236 carne
332 1180 546 1254 [usque]
587 1183 654 1237 ad
695 1185 960 1253 spiritum,
1006 1187 1131 1254 quia
1171 1185 1223 1240 in
1268 1185 1360 1239 illo
1402 1188 1643 1241 carnales

84 1273 401 1341 proliciendo
449 1274 596 1329 velut
652 1276 990 1330 ascendendo
1026 1270 1304 1346 'spiritales
1351 1277 1502 1331 ﬁunt.
1562 1278 1644 1333 Ad

81 1378 204 1434 quos
226 1365 358 1420 lacte
384 1365 695 1421 nutriendos
715 1368 873 1420 etiam
903 1366 1001 1436 ipsi
1029 1366 1294 1437 Spiritalos
1317 1368 1645 1424 descendunt

82 1455 462 1520 quodammodo
491 1469 610 1509 cum
643 1455 721 1511 eis
760 1471 864 1509 non
915 1468 1134 1525 possunt
1163 1459 1327 1526 loqui,
1357 1460 1506 1528 quasi
1533 1461 1644 1526 spi-

83 1543 314 1597 ritalibus
345 1545 438 1597 sed
487 1546 636 1612 quasi
684 1546 1023 1600 carnalibus:
1050 1548 1133 1608 sic
1168 1553 1222 1601 et
1257 1547 1563 1602 ascenditur
1590 1558 1645 1604 et

80 1631 410 1688 descenditur
441 1648 600 1702 super
623 1634 814 1689 Filium
846 1635 1096 1713 hominis.
1119 1637 1284 1692 Filius
1305 1639 1446 1692 enim
1472 1638 1645 1693 homi-

1740 462 1952 521 sumpta
2000 454 2132 508 nihil
2174 455 2442 524 serpentis
2470 463 2708 524 apparet.
2738 454 2845 509 Nos
2876 470 3085 524 quoque
3109 464 3304 525 corpus

1741 542 1858 609 ejus
1874 541 1926 596 in
1949 543 2135 617 eadem
2158 545 2479 610 mortalitate
2501 560 2592 613 per
2615 544 2812 600 lubrica
2837 553 3128 613 temporum
3145 546 3309 600 volvi-

1740 648 1882 698 mur,
1912 634 2006 690 sed
2039 637 2142 690 line
2171 633 2459 690 novissimo
2485 636 2628 690 velut
2653 637 2820 691 cauda
2850 636 3034 692 saeculi
3066 651 3159 706 per
3189 651 3307 690 ma-

1741 740 1890 790 num,
1907 727 1957 781 id
1976 735 2058 781 est
2077 743 2171 796 per
2183 735 2500 796 potestatem
2507 728 2724 804 judicii,
2739 743 2807 784 ne
2822 729 2958 784 ultra
2973 729 3302 799 prolabatur,

1741 819 2074 886 apprehensa
2094 819 2479 885 reparabimur,
2504 828 2558 873 et
2580 819 2867 873 novissima
2896 819 3104 874 inimica
3132 831 3306 874 morte

1742 907 2009 961 destructa
2060 917 2399 975 resurgentes
2443 909 2494 961 in
2533 907 2715 963 dextra
2752 907 2993 978 [dextera
3020 908 3135 980 Dei]
3163 911 3306 978 virga

1743 997 1892 1065 regni
1923 997 2143 1052 erimus.
2169 997 2286 1052 Jam
2338 996 2404 1052 de
2433 999 2592 1066 exitu
2623 998 2783 1055 lsrael
2823 1013 2887 1053 ex
2918 997 3169 1069 Egypto,
3200 1015 3306 1053 non

1741 1101 1843 1155 ego
1865 1088 1958 1141 sed
1984 1089 2272 1156 Apostolus
2295 1088 2550 1157 loquitur:
2572 1089 2703 1145 Nolo
2729 1097 2905 1145 autem
2929 1104 3023 1146 vos
3044 1091 3306 1163 ignorare,

1744 1175 1959 1244 fratres,
1981 1177 2101 1245 quia
2125 1175 2422 1249 [quoniam]
2453 1174 2630 1248 patres
2658 1180 2825 1235 nostri
2847 1194 3034 1244 omnes
3048 1186 3152 1237 sub
3168 1181 3309 1236 nube

1743 1264 1980 1332 fuerunt,
2014 1277 2066 1320 et
2095 1282 2284 1326 omnes
2313 1283 2407 1336 per
2449 1283 2596 1324 mare
2625 1274 2972 1336 transierunt,
3018 1280 3074 1342 et
3103 1285 3308 1328 amnes

1742 1355 1796 1409 in
1819 1355 1963 1434 Mose
2004 1353 2252 1425 baptizati
2278 1365 2403 1412 sunt
2429 1360 2480 1414 iu
2515 1360 2657 1416 nube
2699 1362 2836 1419 etin
2862 1361 3020 1426 mari,
3043 1371 3097 1422 et
3122 1373 3308 1434 omnes

1742 1431 1985 1511 eamdem
2013 1462 2190 1502 escam
2212 1449 2506 1519 spiritalem
2542 1451 3011 1519 manducaverunt,
3038 1461 3095 1506 et
3121 1431 3308 1506 omnes

1741 1537 1991 1591 eumdem
2011 1547 2191 1606 putum
2220 1540 2514 1609 spiritalem
2539 1539 2782 1596 biberunt
2808 1559 2827 1594 -:
2859 1542 3108 1598 bibebant
3128 1552 3305 1599 autem

1741 1625 1809 1682 de
1836 1627 2056 1696 spiritali
2088 1623 2346 1697 sequente
2387 1629 2796 1703 [consequente]
2833 1638 3009 1704 petra,
3041 1643 3191 1703 petra
3213 1649 3307 1688 au-

79 1723 152 1774 nis
177 1736 383 1776 sursum
409 1723 460 1776 in
478 1724 649 1790 capite
681 1731 890 1791 nostro,
920 1725 1060 1795 quod
1085 1736 1170 1780 est
1211 1727 1325 1796 ipse
1349 1726 1627 1794 Salvator,

1746 1725 1846 1772 tem
1871 1728 1985 1773 erat
2007 1720 2270 1779 Christus.
2302 1721 2630 1791 Exponentlo
2674 1738 2857 1790 unum,
2891 1725 2944 1779 in
2989 1734 3186 1780 caetera
3209 1725 3297 1778 in-

77 1819 124 1864 et
153 1810 289 1866 ﬁlius
313 1811 552 1866 hominis
579 1813 851 1868 deorsum.
871 1815 924 1868 in
969 1829 1196 1884 corpore
1232 1829 1347 1884 suo,
1386 1816 1525 1885 quod
1553 1826 1636 1872 est

79 1901 324 1955 Ecclesia.
345 1901 520 1971 Ipsum
541 1910 595 1956 et
617 1904 791 1958 scalas
808 1905 1173 1975 intelligimus,
1192 1905 1313 1975 quia
1334 1905 1447 1975 ipse
1467 1906 1633 1962 dixit:

78 1990 177 2055 Ego
195 2003 312 2045 sum
341 1994 438 2045 via.
469 1991 550 2046 Ad
572 1992 744 2062 ipsum
771 2007 896 2063 ergo
920 1993 1225 2049 ascenditur
1246 2002 1303 2048 ut
1333 1996 1385 2048 in
1413 1994 1639 2053 excelsis

79 2082 416 2152 intelligatur,
451 2094 505 2138 et
533 2084 596 2138 ad
627 2087 795 2154 ipsum
828 2084 1193 2150 descenditur,
1221 2093 1279 2140 ut
1304 2086 1354 2139 in
1384 2085 1639 2141 membris

77 2172 179 2226 Suis
202 2173 436 2242 parvulis
462 2176 727 2229 nutriatur
750 2173 833 2249 [ut
861 2175 914 2228 in
941 2176 1194 2230 membris
1220 2180 1298 2229 sui
1322 2174 1524 2244 parvuli
1543 2190 1642 2230 nu-

79 2260 315 2333 triantur]
343 2280 358 2328 ;
391 2272 443 2316 et
481 2277 575 2333 per
627 2263 779 2319 illum
817 2263 1126 2319 ascenditur
1163 2251 1640 2326 et,‘descenditur:

85 2354 386 2422 exemplum
415 2355 611 2424 quippe
637 2353 754 2423 ejus
784 2363 1067 2423 sequentes
1096 2353 1475 2423 praedicatores
1499 2355 1637 2424 ejus,

78 2458 176 2499 non
204 2444 380 2498 solum
411 2449 470 2499 se
513 2445 724 2513 erigunt
771 2455 830 2497 ut
873 2459 994 2499 eum
1049 2445 1348 2499 sublimiter
1395 2453 1644 2515 spectent

75 2532 438 2606 [exspectent].
469 2534 564 2590 sed
588 2536 746 2589 etiam
777 2534 1076 2602 humiliant,
1105 2544 1164 2590 ut
1191 2551 1312 2589 cum
1337 2543 1639 2604 temperau-

75 2631 150 2676 ter
193 2624 538 2678 annuntient.
597 2623 787 2679 Videte
837 2623 1153 2693 Apostoium
1192 2625 1570 2681 ascendentem

74 2711 223 2778 Sive,
254 2710 464 2781 inquit,
507 2723 685 2768 mente
709 2713 1038 2768 excessimus
1087 2714 1215 2775 Deo.
1244 2722 1296 2769 et
1328 2712 1503 2769 videte
1541 2702 1640 2770 de-

72 2802 410 2857 scendentem
433 2819 448 2869 :
475 2801 622 2870 Sive,
654 2802 848 2872 inquit,
879 2806 1242 2870 temperantes
1263 2817 1450 2859 sumus
1468 2803 1642 2861 vobis.

73 2889 217 2945 Dicat
243 2900 344 2960 per
371 2887 528 2960 quem
551 2887 866 2946 ascenderit
892 2903 947 2948 et
971 2893 1330 2952 descenderit.
1366 2894 1631 2962 Charitas,

73 2982 256 3053 inquit,
281 2984 482 3039 Christi
505 2985 781 3054 compellit
805 2985 1217 3054 nosjudicantes
1249 2988 1371 3057 hoc,
1387 2971 1641 3058 quoniam

1740 1807 2353 1892 troduxitintellectum,
2466 1815 2608 1869 enim
2638 1821 2788 1882 petra
2816 1811 3063 1869 Christus
3089 1815 3307 1885 propter
3374 1888 3376 1890 _

1739 1899 2072 1971 firmitatem,
2097 1909 2320 1959 cur'non
2347 1911 2402 1958 et
2427 1918 2618 1958 manna
2651 1903 2916 1971 Christus,
2945 1911 3189 1974 lautianm
3215 1921 3307 1974 pa-

1741 1989 1825 2060 nis
1851 1982 2024 2056 vivus,
2054 1991 2142 2061 qui
2171 1992 2238 2046 de
2281 1992 2432 2053 coelo
2476 1993 2788 2060 descendit?
2815 2010 2920 2065 quo
2950 2011 3074 2050 vere
3101 1995 3190 2066 qui
3218 2010 3307 2054 ve-

1739 2090 1784 2130 st
1801 2086 1965 2132 untur
1989 2079 2304 2149 spiritaliter
2333 2083 2516 2138 vivunt
2540 2098 2554 2135 :
2586 2097 2707 2148 nam
2727 2083 2806 2138 illi
2828 2093 3060 2139 veterem
3089 2086 3306 2153 liguram

1739 2167 2028 2224 carnaliter
2079 2171 2404 2241 accipientes
2451 2173 2651 2227 mortui
2693 2183 2837 2250 sunt.
2892 2172 2998 2228 Sed
3025 2187 3145 2229 cum
3177 2175 3308 2228 dicit

1742 2261 2053 2334 Apostolus,
2102 2263 2348 2318 eumdem
2389 2265 2566 2320 cibum
2611 2263 2906 2334 spiritalem
2955 2266 3309 2320 manducave-

1741 2343 1888 2417 runt,
1911 2342 2151 2427 ostendit
2175 2364 2230 2406 et
2253 2352 2384 2414 illud
2417 2343 2728 2426 spiritaliter
2752 2353 2973 2423 intelligi
3000 2354 3052 2410 in
3073 2343 3308 2422 Christo,

1742 2442 1882 2521 sicut
1909 2450 1973 2521 et
1994 2451 2199 2513 potum,
2229 2437 2328 2514 cur
2356 2427 2666 2514 spiritalem,
2689 2444 2931 2511 dixisset,
2954 2448 3158 2515 aperuit
3185 2457 3307 2501 cum

1741 2519 2064 2610 subiungit,
2097 2535 2254 2590 Petra
2286 2545 2468 2610 autem
2501 2521 2620 2592 erat
2663 2535 2937 2610 Christus:
2977 2551 3082 2607 quo
3121 2545 3308 2605 aperto

1623 2642 1660 2679 :~
1716 2637 1934 2705 .cuncta
1962 2611 2243 2709 fulserunt.
2269 2625 2380 2682 Cur
2412 2631 2517 2683 non
2548 2625 2677 2700 ergo
2703 2636 2758 2682 et
2787 2625 3223 2688 nubesChristus
3252 2636 3309 2682 et

1742 2714 2014 2783 columna,
2045 2716 2172 2785 quia
2203 2726 2405 2784 rectus,
2436 2725 2491 2772 et
2512 2719 2717 2793 ﬁrmus,
2746 2726 2798 2773 et
2826 2716 3050 2773 fulciens
3087 2717 3309 2774 inﬁrmi.

1743 2813 1908 2862 tatem
1940 2813 2198 2882 nostram,
2227 2821 2322 2877 per
2372 2814 2584 2862 noctem
2622 2794 2845 2877 lucens,
2890 2820 2988 2876 per
3016 2806 3156 2888 diem
3182 2823 3308 2874 .uon

1743 2894 1951 2965 lucens,
1979 2899 2035 2955 αι
2058 2899 2149 2967 qui
2179 2913 2284 2954 non
2314 2898 2495 2956 vident
2519 2896 2756 2964 videant,
2785 2906 2841 2954 et
2865 2897 3161 2977 quisident
3181 2900 3310 2957 caeci

1747 2989 1911 3051 fiant?
1952 2989 2123 3045 nubet
2163 2989 2384 3060 lNubes]
2428 2999 2485 3045 et
2516 2992 2664 3048 mare
2707 2989 2978 3057 Rubrum,
3010 2990 3305 3077 baptismus

72 3076 114 3131 si
139 3090 274 3131 unus
295 3090 396 3146 pro
420 3076 670 3130 omnibus
700 3083 941 3130 mortuus
962 3088 1068 3166 est,
1088 3091 1215 3148 ergo
1235 3091 1422 3133 omnes
1443 3078 1637 3166 mortui
1667 3100 1713 3162 ρ
1748 3081 1931 3152 utique
1960 3080 2158 3136 Christi
2182 3083 2441 3153 sanguine
2462 3091 2826 3150 consecratus,
2850 3083 3035 3161 hostes
3077 3073 3308 3161 sequen-

72 3171 205 3233 sunt,
235 3177 291 3220 et
314 3179 416 3234 pro
438 3165 683 3220 omnibus
716 3171 956 3219 mortuus
977 3153 1080 3232 est,
1111 3175 1170 3220 ut
1190 3167 1279 3236 qui
1312 3167 1513 3232 vivunt,
1528 3161 1638 3236 jam

72 3269 169 3310 non
194 3256 298 3311 sibi
330 3256 532 3320 vivant,
557 3256 652 3312 sed
682 3255 730 3308 ci
754 3255 842 3322 qui
872 3269 966 3324 pro
989 3256 1066 3310 eis
1095 3267 1336 3312 mortuus
1369 3265 1452 3311 est
1477 3266 1530 3311 et
1556 3270 1644 3312 re-

37 3390 41 3392 .
71 3345 320 3401 surrexit.
351 3345 474 3400 litec
497 3347 549 3399 in
574 3344 863 3412 Scripturis
895 3345 1094 3400 sanctis
1122 3354 1306 3401 sancta
1336 3345 1640 3416 spectacula

72 3440 223 3504 quem
255 3443 368 3492 n‘on
397 3439 684 3504 delectant,
719 3453 899 3493 sanam
939 3438 1238 3494 doctrinam
1289 3454 1394 3494 non
1417 3439 1644 3493 sustinet

73 3525 412 3599 [sustinens],
446 3527 509 3582 ad
545 3527 748 3583 fabulas
787 3530 1136 3598 conuertitur,
1185 3524 1390 3585 et'illte
1428 3519 1641 3600 quidem

73 3618 257 3674 fabula:
289 3619 502 3676 animos
549 3618 797 3691 [animas]
838 3620 890 3675 in
938 3620 1174 3691 qualibet
1210 3624 1454 3691 corporis
1487 3630 1646 3676 aetate

71 3711 304 3780 pueriles
336 3712 482 3766 varia
513 3712 738 3780 quadam
794 3710 1150 3767 delectatione
1191 3713 1498 3767 sollicitant.
1541 3712 1644 3767 Sed

72 3817 160 3857 nos
178 3804 289 3870 jam
322 3816 520 3871 corpus
548 3803 743 3858 Chriin
771 3798 1111 3873 agnoscimus
1150 3802 1567 3876 [agnoscamus],
1592 3803 1644 3858 in

70 3892 278 3948 Psalnto
307 3908 495 3948 vocem
518 3903 782 3960 nostram,
812 3901 873 3947 ut
901 3893 1141 3948 dicamus
1171 3895 1218 3950 ei
1246 3912 1258 3946 :
1288 3894 1649 3951 Narraveront

72 3982 194 4036 mihi
216 3981 403 4050 iniusti
433 3982 839 4045 delectationes.
872 3981 966 4057 sed
1001 3997 1104 4036 non
1133 3983 1271 4039 sicut
1294 3985 1374 4038 lex
1403 3993 1514 4048 tua,
1547 3971 1650 4037 Do-

72 4073 230 4126 mine.
256 4070 509 4126 Christus
524 4071 659 4124 mihi
682 4062 1119 4140 ubique’illorum
1143 4071 1421 4136 librorum,
1448 4071 1649 4141 ubique

71 4165 277 4219 Illarum
305 4161 710 4231 Scripturarum
739 4162 1043 4232 peragranti
1094 4169 1150 4216 et
1181 4161 1457 4216 anhelanti
1487 4160 1538 4216 iu
1561 4177 1652 4235 su-

71 4254 196 4310 dore
222 4253 322 4308 illo
351 4250 713 4306 damnationis
739 4250 1003 4336 humanae,
1041 4251 1160 4305 sive
1200 4266 1266 4305 ex
1295 4261 1505 4319 aperto,
1534 4251 1650 4306 sive

69 4364 130 4404 ex
155 4347 376 4405 occulto
402 4337 644 4419 occurrit
667 4351 724 4398 et
750 4342 1096 4422 re_licit.vlpse
1132 4343 1260 4397 mihi
1310 4351 1365 4397 et
1404 4359 1470 4396 cx
1518 4358 1651 4396 non-

1743 3177 1825 3224 tes
1845 3185 1874 3222 a
1900 3179 2049 3240 tergo
2079 3170 2396 3238 moriuntur,
2417 3179 2630 3240 peccata
2650 3171 2937 3241 praeterita.
2963 3166 3336 3247 Ducitur

1741 3260 1900 3327 pulus
1930 3273 2026 3327 per
2061 3259 2334 3314 desertum
2359 3276 2374 3314 :
2406 3260 2657 3330 baptizati
2687 3276 2887 3335 omnes
2928 3263 3159 3320 nondum
3185 3278 3310 3333 per-

1742 3347 1980 3425 fruentes
2011 3350 2273 3419 promissa
2312 3351 2512 3424 patria,
2560 3352 2657 3406 sed
2680 3352 2820 3422 quod
2850 3367 2954 3408 non
2986 3353 3167 3429 vident
3188 3370 3313 3424 ερε-
3357 3407 3362 3410 .

1743 3437 1912 3491 rando
1941 3446 1996 3492 et
2024 3453 2121 3506 per
2173 3439 2480 3508 patientiam
2534 3429 2938 3509 exspectando,
2964 3450 3209 3510 tanquam
3254 3445 3307 3498 in

1747 3529 1961 3584 deserto
1983 3539 2129 3596 sunt,
2159 3538 2214 3584 et
2239 3530 2348 3585 illic
2376 3530 2653 3600 laboriose,
2671 3540 2726 3586 et
2750 3532 3047 3603 periculose
3067 3534 3312 3602 tentante-

1745 3635 1843 3674 nes
1861 3635 1927 3674 ne
1951 3630 2289 3678 revertantur
2312 3621 2474 3676 corde
2497 3623 2548 3677 in
2577 3620 2886 3692 Egyptum,
2921 3637 3014 3677 uec
3041 3624 3110 3680 ibi
3137 3635 3313 3680 tamen

1746 3709 1992 3765 Christus
2036 3711 2258 3774 deserit.
2290 3727 2412 3767 nam
2443 3722 2498 3768 et
2542 3713 2631 3768 ilfa
2670 3713 2913 3768 columna
2945 3730 3049 3772 non
3087 3707 3311 3773 recedit.

1746 3798 1815 3854 Et
1830 3815 2022 3855 amara:
2043 3815 2192 3870 aquae
2214 3801 2357 3870 ligno
2375 3803 2683 3862 dulcescunt
2705 3807 2870 3877 ,-quia
2889 3807 3086 3864 inimici
3109 3813 3314 3882 populi,
3359 3846 3364 3852 .

1748 3889 1900 3958 signo
1927 3889 2100 3946 crucis
2154 3889 2356 3946 Christi
2405 3893 2777 3962 honoriﬁcato,
2829 3899 3224 3964 mansucscunt,
3261 3911 3316 3957 et

1717 4005 1724 4013 ’
1748 3981 2030 4040 duodecim
2051 3979 2247 4046 fontes,
2276 3984 2608 4053 septuaginta
2630 3986 2820 4053 palma:
2842 3989 3060 4042 arbores
3082 3989 3313 4060 irrigan-

1750 4080 1831 4127 tes
1857 4072 2206 4140 apostolicam
2221 4075 2453 4143 gratiam
2472 4075 2811 4144 pneﬂguranl
2831 4080 3051 4146 populos
3073 4080 3123 4135 in
3141 4092 3315 4150 septe-

1751 4161 1902 4217 nario
1927 4175 2150 4216 numero
2178 4162 2460 4231 decuplato
2488 4163 2771 4232 rigentem,
2799 4176 2856 4220 ttt
2877 4183 2971 4236 per
2992 4171 3320 4237 septiformis

1734 4250 1969 4322 "spiritus
1999 4255 2194 4307 donum
2226 4254 2356 4323 legis
2388 4254 2679 4324 Decalogus
2727 4256 3032 4325 impleatur.
3061 4261 3122 4333 Et
3149 4263 3318 4339 bustis

1758 4343 2116 4424 intercludere
2155 4345 2370 4399 molitus
2399 4345 2536 4398 viam
2560 4349 2826 4411 ,cxtentis
2857 4348 3013 4402 Musis
3046 4351 3313 4427 manibus,

70 4439 208 4494 nulla
243 4437 564 4512 difficultate
589 4433 908 4489 inventionis
946 4448 1058 4489 sua:
1081 4433 1406 4487 desiderium
1434 4431 1644 4486 inflam-
1676 4454 1729 4512 Β
1752 4433 1902 4500 signo
1931 4422 2103 4487 crucis
2131 4433 2414 4489 dominicm
2462 4448 2741 4505 superatur
2765 4455 2780 4500 ;
2812 4449 2863 4492 et
2892 4455 3100 4496 morsus
3128 4422 3315 4498 morti-

69 4540 196 4596 mat,
229 4539 295 4584 ut
326 4510 475 4597 quod
499 4525 630 4598 [quo
659 4525 710 4579 id
737 4522 901 4594 quod]
929 4525 1182 4579 invenero
1211 4525 1365 4579 avide
1395 4525 1643 4578 sorbeam
1677 4510 1687 4556 ί

68 4623 430 4691 medullisque
457 4618 793 4674 reconditum
823 4616 1109 4671 salubriter
1129 4624 1356 4672 teneam.
1383 4616 1502 4683 ipse
1521 4614 1650 4668 mihi

68 4716 119 4776 ln
141 4715 348 4784 Ioseph
376 4708 867 4779 innuit[innuitur],
883 4708 975 4779 qui
995 4709 1435 4777 persequentibus
1450 4718 1502 4762 et
1525 4723 1652 4761 ven-

70 4809 323 4864 dentibus
352 4805 606 4860 fratribus
632 4804 686 4856 in
710 4802 936 4873 Egypto
960 4811 1078 4869 post
1100 4801 1310 4855 labores
1335 4800 1628 4854 honoratur

67 4900 370 4958 Didicimus
419 4898 559 4951 enim
601 4897 812 4950 labores
861 4892 1056 4947 Christi
1108 4893 1160 4946 in
1212 4893 1342 4948 orbe
1378 4894 1647 4961 gentium,

66 5007 223 5063 quem
275 4989 620 5059 signiﬁcabat
673 4987 969 5055 Egyptus,
1013 4998 1108 5052 per
1147 4985 1322 5036 varias
1373 4982 1649 5051 passiones

68 5093 368 5154 martyrum
390 5121 406 5147 ,
430 5089 481 5133 et
513 5093 651 5131 nunc
679 5078 919 5130 videmus
950 5074 1209 5128 honorem
1242 5072 1441 5126 Christi
1480 5073 1530 5124 in
1561 5086 1654 5126 eo-

71 5176 185 5228 dem
198 5159 341 5227 orbe
368 5179 633 5224 terrarum
662 5163 972 5234 erogatione
988 5161 1236 5216 frumenti
1260 5162 1337 5216 sui
1362 5161 1655 5216 sibiomnia

71 5263 435 5334 subjugantis.
453 5258 570 5327 Ipse
591 5257 720 5310 mihi
740 5253 918 5308 innuit
949 5251 1227 5324 [innuitur]
1257 5252 1308 5304 in
1332 5253 1477 5320 virga
1499 5251 1653 5317 Mosi,

72 5373 209 5426 quae.
242 5357 298 5408 in
335 5365 479 5406 terra
511 5363 734 5416 serpens
761 5347 972 5410 effecta,
996 5347 1112 5413 ejus
1145 5353 1373 5399 mortem
1398 5344 1648 5414 figuravit

74 5465 100 5502 a
132 5453 397 5514 serpente
426 5442 755 5502 venientem;
791 5437 882 5491 sed
914 5437 1050 5505 quod
1092 5433 1422 5504 apprehensa
1463 5435 1652 5501 cauda,

75 5537 342 5608 signiﬁcat
398 5532 682 5600 posterius,
733 5529 966 5598 peractis
1013 5528 1121 5596 jam
1167 5527 1412 5581 omnibus
1455 5527 1506 5580 in
1549 5526 1652 5582 fire

76 5627 384 5686 actionibus
412 5621 710 5697 [actionis],
743 5621 806 5675 ad
849 5619 900 5673 id
932 5620 1074 5689 quod
1113 5616 1288 5675 fuerat
1326 5617 1650 5687 resurgendo

1753 4523 1850 4582 feri
1876 4536 2203 4593 serpentum,
2248 4527 2476 4578 exaltato
2515 4538 2566 4580 et
2605 4536 2844 4593 respecto
2873 4544 3022 4585 aeneo
3062 4543 3312 4600 serpente

1757 4624 1970 4670 sanatur
1999 4614 2326 4686 [sanantur],
2359 4614 2496 4683 quod
2529 4615 2704 4670 verbis
2735 4615 2941 4671 Domini
2972 4619 3313 4679 declaratur:

1759 4704 1912 4758 Sicut
1941 4703 2224 4768 exaltavit,
2259 4698 2453 4771 inquit,
2500 4704 2676 4759 Moses
2715 4716 3016 4774 serpentem
3044 4708 3099 4768 in
3117 4724 3317 4776 eremo,

1757 4795 1836 4848 sic
1855 4804 2069 4863 oportet
2091 4795 2310 4849 exaltari
2334 4782 2524 4849 Filium
2551 4793 2802 4863 hominis,
2826 4807 2881 4873 ut
2901 4799 3075 4852 omnis
3096 4803 3182 4870 qui
3205 4797 3317 4855 c're-

1756 4887 1835 4942 dit
1863 4888 1914 4942 in
1958 4903 2078 4942 eum
2108 4903 2211 4941 non
2241 4896 2449 4955 pereat,
2499 4887 2592 4941 sel
2632 4887 2825 4943 habeat
2856 4889 3014 4955 vitam
3042 4902 3316 4947 aeternam.

1759 4977 1906 5032 Itane
1937 4977 2095 5030 etiam
2127 4978 2224 5031 ista
2269 4992 2372 5031 non
2413 4976 2678 5032 clamant?
2715 4987 2931 5033 tantane
2953 4988 3035 5052 est
3059 4983 3320 5052 surditas?

1757 5068 1845 5122 Fit
1875 5068 2072 5135 pascha
2112 5068 2163 5121 in
2213 5068 2478 5122 occisione
2516 5068 2654 5134 ovis,
2695 5068 2956 5122 occiditur
2985 5070 3227 5126 Christus
3254 5073 3318 5128 de

1758 5173 1862 5227 quo
1899 5159 1950 5211 in
1982 5158 2268 5228 Evangelia
2313 5159 2508 5212 dicitur
2536 5177 2550 5214 :
2578 5159 2714 5214 Ecce
2744 5174 2911 5230 agnus
2942 5161 3058 5228 Dei,
3083 5178 3206 5218 ecce
3231 5167 3319 5233 qui

1758 5250 1901 5303 tollit
1930 5259 2148 5318 peccata
2173 5250 2378 5305 mundi.
2403 5250 2759 5309 Proitibcntur
2790 5253 2876 5323 qui
2900 5254 3091 5321 pascha
3123 5253 3319 5312 faciunt

1751 5355 1873 5396 ossa
1899 5342 2164 5412 frangere.
2189 5355 2292 5402 non
2318 5342 2624 5410 franguntur
2656 5343 2706 5396 in
2741 5357 2898 5397 cruce
2918 5327 3037 5398 ossa
3070 5345 3316 5413 Domini;

1758 5441 2035 5488 attestatur
2061 5434 2390 5503 evangelista
2418 5434 2542 5488 hinc
2569 5448 2690 5489 esse
2709 5434 2914 5490 dictum
2947 5453 2962 5490 :
2989 5437 3058 5491 Os
3079 5439 3193 5506 ejus
3214 5453 3319 5507 non

1758 5526 2153 5582 comminuetis.
2185 5527 2454 5596 Sanguine
2495 5527 2790 5585 illiniuutur
2827 5540 3026 5597 postes,
3059 5542 3111 5582 ut
3140 5529 3319 5597 perid-

1758 5619 1868 5675 cies
1894 5618 2219 5690 depellatur:
2251 5620 2531 5691 signantur
2559 5621 2714 5691 signo
2743 5621 3026 5677 dominica:
3059 5622 3318 5690 passionis
