3886 6224
538 219 636 272 679

541 331 586 381 in
612 329 873 381 frontibus
897 329 1094 397 populi,
1129 330 1193 381 ad
1219 328 1432 382 tutelam
1452 327 1658 379 salutis.
1683 326 1848 381 Datur
1869 327 1938 380 ibi
1971 329 2050 380 lex
2082 345 2108 380 ι.
2143 333 2184 386 Α

539 423 624 473 ilic
651 431 771 489 post
797 429 967 473 :it-tutn
1001 422 1215 487 pascha,
1249 418 1394 471 venit
1438 418 1670 485 Spiritus
1699 427 1919 471 sanctus
1972 435 2001 471 ι
2031 419 2118 472 tl'e

544 522 661 578 post.
695 513 904 565 Domini
939 511 1261 576 passionem.
1312 508 1514 560 Dicitur
1557 509 1667 561 illic
1697 510 1894 577 scripta
1925 510 2009 561 lex
2039 507 2119 559 di-

543 607 652 670 gito
677 604 789 664 Dei,
807 603 930 654 dicit
958 600 1211 652 Dominus
1237 600 1302 652 de
1324 599 1524 665 Spiritu
1548 609 1737 653 sancto
1764 617 1778 652 :
1801 600 1854 653 Si
1880 600 1931 651 in
1955 596 2118 664 digito

549 691 639 742 Dei
673 691 826 755 ejicio
857 688 1139 740 dmmonia.
1175 688 1238 740 Et
1266 687 1458 740 clamat
1489 688 1746 751 Faustus,
1777 687 1944 740 oculis
1973 686 2121 740 clau-

545 783 640 846 sis,
676 777 802 830 nihil
834 793 890 831 se
920 778 970 829 in
1001 777 1105 829 illis
1135 775 1328 829 litteris
1358 778 1627 830 invenisse
1659 776 1796 844 quod
1825 775 1889 827 ad
1917 773 2115 828 Christi

547 869 1051 935 prmnuntiationem
1095 869 1355 935 pertineat
1383 867 1397 921 l
1431 869 1563 933 Quid
1596 875 1772 920 autem
1804 869 1995 919 mirum
2017 911 2032 933 ,
2073 868 2119 920 si

549 961 737 1012 oculos
771 959 960 1011 haheat
984 958 1048 1010 ad
1081 959 1383 1026 legendum,
1410 969 1464 1012 et
1506 973 1596 1010 cor
1622 956 1687 1008 ad
1722 957 2119 1024 intelligendum

548 1064 650 1102 non
685 1049 894 1112 habeat,
920 1049 1003 1116 qui
1038 1049 1245 1113 positus
1276 1060 1399 1101 ante
1439 1048 1630 1099 OSIium
1671 1047 1910 1101 tlausum
1954 1047 2120 1101 divini

547 1141 760 1201 secreti,
798 1155 901 1191 non
929 1140 1032 1192 lide
1065 1141 1280 1205 pietatis
1313 1141 1500 1207 pulsat,
1535 1138 1628 1191 sed
1671 1139 1901 1194 elatione
1931 1142 2116 1207 impie-

552 1230 678 1280 tatis
709 1227 971 1280 insultat?
1003 1228 1160 1294 plaue
1187 1231 1252 1281 ita
1283 1228 1454 1287 sit,ita
1489 1227 1597 1295 fuit.
1631 1227 1839 1280 Jusmm
1873 1238 1954 1281 est
1975 1231 2117 1282 enim

550 1319 830 1370 claudatur
858 1318 1104 1386 superbis
1132 1319 1293 1386 janua
1325 1317 1551 1380 salutis;
1582 1331 1762 1370 veniat
1813 1329 2122 1372 mansuetus

550 1424 704 1474 quem
732 1409 890 1462 docet
933 1409 1186 1462 Dominus
1233 1409 1343 1462 vias
1393 1422 1535 1473 suas,
1584 1409 1768 1462 Videat
1797 1420 1848 1462 et
1879 1411 1990 1463 hmc
2018 1411 2123 1463 illis

553 1500 603 1551 in
633 1499 803 1560 libris,
833 1510 887 1552 et
917 1508 1126 1559 cratera,
1163 1498 1244 1549 vel
1293 1499 1497 1562 omnia,
1556 1501 1634 1552 vel
1675 1499 1915 1567 qua-dam
1948 1501 2122 1568 qualia

555 1591 738 1642 credat
761 1591 812 1643 in
837 1590 1112 1651 omnibus;
1139 1588 1315 1640 videat
1344 1588 1767 1662 introdueentem
1791 1591 2044 1658 populum
2069 1592 2121 1644 in

1603 217 1662 268 D.
1699 213 2016 268 EUGYPPII
2047 214 2332 270 ABBATIS
2363 218 2680 272 Al~'RlC.-\-.\'l

3740 222 3854 276 650

2219 331 2442 396 probato
2474 341 2673 395 vetere,
2704 331 2840 400 quod
2873 333 3056 386 umbra
3083 343 3201 389 erat
3249 334 3455 400 futuri,
3492 336 3550 388 in
3597 335 3852 389 Domino

2223 431 2406 473 nostro
2445 422 2568 475 Jesu
2600 424 2812 477 Christo
2863 435 3145 480 venturum
3178 427 3428 499 [regnum
3473 441 3533 483 et
3567 433 3852 482 sacerdo-

2222 510 2415 581 tium]?
2445 513 2632 567 Nonne
2679 516 2791 582 ipse
2824 515 2985 570 David
3008 560 3022 581 ,
3054 535 3173 573 cum
3214 535 3381 589 panes
3426 521 3848 588 propositioni!

2221 603 2581 669 manducavit,
2607 606 2745 671 quod
2780 622 2884 660 non
2918 608 3110 663 licebat
3137 611 3466 663 manducare
3497 611 3614 663 nisi
3652 625 3848 663 sacer-

2222 695 2455 760 dotibus,
2487 697 2537 748 in
2571 711 2673 749 una
2698 713 2922 766 persona
2958 711 3240 768 utrumque
3272 701 3542 764 futurum,
3574 701 3633 755 id
3671 713 3764 752 est
3795 704 3844 751 in

2222 799 2328 838 uno
2360 785 2572 839 Christo
2598 788 2725 841 Jesu
2768 803 2989 858 regnum
3021 802 3073 844 et
3109 792 3468 844 sacerdotium
3523 795 3798 862 ﬁguravit
3821 794 3838 823 ²

2221 875 2408 928 Nerine
2435 891 2555 931 cum
2587 878 2771 932 decem
2801 881 2972 934 tribus
2997 897 3025 934 a
3072 885 3268 951 templo
3315 898 3591 951 separata:
3628 897 3768 938 sunt
3791 897 3842 934 rt

2221 965 2339 1020 dua:
2369 967 2664 1031 derelictze,
2700 971 2829 1022 satis
2861 971 3058 1024 indicat
3085 973 3226 1039 quod
3257 973 3324 1026 de
3356 982 3465 1025 tota
3508 974 3633 1039 ipsa
3671 985 3838 1040 gente

2224 1060 2514 1126 Apostolus
2541 1062 2649 1113 ait:
2687 1061 2939 1130 Reliquia:
2967 1080 3062 1132 per
3090 1064 3408 1118 electionem
3435 1068 3638 1132 gratim.
3663 1069 3836 1134 xtl}:

2223 1150 2376 1204 facta:
2417 1154 2578 1205 sunt?
2612 1154 2852 1207 Pascitur
2896 1155 3040 1208 Elias
3084 1166 3326 1224 tempore
3376 1158 3540 1211 famis
3575 1173 3607 1208 a
3650 1162 3834 1210 corvis

2226 1257 2382 1297 mane
2413 1244 2755 1299 aiTcrentibus
2796 1257 2984 1313 panem
3013 1258 3066 1301 et
3107 1249 3170 1300 ad
3200 1264 3482 1316 vesperam
3519 1263 3753 1312 carnes,
3783 1259 3836 1301 et

2223 1329 2497 1384 Mauiclimi
2536 1348 2638 1386 non
2671 1335 2970 1403 intelligunt
3005 1337 3055 1390 in
3089 1338 3190 1391 illis
3223 1339 3373 1391 libris
3395 1339 3718 1398 Christum,
3747 1343 3830 1391 cui

2224 1420 2616 1487 quodammodo
2647 1424 2871 1477 salutem
2905 1436 3140 1478 nos1ram
3181 1426 3444 1480 esurienti
3487 1428 3831 1480 conﬁtentur

2227 1520 2532 1576 peceatores
2563 1512 2718 1566 (idem
2753 1514 3014 1582 primitias
3046 1516 3265 1584 spiritus
3309 1504 3452 1570 nunc
3500 1520 3823 1572 habentem.

2227 1602 2277 1653 in
2311 1600 2414 1655 {ine
2440 1611 2617 1656 autem
2651 1603 2796 1657 velut
2825 1603 2890 1657 ad
2919 1618 3193 1672 vesperam
3226 1593 3408 1659 saeculi
3438 1609 3614 1659 etiam
3649 1609 3830 1658 carnis

553 1691 752 1734 terram
785 1680 1169 1748 promissionis.
1201 1679 1380 1747 Neque
1399 1681 1542 1732 enim
1571 1679 1671 1734 hoc
1700 1690 1902 1736 temere
1924 1683 1990 1737 ab
2015 1684 2116 1772 ini-
2149 1677 2198 1735 Β
2227 1693 2690 1746 resurrectionem.
2737 1675 2962 1747 Mittitur
2993 1695 3137 1747 Elias
3178 1698 3480 1763 pascendus
3521 1699 3593 1750 ad
3637 1697 3830 1748 aheni-

555 1773 637 1825 tio
661 1772 971 1834 vocabatur,
1005 1771 1096 1824 sed
1120 1785 1184 1824 ex
1219 1774 1328 1839 ipsa
1356 1771 1751 1839 dispensatione
1768 1776 1982 1829 nomine
2005 1771 2125 1828 mit-

557 1873 668 1915 tato
707 1865 859 1916 .lesus
904 1861 1204 1929 appellatus
1244 1869 1347 1916 est.
1401 1861 1582 1916 Videat
1631 1863 1839 1917 botrum
1876 1863 1944 1919 de
1986 1875 2124 1919 terra

559 1950 924 2019 promissionis
957 1951 1006 2002 in
1038 1950 1184 2018 ligno
1226 1951 1566 2017 pendentem.
1603 1950 1788 2006 Videat
1819 1953 1870 2006 in
1913 1952 2127 2007 Jeriebo

559 2053 802 2108 tanquam
861 2040 910 2093 in
965 2041 1063 2094 hoc
1118 2043 1324 2095 mortali
1384 2042 1579 2096 saeculo
1632 2046 2008 2110 meretricem,
2059 2047 2126 2101 de

558 2134 797 2201 qualibus
828 2133 896 2185 ait
943 2132 1199 2186 Dominus
1242 2133 1381 2201 quod
1427 2136 1729 2201 praecedant
1779 2139 2039 2206 superbos
2072 2138 2125 2194 in

556 2236 720 2291 regno
749 2225 1029 2286 etelorum,
1064 2240 1156 2292 per
1187 2224 1472 2279 fenestram
1504 2229 1694 2281 domus
1721 2241 1833 2281 sua:
1874 2238 2124 2298 tauquam

558 2331 651 2382 per
682 2331 741 2370 os
770 2318 1011 2384 corporis
1038 2319 1116 2369 sui
1149 2331 1367 2371 coccum
1397 2318 1722 2383 mittentem,
1751 2318 1892 2386 quod
1919 2329 2002 2373 est
2024 2323 2128 2373 uti-

555 2421 658 2475 que
687 2407 959 2473 sanguinis
988 2408 1195 2474 signum
1224 2417 1443 2476 propter
1487 2409 1859 2464 remissionem
1886 2420 2128 2476 peccato-

555 2509 669 2554 rum
698 2497 937 2551 conﬁteri
968 2497 1033 2551 ad
1064 2497 1314 2551 salutem.
1370 2497 1559 2550 Videat
1604 2512 1786 2552 muros
1809 2499 1974 2567 ipsius
1995 2498 2134 2554 civi-

554 2588 707 2651 tatis,
754 2596 1003 2655 tanquam
1053 2589 1376 2641 munitiones
1424 2588 1660 2641 mortalis
1704 2588 1886 2642 saeculi
1930 2589 2126 2658 septies

555 2680 874 2733 circumacta
905 2678 1233 2732 Testamenti
1285 2692 1431 2740 arca,
1473 2678 1753 2744 cecidisse,
1802 2679 1942 2733 sicut
1989 2693 2130 2734 nunc

556 2785 652 2837 per
692 2779 928 2837 tempora
982 2783 1100 2836 quae
1150 2777 1352 2836 septem
1398 2767 1603 2822 dierum
1647 2765 2012 2824 vicissitudine
2048 2769 2131 2823 di-

559 2860 824 2925 labuntur,
877 2860 1276 2913 Testamentum
1325 2858 1416 2913 Dei
1473 2859 1668 2913 circuit
1720 2866 1888 2912 totum
1942 2859 2128 2914 orbem

562 2961 825 3003 terrarum
855 2991 870 3015 ,
919 2957 978 3001 ut
1029 2949 1080 3000 in
1136 2949 1241 3002 line
1290 2955 1589 3016 temporum
1646 2962 1791 3001 mors
1838 2947 2127 3002 novissima

555 3041 658 3117 51
692 3041 900 3094 inimica
942 3040 1267 3104 destruatur,
1299 3048 1352 3093 et
1391 3054 1458 3092 ex
1508 3038 1793 3108 impiorum
1827 3040 2125 3108 perditione
2153 3029 2198 3090 C

560 3137 715 3186 unica
771 3134 993 3194 domus,
1047 3141 1294 3198 tauquam
1345 3130 1496 3183 unica
1542 3129 1807 3194 Ecclesia,
1855 3129 2129 3195 liberetur,

568 3222 821 3275 mundata
851 3221 1178 3288 turpitudine
1204 3219 1493 3272 fornicat‘o:
1517 3219 1561 3271 is
1584 3233 1672 3287 per
1691 3217 1977 3273 fenestram
2007 3231 2134 3272 con-

561 3312 810 3365 lessionis
854 3312 905 3364 in
949 3311 1202 3378 sanguine
1258 3309 1606 3362 remissionis.
1652 3308 1842 3361 Videat
1893 3319 2131 3376 tempora

559 3405 735 3472 primo
762 3401 1028 3466 Judicum,
1079 3409 1264 3468 postea
1296 3399 1519 3468 Regum,
1550 3399 1686 3451 situt
1724 3400 1828 3454 erit
1857 3399 2028 3466 primo
2045 3399 2132 3468 ju.

563 3493 789 3557 ilicium,
823 3499 1004 3559 postea
1030 3505 1273 3556 regnum,
1309 3491 1468 3558 inque
1490 3491 1616 3556 ipsis
1641 3489 1969 3557 temporibus
1990 3489 2132 3558 judi-

560 3598 682 3635 cum
713 3591 768 3635 et
795 3595 1014 3648 regnum
1049 3580 1239 3634 iurum
1269 3591 1425 3648 atque
1455 3581 1643 3633 iterum
1675 3579 1858 3634 multis
1886 3585 1941 3634 et
1969 3581 2130 3635 variis

564 3672 737 3726 modis
763 3671 1034 3726 Chrismm
1084 3670 1484 3738 Ecclesiamque
1516 3670 1748 3738 ﬁgurari.
1776 3670 1904 3737 Quis
1932 3671 2127 3738 eratin

563 3762 788 3815 Samson
811 3761 1022 3814 obvium
1048 3760 1251 3813 leonem
1276 3774 1493 3823 necans,
1516 3775 1657 3824 cum,
1688 3759 1925 3828 petenda:
1949 3763 2129 3816 uxoris

561 3865 741 3917 causa,
787 3850 851 3902 ad
883 3848 1210 3918 alienigenas
1260 3847 1539 3912 tenderet,
1570 3848 1671 3901 nisi
1701 3849 1790 3918 qui
1833 3850 2124 3904 Ecclesiam

561 3954 842 3998 vocaturos
873 3959 935 3996 ex
965 3943 1208 4011 gentibus
1239 3943 1412 3995 dixit:
1457 3932 1713 4010 Gaudete,
1745 3943 1865 4010 quia
1897 3956 1995 4011 ego
2024 3943 2124 3996 vici

559 4037 811 4089 saeculum
841 4035 863 4087 ?
893 4034 1024 4100 Quid
1057 4034 1156 4086 sibi
1188 4034 1297 4087 vult
1326 4033 1376 4086 in
1405 4047 1498 4087 ore
1544 4033 1710 4101 ipsius
1757 4033 1924 4086 leonis
1962 4033 2124 4088 occisi

554 4126 711 4180 {avus
740 4137 1016 4180 extrue'us
1044 4170 1056 4188 ,
1092 4124 1191 4177 nisi
1239 4125 1360 4194 quia
1404 4139 1529 4179 ecce
1577 4123 1935 4193 conspicimus
1981 4127 2125 4196 leges

561 4216 705 4284 ipsas
750 4219 895 4284 regni
941 4217 1178 4278 terreni,
1223 4231 1342 4284 quae
1390 4216 1646 4270 adversus
1693 4210 1960 4271 Christum
2002 4227 2125 4272 ante

562 4308 908 4372 frcmueraut,
957 4323 1023 4359 nu
1051 4321 1094 4359 -c
1133 4307 1238 4373 jam
1284 4317 1552 4375 perempta
1601 4306 1808 4361 feritate
1854 4307 2120 4361 dulcedini

561 4395 880 4463 evangelium
916 4396 1264 4461 prmdicandm
1293 4397 1450 4448 etiam
1483 4397 1805 4450 munimenta
1838 4397 2128 4465 praebere?

562 4486 696 4551 Quid
724 4484 893 4556 [Qum]
928 4494 1008 4539 est
1039 4485 1128 4537 illa
1152 4486 1340 4538 mulier
1368 4487 1520 4553 plena
1546 4487 1771 4551 ﬁduciae,
1796 4489 1962 4541 hostis
1990 4496 2127 4541 tem-

565 4590 692 4643 pora
725 4577 864 4641 iigLO
889 4576 1222 4643 transﬁgens,
1249 4577 1348 4628 nisi
1374 4577 1502 4629 lidcs
1525 4577 1772 4631 Ecclesia:
1794 4593 1949 4633 cruce
1972 4579 2127 4632 Chri-

568 4669 634 4719 sti
665 4681 823 4734 rcgna
868 4667 1063 4720 diaboli
1099 4667 1407 4732 perimens?
1437 4666 1571 4731 Quid
1602 4668 1767 4721 vellus
1797 4670 2120 4736 complutum

565 4771 691 4808 area
733 4757 890 4820 sicca,
941 4768 991 4810 et
1021 4765 1198 4824 postea
1238 4756 1502 4823 compluta
1533 4771 1652 4810 area
1705 4759 1846 4812 sicco
1891 4761 2123 4826 vellere,

565 4846 666 4900 nisi
699 4847 868 4913 primo
908 4863 1006 4899 una
1053 4862 1180 4914 gens
1228 4847 1565 4899 llebrmorum
1599 4845 1796 4900 habens
1825 4850 2032 4904 occulte
2072 4853 2125 4904 in

565 4945 763 4988 sanctis
793 4939 1099 5004 mysterium
1134 4938 1224 4991 Dei
1248 4937 1386 5005 quod
1410 4945 1493 4990 est
1517 4936 1778 5003 Christus,
1806 4954 1909 5008 quo
1926 4949 2130 5010 myste-

563 5032 643 5080 rio
677 5036 816 5080 totus
846 5029 988 5080 orbis
1017 5043 1208 5082 vacrms
1234 5030 1389 5084 erat?
1419 5030 1568 5085 Nunc
1596 5039 1771 5090 autem
1801 5032 1853 5084 in
1899 5032 2124 5088 manife—

563 5118 811 5180 statione,
857 5126 933 5170 tot
971 5131 996 5170 s
1027 5119 1168 5170 orbis
1199 5120 1246 5173 id
1280 5121 1458 5186 habet,
1494 5121 1575 5174 illa
1609 5131 1827 5176 vacuata
1857 5135 1956 5178 est.
1989 5125 2125 5192 Quid

560 5208 666 5279 jatn
700 5223 877 5277 regum
910 5209 1256 5276 temporibus,
1283 5220 1335 5263 ut
1363 5211 1488 5265 inde
1511 5227 1671 5280 pauca
1699 5216 2123 5271 commemorer?

562 5316 739 5356 nonne
763 5303 838 5355 “ab
871 5302 984 5369 ipso
1027 5301 1247 5356 exordio
1272 5313 1648 5358 commutatum
1683 5307 2035 5361 sacerdotium
2067 5308 2122 5361 in

562 5393 862 5446 Samuelem
895 5395 1179 5460 reprobate
1211 5393 1347 5456 lleli,
1378 5405 1431 5447 et
1467 5405 1848 5450 commutatum
1894 5413 2113 5468 regnum

565 5485 615 5535 in
643 5482 801 5534 David
827 5486 1104 5550 reprobato
1125 5484 1309 5547 Sattle,
1335 5484 1526 5538 clamat
1543 5489 1940 5552 prmnuntiatori
1963 5490 2120 5561 [prte-

566 5575 816 5643 nuutiaril
847 5592 1034 5630 novum
1066 5577 1422 5632 sacerdotium
1467 5593 1761 5648 novumque
1787 5597 2003 5652 regnum
2030 5599 2117 5639 rc-

2229 1795 2418 1847 genam
2445 1781 2657 1835 viduam
2685 1798 2802 1851 qua:
2825 1785 3035 1851 volebat
3059 1786 3164 1839 duo
3189 1785 3331 1852 ligna
3355 1787 3624 1855 colligere
3653 1791 3830 1856 prius-

2229 1885 2386 1938 quam
2436 1882 2764 1927 moreretur:
2811 1889 2916 1927 non
2950 1875 3034 1928 hic
3083 1876 3197 1929 solo
3241 1877 3369 1946 ligni
3421 1879 3676 1940 nomine,
3733 1881 3828 1929 sed

2228 1960 2386 2020 etiam
2417 1977 2639 2015 numero
2685 1964 2948 2033 lignorum
2990 1967 3197 2034 signum
3228 1967 3403 2021 crucis
3449 1970 3830 2036 exprimitur,

2231 2052 2562 2107 benedicitur
2594 2055 2758 2108 farina
2783 2056 2900 2124 ejus
2930 2067 2984 2109 et
3009 2059 3208 2121 oleum,
3242 2057 3447 2112 fructus
3480 2069 3535 2112 et
3579 2061 3832 2110 hilarius

2229 2142 2526 2210 charitatis,
2546 2160 2663 2213 qua:
2687 2145 3031 2215 impenditur,
3060 2163 3163 2202 non
3185 2148 3387 2202 deﬁcit.
3418 2151 3659 2202 llilarem
3686 2168 3754 2202 en
3783 2169 3830 2202 rn

2229 2233 2469 2288 datorem
2516 2236 2692 2305 diligit
2738 2238 2896 2291 Deus.
2933 2239 3110 2292 Eliseo
3156 2254 3352 2306 pueros
3384 2241 3742 2299 insultantes.
3780 2253 3830 2292 et

2230 2325 2526 2380 clamantes
2549 2367 2566 2393 ,
2604 2326 2800 2393 Calve,
2831 2328 3013 2382 ealve!
3046 2328 3228 2383 bestia:
3266 2331 3557 2382 comedunt
3580 2348 3595 2379 :
3633 2331 3828 2397 puerili

2228 2417 2450 2470 stultitia
2481 2418 2814 2482 perridentes
2843 2418 3115 2472 Christum
3148 2418 3199 2472 in
3251 2418 3371 2472 loco
3397 2419 3671 2472 Calvaria:
3709 2435 3828 2472 crn-

2229 2508 2444 2562 cilixum
2487 2508 3068 2563 invasiadmmonibus
3114 2520 3360 2578 pereunt.
3405 2511 3564 2563 Mittit
3616 2510 3828 2564 Eiiseus

2231 2613 2327 2667 per
2356 2615 2574 2654 servum
2621 2601 2864 2655 baculum
2893 2615 3052 2668 super
3101 2613 3392 2669 mortuum,
3437 2613 3492 2657 et
3523 2617 3635 2656 non
3680 2605 3828 2657 revi-

2231 2691 2402 2754 viscit,
2436 2693 2585 2746 venit
2615 2694 2751 2761 ipse,
2789 2693 3065 2762 coniungit
3087 2705 3140 2747 et
3161 2703 3377 2762 coaptat
3400 2708 3463 2748 se
3487 2694 3653 2747 morti
3683 2696 3825 2762 ejus,

2231 2795 2283 2837 et
2333 2784 2603 2839 reviviscit
2636 2801 2649 2838 :
2683 2785 2831 2839 misit
2872 2801 3052 2840 sermo
3095 2786 3186 2840 Dei
3235 2786 3822 2856 legem'per'servum

2231 2892 2406 2942 suum,
2437 2893 2534 2931 nec
2557 2879 2752 2946 proluit
2775 2877 2826 2931 in
2854 2877 3084 2946 peccatis
3109 2887 3320 2932 mortuo
3344 2880 3525 2949 generi
3557 2879 3820 2942 humano.

2233 2984 2352 3037 qua:
2389 2981 2565 3022 tamen
2594 2982 2697 3021 non
2731 2970 2849 3022 sine
2875 2982 3034 3022 causa
3056 2969 3214 3022 missa
3240 2977 3340 3021 est.
3378 2967 3470 3022 llle
3497 2969 3642 3022 enim
3672 2971 3819 3021 misit

2230 3061 2323 3130 qui
2362 3061 2522 3114 sciret
2565 3074 2684 3114 eam
2724 3061 2870 3128 prius
2907 3073 3027 3114 esse
3082 3059 3418 3112 mittendam.
3475 3057 3631 3113 Venit
3673 3059 3812 3126 ipse,

2231 3149 2586 3204 conformavit
2614 3164 2674 3204 se
2699 3149 2852 3204 nobis
2880 3148 3052 3203 factus
3084 3149 3351 3217 particeps
3377 3150 3563 3202 mortis
3592 3159 3814 3210 τιθείη,

2231 3249 2286 3296 et
2311 3239 2557 3294 viviﬁeati
2584 3255 2786 3294 sumus.
2815 3239 2947 3292 Cum
2976 3221 3262 3294 securibus
3287 3240 3426 3307 ligna
3451 3239 3812 3300 caederentur.

2231 3332 2297 3385 de
2324 3331 2468 3399 ligno
2497 3330 2692 3385 ferrum
2710 3329 2963 3384 exsiliens
2992 3329 3042 3382 in
3073 3328 3390 3396 profundum
3417 3327 3650 3381 numinis
3668 3345 3810 3381 mer-

2230 3437 2346 3478 sum
2371 3433 2472 3490 est,
2499 3432 2655 3492 atque
2676 3423 2731 3477 iu
2755 3422 2951 3492 lignum
2973 3423 3201 3491 desuper
3219 3423 3290 3476 ab
3313 3424 3492 3475 Eliseo
3515 3422 3814 3491 projectum

2232 3530 2506 3569 reversum
2555 3523 2658 3568 est.
2695 3513 2769 3567 Ita
2815 3528 2935 3566 cum
2981 3514 3173 3580 impios
3219 3511 3436 3567 Iudaeos
3473 3529 3566 3581 per
3614 3528 3812 3580 corpus

2229 3615 2445 3672 Operata
2487 3603 2769 3672 pra-scotia
2799 3603 2997 3657 Christi
3031 3611 3278 3669 tanquam
3319 3601 3678 3656 infructuosa:
3713 3618 3808 3656 ar-

2230 3697 2389 3750 bores
2418 3696 2678 3762 crderet,
2733 3697 2861 3762 qu'a
2889 3692 3078 3747 deillo'
3113 3693 3345 3748 Joannes
3390 3695 3633 3762 dixerat,
3670 3697 3808 3748 Ecce

2230 3788 2432 3841 securis
2459 3786 2525 3839 ad
2570 3787 2776 3840 radices
2817 3787 3069 3840 arborum
3103 3787 3270 3854 posita
3302 3796 3406 3851 est,
3438 3787 3507 3840 ab
3537 3790 3615 3840 eis
3644 3789 3806 3841 intr-r—

2229 3877 2478 3930 veniente
2507 3876 2976 3945 passione/corpus
3029 3878 3198 3943 ipsum
3244 3877 3485 3931 deseruit
3531 3879 3581 3932 in
3615 3880 3803 3932 interni

2229 3965 2486 4034 profunda
2517 3965 2869 4026 descendens,
2897 3980 3002 4033 quo
3031 3967 3082 4019 in
3129 3968 3398 4032 sepultura
3448 3968 3678 4035 desuper
3703 3984 3801 4035 po-

2227 4053 2352 4119 sito,
2392 4066 2639 4121 tanquam
2681 4054 2747 4107 ad
2779 4055 3112 4108 manubrium
3145 4069 3298 4107 suum
3330 4057 3520 4123 Spiritu
3551 4057 3800 4110 redeunte

2228 4150 2478 4201 surrexit.
2507 4148 2676 4213 Quam
2709 4147 2875 4204 multa
2905 4155 3236 4213 prastcream,
3267 4147 3544 4200 brevitatis
3561 4152 3798 4202 necessi-

2229 4247 2337 4293 tate
2363 4239 2703 4301 coustrietus,
2736 4245 2933 4290 norunt
2971 4238 3058 4307 qui
3091 4238 3288 4305 legunt.
3317 4237 3435 4290 .lam
3467 4241 3578 4306 ipsa
3609 4244 3659 4292 in
3704 4242 3796 4292 Ba-

2231 4331 2497 4400 byloniam
2533 4330 2948 4398 transmigratio,
2981 4344 3085 4397 quo
3115 4332 3276 4383 etiam
3311 4330 3540 4396 Spiritus
3571 4331 3659 4383 Dei
3707 4345 3795 4394 per

2233 4420 2522 4475 Jeremiam
2567 4421 2876 4489 prophetam
2901 4419 3052 4488 jubet
3094 4429 3148 4471 ut
3188 4433 3411 4489 pergant
3437 4432 3491 4474 et
3520 4432 3670 4475 orent
3702 4437 3793 4488 pro

2233 4511 2310 4563 eis
2341 4510 2489 4577 ipsis,
2541 4509 2596 4562 in
2615 4510 2857 4575 ‘qnorum
2906 4524 3068 4577 regno
3100 4509 3527 4577 peregrinantur.
3559 4513 3693 4576 quod
3741 4515 3791 4564 in

2235 4602 2442 4656 illorum
2473 4615 2605 4670 pace
2635 4602 2794 4655 etiam
2825 4616 2923 4666 pax
2954 4610 3094 4654 esset
3121 4601 3364 4666 istorum,
3400 4613 3453 4656 et
3480 4603 3788 4656 :rditicarent

2234 4692 2451 4755 domos,
2487 4702 2540 4744 et
2567 4691 2902 4743 novellarent
2932 4691 3130 4755 vineas,
3163 4701 3213 4745 et
3252 4693 3560 4760 plantarent
3597 4696 3786 4756 hortus,

2233 4783 2351 4850 quis
2381 4797 2484 4834 non
2515 4791 2771 4849 agnoscat
2803 4781 2925 4849 quid
2952 4782 3367 4850 prmiiguraverit
3397 4786 3484 4853 qui
3515 4788 3788 4839 attenderit

2230 4887 2385 4926 veros
2414 4872 2700 4934 ISraelitas,
2729 4873 2778 4925 in
2802 4874 2995 4941 quibus
3024 4873 3177 4926 dolus
3203 4889 3308 4927 non
3339 4885 3444 4941 est,
3477 4891 3569 4942 per
3591 4889 3787 4943 aposto-

2234 4963 2390 5015 licam
2439 4962 2893 5032 dispensationem
2943 4980 3064 5018 cum
3115 4964 3423 5033 evangelico
3470 4976 3786 5020 sacramento

2233 5053 2297 5108 ad
2323 5070 2543 5124 regnum
2571 5055 2804 5123 gentium
2839 5057 3257 5125 transmigrasse.
3291 5057 3444 5112 Unde
3474 5061 3624 5112 nobis
3650 5063 3783 5128 Apo-

2233 5145 2419 5209 stolus,
2447 5154 2694 5213 tanquam
2711 5145 2996 5200 Jeremiam
3022 5147 3306 5214 replicans,
3331 5149 3496 5204 dicit:
3521 5151 3647 5206 Volo
3667 5168 3784 5222 ergo

2233 5237 2459 5299 primum
2492 5234 2709 5305 [primo]
2732 5238 2968 5290 omnium
3003 5239 3115 5292 lieri
3141 5237 3568 5307 deprecationes,
3600 5243 3781 5310 gratia-

2230 5338 2346 5376 rum
2374 5326 2610 5378 actiones
2640 5341 2732 5393 pro
2754 5327 2998 5381 omnibus
3031 5329 3356 5394 hominibus,
3391 5347 3488 5398 pro
3515 5334 3713 5400 regibus
3733 5343 3780 5388 et

2232 5414 2313 5468 his
2342 5416 2428 5484 qui
2459 5415 2509 5468 iu
2555 5418 2876 5474 sublimitate
2904 5429 3049 5484 sunt,
3090 5421 3165 5474 uti
3193 5423 3427 5490 quietam
3459 5435 3512 5479 et
3542 5428 3778 5496 tranquil-

2230 5505 2333 5558 lam
2366 5507 2524 5592 vitam
2557 5524 2776 5577 agamus
2809 5512 2858 5563 in
2891 5513 3035 5566 omni
3069 5514 3263 5581 pietate
3297 5525 3352 5569 et
3379 5517 3648 5574 charitate.
3681 5521 3777 5574 Hoc

2229 5594 2367 5649 enim
2394 5597 2586 5651 bonum
2617 5607 2668 5654 ct
2696 5612 2970 5670 acceptum
2993 5613 3074 5658 cst
3104 5618 3283 5661 coram
3309 5606 3586 5670 Salvator:
3613 5624 3778 5668 nostro
