3886 6224
107 271 212 325 681
1005 327 1007 329 ,
1358 276 1667 331 TIIESAL‘R

1768 317 1782 331 .
1824 277 1973 333 CA9.
2017 278 2194 333 LXIV.
3231 293 3333 347 602
3383 318 3387 321 ·

105 387 240 449 Deo,
269 387 360 450 qui
393 400 575 438 omnes
603 385 842 438 homines
871 386 978 436 vult
1008 386 1180 450 salvos
1211 388 1421 448 tiet't,.et
1452 391 1503 448 in
1526 388 1672 459 agni-
1701 393 1750 465 A_
1778 401 2046 455 peccatum
2077 391 2283 462 dicitur.
2328 392 2592 460 Nonquia
2625 405 2806 462 peccat
2834 397 2989 451 homo
3018 399 3141 452 dum
3172 407 3334 454 mori-

101 476 316 528 tiouetu
363 477 598 530 verita'is
645 476 843 530 venire.
878 472 953 530 Ex
999 477 1096 531 huc
1136 471 1330 545 quippe
1377 468 1532 532 etiam
1577 480 1678 533 illis
1784 487 1888 541 tttr,
1911 482 2004 534 sed
2029 482 2147 544 quia
2175 497 2238 536 ex
2265 487 2476 549 peccato
2500 485 2688 543 factum
2713 465 3174 552 cstutinoriatur,
3199 494 3334 546 sicut

99 563 460 617 credentibus
489 572 789 617 constructa
817 574 938 619 sunt
967 563 1228 617 domicilia
1255 565 1423 632 pacis;
1449 555 1678 637 basilica:
1778 567 1883 619 alio
1903 569 2059 621 modo
2086 569 2279 634 dicitur
2306 570 2475 637 lingua
2506 570 2610 640 52
2641 556 2859 640 proprie
2876 590 3020 637 caro,
3052 593 3168 646 qua:
3198 582 3332 633 intra

98 654 537 714 (ςδι-ίδιίλιιοτυιιι
579 653 1064 720 congregationum,
1109 664 1162 707 et
1192 655 1470 708 novellata:
1513 656 1678 710 vineae
1776 653 1960 708 dentes
1987 657 2287 723 sub-palato
2308 656 2575 724 fmovetur,
2604 670 2658 712 et
2689 662 2790 714 alio
2823 664 2980 718 modo
3009 667 3203 722 dicitur
3233 671 3332 722 litt-

101 744 291 810 pOpuIi
345 742 577 795 ﬁdeium
618 752 674 794 et
704 743 956 813 platttatio
1005 743 1162 807 horti,
1209 743 1292 796 ubi
1325 749 1499 809 'et'am
1541 745 1678 799 inti-r
1777 759 1873 810 gtta
1920 748 2058 818 quod
2104 762 2197 815 per
2223 748 2450 817 tinguant
2482 749 2559 814 ﬁt,
2581 752 2867 806 secundum
2911 770 3067 822 quem
3118 760 3330 813 modum

102 834 292 884 omnia
325 833 472 884 olera
516 847 733 907 granum
767 833 892 885 illud
930 833 1130 900 sinapis
1161 842 1364 902 regnat,
1393 835 1491 906 sub
1528 834 1678 903 cujus
1776 835 1971 889 dicitur
1991 838 2089 890 alia
2114 838 2286 906 lingua
2317 823 2520 904 Graeca,
2551 841 2652 894 alia
2683 842 2885 896 Latina.
2919 847 2979 900 Et
3010 863 3196 903 manus
3225 853 3333 905 alio

100 921 439 975 umbraculis
485 923 636 990 longe
666 923 876 990 lateque
921 924 1202 991 porrectis,
1234 924 1392 994 etiam
1425 923 1706 994 altipetax,
1771 923 1934 982 'modo
1972 925 2217 990 dicuntur
2271 927 2442 993 ipsum
2492 927 2702 994 proprie
2747 934 2984 999 corporis
3037 938 3329 998 membrum

99 1009 364 1074 superbia
391 1011 647 1077 gentium,
697 1021 941 1076 tanquam
973 1011 1028 1063 in
1057 1012 1179 1065 cmli
1210 1010 1526 1074 volatilibus
1550 1027 1676 1079 con-
1777 1010 1915 1076 quod
1966 1027 2236 1066 movemus
2262 1014 2326 1065 ad
2360 1015 2705 1084 operandam,
2739 1025 2794 1071 et
2829 1019 2934 1073 alio
2963 1008 3332 1081 modomantts

99 1100 361 1167 fugiendo
385 1094 687 1168 requiescit.
710 1099 837 1153 Nam
864 1101 1004 1180 quod
1027 1102 1674 1175 etiampostseptuagiuta
1777 1099 1904 1174 dicit
1928 1099 2166 1170 [dicitur]
2193 1102 2474 1169 scriptura,
2506 1118 2623 1170 qua:
2647 1105 2703 1158 [It
2725 1121 2818 1172 per
2846 1123 3076 1165 manum.
3101 1108 3333 1171 Dicimus

99 1203 276 1242 annos
301 1191 594 1243 secundum
615 1190 850 1258 ejusdem
868 1190 1109 1244 Jcremia!
1121 1193 1451 1260 prophetiam
1474 1193 1676 1246 reditur
1776 1187 1915 1238 enim
1943 1188 2160 1255 probata
2182 1199 2262 1242 es!
2295 1203 2478 1241 manus
2505 1189 2640 1258 eius,
2671 1191 2802 1245 lecla
2834 1207 2910 1246 est
2933 1195 3186 1264 adversus
3211 1214 3330 1253 eunt

96 1297 155 1331 ex
175 1279 516 1347 captivitate,
531 1281 846 1348 ettemplum
861 1291 1166 1354 renovatur,
1181 1283 1299 1351 quis
1321 1283 1488 1337 tidelis
1509 1282 1672 1347 Chria
1777 1288 1962 1327 manus
1983 1275 2115 1343 ejus,
2142 1272 2533 1345 habeomauum
2556 1287 2718 1345 tuam,
2746 1283 2917 1350 recipe
2936 1295 3144 1340 manum
3169 1298 3329 1351 tuam.

99 1369 313 1422 stiantts
333 1385 438 1422 non
465 1371 849 1446 intelligatpost
866 1372 1073 1425 evoluta
1095 1380 1480 1443 tetttpora,quae
1497 1383 1674 1448 septe-
1776 1363 2166 1434 Manus'ulique
2214 1369 2424 1435 Proprie
2453 1371 2765 1445 membrum
2815 1382 2898 1425 est
2932 1373 3183 1458 hominis.
3215 1378 3331 1431 Non

99 1463 235 1511 narii
271 1460 484 1513 dierum
513 1462 717 1514 numeri
750 1462 1062 1529 repetitione
1103 1446 1670 1535 transcurruntmtiam‘
1777 1464 1950 1533 ἓαιθηι
1981 1456 2169 1523 ονίηυΐ
2194 1456 2336 1508 illam
2361 1457 2672 1524 scripturam
2702 1446 2993 1518 ωεῐηιὶηίω
3019 1477 3140 1518 esse
3163 1465 3332 1520 homi-

100 1549 280 1616 nobis,
315 1550 368 1608 id
403 1559 486 1604 est
517 1552 763 1604 Ecclesia:
796 1551 918 1614 Dei,
950 1550 1013 1605 ad
1047 1551 1189 1604 illam
1220 1553 1490 1608 caelestem
1521 1555 1667 1608 Jeru-

1776 1541 1876 1606 nis,
1906 1552 1960 1597 et
1990 1552 2164 1598 tamen
2195 1545 2382 1599 dicitur
2409 1561 2595 1601 manus
2622 1563 2686 1601 eo
2708 1543 2845 1617 quod
2877 1553 3032 1606 manu
3057 1553 3290 1609 facta‘sit
3315 1574 3327 1607 :

101 1642 263 1691 salem
315 1653 387 1692 ex
437 1639 592 1705 hujus
629 1639 810 1692 saeculi
854 1643 1274 1709 peregrinatione
1302 1641 1672 1695 redeundum?
1777 1629 1854 1682 δίο
1880 1640 1934 1683 CI
1955 1642 2249 1699 Peccalumo
2270 1650 2374 1686 "0"
2398 1643 2598 1688 ιθηιυίη
2628 1637 2796 1705 ipsum
2819 1653 2953 1707 ορυδ
2976 1641 3170 1695 malum
3191 1646 3331 1712 quod

101 1743 196 1794 per
227 1744 416 1794 quem,
443 1729 544 1781 nisi
573 1743 664 1795 per
695 1728 871 1782 Jesum
895 1730 1161 1783 Christum
1185 1745 1308 1784 vere
1333 1727 1663 1784 sacerdotem
1705 1719 1929 1786 “Dm-"3
1955 1720 2170 1788 disnum
2199 1733 2300 1789 εει.
2332 1724 2423 1777 εθδ
2466 1724 2626 1777 “iam
2662 1726 2773 1792 ipsa
2801 1742 2943 1781 m0“
2971 1744 3088 1798 quae
3115 1744 3331 1800 ροεουιο

104 1833 366 1885 maguum
393 1859 408 1882 ,
440 1819 588 1885 cujus
623 1822 840 1885 tignrant
871 1819 1086 1887 gerebat
1117 1819 1204 1872 ille
1232 1820 1387 1874 Jesus
1416 1821 1666 1875 sacerdos

103 1913 331 1977 magnus
362 1908 503 1962 illius
535 1911 787 1977 temporis
815 1924 917 1978 quo
948 1909 1202 1979 templum
1233 1910 1552 1965 mdiﬁcatum
1584 1915 1669 1966 est

105 2005 224 2064 post
247 1997 634 2064 captivitatem,
673 2013 828 2065 quem
860 1997 1115 2065 propheta
1145 1998 1425 2052 Zacharias
1459 1999 1588 2053 vidit
1615 2000 1665 2053 itt

103 2088 323 2143 sordido
357 2090 560 2153 habitu,
584 2089 894 2158 devictaque
921 2089 1152 2154 diabolo,
1174 2091 1261 2158 qui
1287 2091 1352 2144 ad
1377 2091 1489 2158 ejus
1511 2105 1666 2145 accu-

102 2182 374 2233 sationem
419 2179 622 2243 stabat,
649 2178 877 2232 ablatant
928 2177 1003 2231 illi
1046 2177 1312 2232 sordidam
1357 2191 1581 2244 vestem,
1611 2189 1668 2235 et

105 2269 285 2320 datum
322 2265 692 2321 in‘dumentum
727 2268 942 2324 honoris
969 2275 1023 2322 et
1049 2267 1270 2336 gloriae:
1312 2268 1448 2322 sicut
1477 2285 1668 2338 corpus

110 2357 225 2410 Iesu
246 2354 445 2409 Christi
470 2355 609 2425 quod
631 2365 706 2409 est
729 2356 984 2427 Ecclesia,
1008 2356 1314 2411 adversario
1336 2357 1387 2410 in
1410 2358 1513 2412 tlne
1535 2366 1668 2412 tem-
1693 2398 1701 2407 ι

107 2461 294 2510 porum
324 2461 418 2515 per
433 2444 686 2514 judicium
717 2455 988 2515 superato,
1009 2461 1039 2500 a
1062 2447 1204 2502 luctu
1227 2449 1666 2517 peregrinationis

111 2555 156 2588 ιη
179 2535 408 2605 gloriam
432 2537 766 2612 sempiternae
794 2536 979 2590 salutis
999 2536 1303 2603 assumitur,
1335 2537 1476 2606 quod
1504 2539 1665 2603 etiam

111 2627 158 2676 in
190 2625 400 2692 psalmo
425 2612 776 2679 dedicationis
827 2625 1020 2678 Domus
1049 2625 1380 2693 apertissime
1417 2629 1660 2683 canitur:

117 2716 430 2770 Contertisti
476 2717 672 2771 luctum
725 2731 899 2770 meum
949 2717 1002 2770 in
1051 2716 1297 2791 gaudium
1343 2717 1506 2784 mthi,
1536 2733 1666 2773 con-

115 2804 277 2859 ridisti
303 2821 511 2861 saccum
545 2822 742 2870 meum,
767 2814 822 2860 et
847 2803 1120 2860 accinxisti
1148 2820 1232 2860 me
1257 2805 1436 2860 laetitia
1467 2815 1524 2861 ut
1543 2822 1670 2862 can.

117 2904 182 2950 tet
211 2897 303 2951 tibi
330 2897 496 2965 gloria
523 2914 661 2961 mea,
688 2906 743 2951 et
772 2911 875 2950 non
900 2908 1248 2964 compungar.
1640 2889 1644 2892 ’

659 3008 885 3064 CAPUT
921 3006 1113 3063 LXIII.
1126 3012 1145 3026 ‘

120 3116 358 3182 Quintium
395 3127 595 3187 peccnta
625 3117 890 3187 manifesta
926 3131 989 3170 ea:
1031 3129 1178 3180 pana
1221 3118 1387 3170 venire
1426 3133 1664 3180 quorum-

178 3189 291 3238 dam
310 3186 620 3256 occultorum
643 3186 929 3256 contprobat
961 3194 1311 3254 peccatorum:
1331 3202 1392 3240 ex
1422 3187 1550 3241 libro
1574 3201 1664 3240 xttt

179 3268 350 3309 contra
379 3255 646 3309 Faustum.

181 3347 313 3410 Quid
346 3362 475 3416 ergo
505 3354 856 3414 peccaverunt
895 3345 1065 3400 Judaei
1095 3346 1139 3402 si
1171 3345 1309 3400 Deus
1334 3346 1451 3401 illos
1485 3360 1661 3404 exstes

119 3433 268 3496 cavit,
301 3450 368 3487 ne
393 3435 666 3488 Christum.
691 3425 1060 3502 agnoscerent,
1083 3443 1336 3503 quantum
1361 3448 1664 3514 possemus,

120 3521 391 3576 imbuendo
420 3522 537 3576 rudi
579 3523 777 3590 homini
811 3521 1212 3580 ostenderemus
1238 3540 1302 3580 ex
1340 3527 1457 3579 aliis
1485 3528 1666 3580 occul-

119 3612 180 3661 tis
203 3614 428 3677 peccatis
457 3612 565 3666 Deo
590 3613 812 3681 cognitis
840 3599 1028 3668 venire
1042 3613 1238 3683 justam
1272 3630 1478 3690 pmnam
1511 3616 1666 3685 hujus

121 3705 386 3769 excitatis,
411 3707 550 3773 quod
580 3721 683 3758 non
704 3706 873 3760 solum
896 3708 1093 3760 dixisse
1114 3704 1421 3774 Apostolutn
1449 3708 1518 3762 de
1547 3712 1664 3775 qui-

121 3790 326 3845 busdam
355 3811 368 3845 :
402 3793 627 3861 Propter
667 3795 765 3849 hoc
795 3795 1014 3849 tradidit
1059 3797 1178 3850 illos
1217 3796 1355 3850 Deus
1383 3797 1434 3850 in
1469 3811 1664 3851 concuo

122 3883 364 3948 piscentia
386 3885 805 3960 cordiseorum,
841 3872 920 3941 vel
950 3889 1000 3941 in
1033 3891 1313 3957 reprbbttm
1345 3900 1667 3954 setnum,'ut

122 3972 304 4028 lactant
345 3992 464 4045 qua:
514 3965 618 4030 non
672 3975 1338 4041 conveniunt,‘voletttem
1388 3971 1666 4053 ostendere

122 4064 345 4128 quaedam
377 4075 590 4133 peccata
640 4066 911 4120 manifesta
939 4082 1004 4122 ex
1035 4081 1188 4134 ptena
1216 4067 1397 4123 venire
1421 4085 1668 4135 quorum-

123 4148 234 4202 dam
263 4154 617 4218 occultorum,
648 4154 740 4208 sed
765 4169 861 4208 nec
889 4153 1032 4221 ipsos
1063 4154 1163 4208 hoc
1186 4156 1412 4209 tacuisse
1440 4144 1675 4223 prophe-_

124 4248 196 4292 tas
222 4242 725 4298 detnonstraremus.
753 4245 884 4298 Nam
914 4261 980 4299 ne
1009 4260 1221 4313 pergam
1263 4245 1486 4314 longius,
1528 4247 1664 4300 idem

124 4327 359 4387 leremias
388 4349 454 4387 eo
488 4337 601 4403 ipso
629 4336 749 4389 loco
781 4336 871 4388 ubi
897 4335 1006 4389 ait:
1043 4337 1103 4389 Et
1136 4337 1294 4390 homo
1319 4349 1435 4401 est,
1469 4347 1524 4392 et
1552 4337 1669 4406 quis

1774 1806 1910 1860 facta
1938 1816 2039 1873 est,
2065 1816 2335 1881 peccatum
2366 1809 2626 1876 appellata
2656 1821 2756 1864 est.
2785 1813 2914 1866 Illud
2948 1815 3123 1884 itaque
3144 1831 3330 1885 pecca-

1774 1903 1882 1950 tum
1912 1911 2016 1965 quo
2061 1912 2183 1951 reus
2223 1909 2366 1954 esset
2396 1900 2579 1955 mortis
2619 1917 2722 1955 non
2753 1904 3019 1959 commisit
3063 1905 3326 1974 Christus,

1771 1984 1898 2038 i‘lttd
1929 1996 2104 2055 autem
2136 1987 2381 2053 alterum,
2413 1988 2463 2042 id
2495 1998 2578 2043 est
2606 1999 2828 2045 mortem
2857 2009 2975 2061 qua:
3002 2006 3215 2062 peccato
3245 1999 3328 2052 iu-

1769 2076 1908 2130 IIicta
1929 2085 2011 2131 est
2033 2077 2278 2132 humanm
2297 2089 2498 2134 naturte
2518 2085 2752 2149 suscepit
2775 2099 2866 2150 pro
2892 2087 3043 2140 nobis
3059 2087 3191 2142 .Hoc
3213 2106 3329 2144 sus-

1771 2170 1954 2239 pendit
1980 2171 2032 2226 in
2063 2172 2235 2241 ligno,
2270 2173 2369 2227 hoc
2395 2173 2730 2228 maledictum
2760 2187 2841 2231 est
2870 2192 2961 2245 per
2995 2181 3207 2250 Moysen
3233 2185 3324 2238 ubi

1772 2276 1917 2317 mors
1955 2263 2201 2317 damnata
2243 2273 2324 2319 est
2349 2281 2416 2319 ne
2444 2276 2707 2333 regnaret,
2736 2278 2790 2322 et
2829 2271 3102 2325 maledicta
3142 2284 3224 2329 est
3269 2269 3327 2328 ut

1771 2353 1988 2423 periret.
2007 2352 2339 2422 Quapropter
2357 2368 2450 2424 per
2465 2354 2662 2410 Christi
2684 2358 2786 2412 tale
2804 2365 3078 2426 peccatum
3096 2362 3320 2418 damna-

1772 2452 1880 2496 tum
1904 2449 1987 2496 est
2008 2451 2063 2496 et
2089 2452 2329 2499 nostrum
2359 2452 2629 2511 peccatum
2654 2454 2713 2499 ut
2735 2461 2833 2502 nos
2861 2447 3228 2518 liberaremur,
3259 2469 3326 2508 ne

1771 2541 2027 2625 regnante
2067 2541 2285 2625 peccato
2318 2550 2417 2590 nos
2460 2535 2694 2594 damnati
2741 2554 3156 2625 remanpremus.
3191 2546 3326 2612 Quid

1771 2635 1898 2690 ergo
1931 2621 2154 2677 miratur
2193 2622 2422 2679 Faustus
2467 2625 2801 2681 maledictum
2845 2621 2963 2684 esse
3010 2644 3322 2702 peccatum,

1761 2711 2103 2767 .maledictam
2133 2727 2254 2768 esse
2283 2724 2529 2782 mortem,
2579 2715 2909 2773 maledicum
2939 2734 3059 2776 esse
3087 2727 3322 2779 mortali-

1722 2815 1723 2818 ‘
1770 2810 1932 2853 tatem
1971 2800 2147 2856 carnis
2171 2802 2287 2856 sine
2316 2810 2534 2870 peccato
2566 2804 2784 2875 Christi,
2821 2822 2886 2862 ex
2913 2820 3126 2876 peccato
3147 2821 3322 2868 tamen

1771 2889 2001 2946 hominis
2026 2891 2185 2978 etiam
2219 2893 2270 2946 in
2301 2892 2514 2954 Christo
2541 2893 2778 2948 tactam?
2811 2911 2876 2950 ex
2921 2893 3088 2952 Adam
3131 2902 3323 2972 quippe

1756 2997 1964 3050 corpus
1985 2979 2290 3052 assumpsit,
2306 2984 2428 3053 quia
2451 2998 2512 3038 ex
2535 2984 2701 3039 Adam
2729 2985 2888 3056 Virgo
2912 2988 3070 3042 Maria
3092 3006 3210 3059 qua:
3232 3008 3354 3056 pe-g

1694 3070 1738 3127 C
1768 3076 1903 3143 perit
1927 3073 2213 3129 Christum.
2236 3075 2452 3130 Dixerat
2471 3085 2645 3160 autem
2677 3077 2817 3132 Deus
2841 3079 2891 3132 in
2920 3081 3183 3148 paradiso,
3202 3083 3314 3149 Qua

1767 3166 1855 3220 die
1879 3164 2178 3234 tetigeritis,
2202 3173 2376 3218 morte
2397 3166 2720 3222 moriemini.
2747 3167 2857 3222 Hoc
2878 3177 2960 3223 est
2987 3170 3321 3226 maledictum

1768 3256 1907 3325 quod
1937 3253 2192 3324 pependit
2218 3256 2270 3309 in
2302 3255 2462 3324 ligno.
2489 3256 2585 3310 Ille
2611 3267 2766 3324 neget
2790 3255 3060 3313 Christum
3108 3261 3322 3316 maledi-

1766 3353 1933 3410 ctum,
1963 3345 2050 3415 qui
2096 3352 2254 3414 negat
2295 3353 2349 3399 et
2385 3354 2671 3411 mortuum,
2702 3347 2791 3415 qui
2833 3355 3008 3402 autem
3044 3351 3322 3404 conﬁtetur

1767 3444 2055 3497 mortuum,
2084 3443 2139 3490 et
2183 3450 2382 3505 negare
2420 3450 2524 3489 non
2552 3446 2724 3504 potest
2751 3453 2868 3490 mor
2891 3454 2974 3493 em
3011 3440 3078 3493 de
3108 3451 3324 3506 peccato

1766 3539 1906 3588 esse,
1934 3535 1987 3579 et
2014 3523 2085 3578 ob
2107 3523 2208 3578 hoc
2227 3525 2392 3578 etiam
2423 3525 2588 3592 ipsam
2619 3537 2890 3593 peccatum
2914 3529 3110 3582 vocari.
3134 3530 3324 3586 Audiat

1764 3615 2077 3683 Apostolum
2090 3614 2353 3668 dicentem
2367 3616 2614 3683 quoniam
2633 3624 2782 3670 vetus
2799 3616 2955 3670 homo
2969 3600 3151 3673 noster
3165 3620 3319 3672 simul

1738 3721 1885 3759 -cum
1911 3706 2006 3760 illo
2025 3705 2310 3759 cruciﬁxus
2330 3714 2432 3771 est,
2449 3715 2503 3780 et
2522 3703 2780 3774 intelligat
2804 3721 2958 3774 quem
2987 3708 3320 3763 maledictum

1765 3797 1974 3867 Moyses
2011 3796 2229 3852 dixerit.
2281 3795 2511 3863 Ideoque
2557 3807 2771 3850 secutus
2810 3797 3095 3864 Apostolus
3138 3797 3211 3852 ait
3257 3800 3325 3853 de

1765 3885 2004 3951 Christo,
2038 3885 2226 3939 Factus
2254 3900 2348 3963 pro
2378 3885 2529 3938 nobis
2557 3885 2919 3965 maledictum.
2949 3886 3085 3940 sicut
3115 3903 3216 3939 nou
3249 3889 3318 3941 ti-

1765 3976 1898 4030 muit
1930 3973 2107 4028 dicere
2127 3975 2231 4028 Pro
2257 3959 2500 4027 omnibus
2523 3983 2764 4027 mortuus
2791 3959 3027 4028 est.'Hoc
3051 3985 3132 4030 est
3155 3977 3322 4040 enim,

1756 4065 2002 4119 'mortuus
2023 4074 2105 4118 est
2124 4064 2264 4131 quod
2304 4062 2633 4126 maledictus,
2665 4065 2784 4128 quia
2814 4078 2958 4121 mors
2979 4064 3090 4132 ipsa
3119 4080 3181 4119 ex
3210 4081 3324 4118 ma-

1768 4157 1956 4209 ledicto
2002 4163 2104 4218 est,
2136 4164 2190 4208 et
2216 4153 2559 4216 maledictum
2590 4162 2673 4206 est
2700 4167 2860 4206 omne
2888 4163 3182 4222 peccatum.
3213 4156 3324 4209 sive

1768 4249 1937 4316 ipsum
1950 4246 2090 4315 quod
2108 4244 2164 4298 ﬁt
2182 4254 2238 4297 ut
2255 4254 2506 4312 sequatur
2523 4244 2863 4312 supplicium,
2878 4247 2990 4300 sive
3012 4246 3179 4314 ipsum
3199 4264 3322 4315 sup-

1758 4323 1984 4403 plicium
2007 4335 2147 4403 quod
2170 4333 2275 4386 alio
2297 4332 2454 4386 modo
2477 4343 2697 4386 vocatur
2719 4344 3016 4401 peccatum,
3039 4337 3161 4403 quia
3186 4336 3240 4388 tit
3256 4351 3320 4388 ex

123 4432 358 4486 agnoscet
399 4425 565 4477 eum?
595 4439 659 4479 ne
704 4426 852 4491 quasi
903 4416 1161 4494 hocipso
1209 4428 1440 4480 excusati
1489 4436 1670 4480 essent
1700 4411 1745 4469 ί)
1774 4420 3318 4494 peccato.Suscepitautemeristussinereatusupplicium

126 4505 277 4562 Judai
309 4513 432 4578 quia
459 4526 564 4565 non
592 4525 956 4580 cognoverunt
980 4528 995 4576 ;
1024 4515 1068 4566 si
1097 4515 1236 4567 enim
1265 4514 1668 4580 cognovissent,

126 4596 249 4651 sicut
297 4600 584 4667 Apostolus
629 4603 790 4665 dicit,
833 4617 1099 4668 nunquam
1159 4601 1434 4655 Dominum
1489 4604 1671 4670 gloria:

128 4686 496 4742 crttcilixissent
521 4705 535 4751 ;
566 4691 833 4758 sequitur:
859 4691 922 4742 Et
942 4690 1172 4743 ostendit
1197 4690 1336 4744 oculi
1359 4705 1540 4745 eorum
1561 4707 1667 4745 tne-

132 4773 203 4824 riti
229 4775 380 4832 fuisse
406 4779 621 4849 [occulti
665 4795 849 4833 eorum
884 4782 1054 4834 meriti
1084 4781 1265 4851 fuisse]
1293 4791 1346 4834 ut
1369 4797 1472 4835 non
1503 4797 1666 4850 agno-

133 4873 338 4942 scerent.
371 4868 461 4920 Ait
487 4870 626 4920 enim
651 4886 664 4920 :
696 4869 808 4937 Ego
840 4868 1094 4923 Dominus
1123 4871 1454 4938 interrogans
1481 4871 1662 4935 corda,

135 4954 340 5015 probans
401 4974 559 5013 renes
603 4972 659 5012 ut
701 4963 820 5014 dem
874 4963 1151 5030 unicuique
1194 4965 1482 5015 secundum
1528 4954 1664 5016 viam
1706 4957 1709 4959 ’

136 5040 256 5107 eius.
282 5055 333 5100 et
355 5051 642 5104 secundum
675 5050 899 5105 fructum
928 5053 1218 5106 studiorum
1250 5051 1386 5120 ejus.

673 5160 897 5215 CAPUT
935 5161 1116 5216 LXIV.

140 5237 203 5291 De
227 5260 280 5296 co
297 5250 427 5310 quod
456 5254 697 5332 scripturn
727 5264 797 5306 est
820 5253 1163 5332 {Maledictua
1197 5256 1354 5308 omnis
1374 5257 1458 5324 qui
1483 5258 1667 5323 pendet

557 5323 607 5372 in
636 5323 789 5394 ligno.
819 5325 1003 5377 Contra
1034 5323 1214 5385 Faust.

201 5399 470 5464 Videamus
500 5427 562 5464 ex
595 5415 870 5469 occasione
911 5416 1337 5468 calumniantium
1389 5416 1659 5468 haeretico-

144 5497 244 5541 rum
283 5500 544 5562 quomodo
576 5501 698 5554 illud
729 5514 1111 5558 sacramentum
1159 5505 1397 5556 fidelibus
1427 5497 1659 5569 expona-

142 5583 234 5634 tur.
261 5583 388 5642 Mors
419 5592 647 5644 hominis
670 5607 731 5645 ex
759 5609 908 5660 poma
947 5587 1143 5664 peccati
1176 5607 1275 5660 est,
1312 5597 1446 5648 unde
1470 5605 1519 5647 ct
1553 5594 1662 5662 ipsa

355 5723 620 5782 PATROL.
655 5723 840 5784 LXII.

1772 4528 2008 4570 nostrum
2037 4525 2094 4569 ut
2119 4513 2239 4566 itide
2265 4511 2495 4565 solveret
2520 4521 2721 4574 reatum
2772 4521 3006 4565 nostrum
3025 4552 3040 4577 ,
3069 4525 3122 4567 et
3150 4515 3323 4568 liuirct

1769 4611 1927 4661 etiam
1956 4604 2268 4671 supplicium
2293 4610 2551 4656 nostrum.
2572 4602 2647 4654 Ex
2678 4601 2890 4670 ingenio
2913 4616 3032 4656 meo
3052 4602 3147 4654 ista
3169 4587 3320 4656 dite-

1774 4703 1897 4760 rim,
1916 4696 1959 4750 si
1983 4709 2086 4748 non
2102 4693 2384 4761 Apostolus
2407 4692 2561 4745 toties
2576 4691 2673 4743 hoc
2689 4691 2915 4742 inculcat
2927 4679 3322 4746 utetdormieit-

1773 4797 1851 4838 tes
1872 4785 2064 4838 excitet
2084 4791 2138 4835 et
2160 4782 2540 4835 calumniantes
2553 4778 2792 4832 sull‘ocet.
2809 4779 3114 4840 MisitDeus,
3133 4780 3321 4847 inquit,

1774 4875 1962 4929 Filium
1985 4888 2138 4926 suum
2152 4872 2203 4924 in
2223 4867 2804 4923 similitudinemcarnis
2817 4869 3036 4934 peccati,
3055 4869 3185 4922 utde
3199 4886 3321 4936 pec-

1769 4975 1888 5019 cato
1916 4966 2189 5017 damnaret
2219 4969 2485 5028 peccatum
2511 4959 2558 5012 itt
2585 4974 2765 5012 carne.
2792 4958 2904 5012 Non
2933 4971 3044 5014 erat
3075 4962 3163 5012 illa
3195 4978 3321 5028 ergo

1773 5071 1898 5108 caro
1920 5053 2136 5120 peccati,
2160 5051 2280 5119 quia
2309 5066 2411 5103 non
2434 5049 2500 5101 de
2525 5049 2740 5102 traduce
2768 5051 3102 5103 mortalitatis
3130 5052 3180 5104 itt
3209 5053 3288 5104 Ma

1775 5148 1904 5197 riam
1929 5159 2022 5212 per
2037 5145 2324 5195 masculum
2347 5151 2583 5203 venerat,
2598 5139 2687 5191 sed
2703 5149 2876 5192 tamen
2890 5139 3011 5206 quia
3023 5139 3089 5193 de
3105 5151 3321 5208 peccato

1775 5242 1856 5286 est
1885 5247 2046 5285 mors.
2081 5231 2166 5283 Illa
2197 5241 2372 5282 autem
2404 5242 2527 5282 caro
2549 5228 2789 5296 quamvis
2817 5244 2886 5282 ex
2910 5228 3120 5296 Virgine
3145 5241 3320 5284 tamen

1767 5325 2006 5380 mortalis
2024 5322 2138 5385 fuit,
2166 5337 2229 5375 eo
2252 5321 2366 5387 ipso
2393 5334 2498 5387 quo
2515 5319 2752 5372 mortalis
2767 5329 2903 5381 erat,
2925 5320 3318 5374 simtlitudinem

1767 5416 1997 5468 habebat
2032 5412 2207 5465 carnis
2232 5409 2452 5476 peccati.
2479 5408 2588 5463 Hoc
2609 5409 2837 5477 appellat
2859 5410 3014 5462 etiam
3049 5421 3314 5477 peccatum

1771 5513 2151 5571 consequenter
2163 5502 2363 5561 dicens.
2380 5499 2524 5554 Utde
2539 5508 2752 5564 peccato
2763 5499 3037 5552 damnaret
3050 5509 3316 5566 peceatum

1774 5598 1824 5650 in
1853 5609 2031 5650 carne.
2055 5595 2179 5648 Item
2203 5592 2304 5647 alio
2331 5593 2481 5648 loco:
2510 5591 2665 5660 Eum,
2691 5591 2878 5661 inquit,
2903 5592 2990 5658 qui
3022 5607 3123 5645 non
3155 5608 3319 5648 nove-

2895 5725 2972 5783 22
