3886 6224
520 262 623 320 683
1567 268 1637 321 D.
1666 263 1978 323 EUGYPPII
2018 266 2095 321 Ali

2197 265 2301 323 TIS
2330 258 2646 320 AFRICANI
3621 264 3716 318 εει

522 385 605 434 rat
628 349 920 449 peccatum,
944 387 1214 451 peccatum
1239 392 1334 448 pro
1361 357 1511 434 nobis
1539 380 1682 448 fecit,
1702 389 1756 433 ut
1784 395 1880 435 nos
1903 379 2068 433 simus
2095 382 2146 441 Α
2171 379 2223 434 in
2244 393 2401 448 pinna
2430 378 2661 447 peccati;
2697 377 2740 431 si
2767 385 2940 432 autem
2968 389 3118 448 optas
3141 377 3266 433 inde
3294 378 3536 444 liLerari,
3568 378 3718 434 crede

520 467 724 537 iustitia
752 469 846 523 Dei
879 471 931 524 in
965 471 1097 538 ipso:
1126 470 1235 523 Cur
1264 483 1390 537 ergo
1413 470 1621 524 timeret
1643 463 1866 538 Moyses,
1895 470 2073 522 dicere
2137 515 2140 517 Α
2175 484 2269 538 per
2291 469 2484 523 divinae
2521 467 2795 524 sententiae
2829 470 3082 537 justitiam
3117 485 3183 525 ex
3219 468 3595 524 maledictioue
3631 485 3717 522 ve-

525 559 881 622 maledictum,
898 559 1037 628 quod
1061 560 1252 614 Paulus
1274 573 1378 613 non
1393 563 1565 614 timuit
1581 559 1762 613 dicere
1776 557 2074 626 peccatum?

524 647 686 702 Plane
715 648 813 701 hoc
841 648 1100 717 Propheta
1124 658 1177 702 et
1209 649 1498 717 prcvidere
1516 647 1765 727 debuitet
1790 646 2074 712 praedicere

525 751 738 807 paratus
762 741 827 794 ab
849 742 1114 796 haereticis
1135 757 1253 796 cum
1289 742 1534 809 Apostolo
1565 738 1902 806 reprehendi.
1923 739 2077 804 Quis-

522 829 640 896 quis
675 830 813 882 enim
831 832 1245 898 reprehenderit
1269 830 1584 897 Drephetam
1616 828 1812 882 dixisse
1856 828 2074 880 maledi-

529 928 670 970 ctum
690 956 706 982 ,
736 920 944 988 cogitur
974 919 1366 988 reprehendere
1396 917 1700 986 Apostolum
1733 916 1930 970 dixisse
1955 930 2075 983 pec-

522 1018 722 1063 catum.
763 1011 892 1065 Nam
933 1011 1110 1080 utique
1150 1010 1482 1064 maledictum
1513 1023 1692 1063 comes
1732 1009 1931 1076 peccati
1970 1016 2072 1069 est,

526 1113 626 1154 nec
655 1100 775 1154 ideo
824 1101 992 1170 major
1038 1100 1233 1154 invidia
1264 1109 1366 1167 est,
1395 1099 1532 1168 quod
1564 1099 1825 1153 addiderit
1870 1098 1979 1152 Deo
2023 1106 2079 1151 ut

527 1187 766 1243 diceret:
795 1189 1098 1243 Maledictus
1120 1190 1226 1243 Deo
1247 1189 1419 1242 omnis
1447 1189 1533 1256 qui
1565 1186 1809 1256 pependit
1842 1187 1893 1240 in
1916 1187 2075 1253 ligno.

529 1277 643 1333 Nisi
671 1281 814 1334 enim
840 1281 978 1335 Deus
1007 1280 1206 1333 odisset
1229 1288 1497 1348 peccatum
1527 1286 1580 1332 et
1601 1290 1821 1331 mortem
1846 1285 2077 1350 nostram

532 1383 640 1424 non
672 1370 738 1423 ad
781 1370 1161 1438 suscipiendam
1189 1380 1345 1439 atque
1391 1369 1666 1424 delendam
1697 1367 1882 1421 Filium
1927 1381 2078 1432 suum

536 1446 786 1513 mitteret.
802 1459 936 1526 Quid
955 1476 1080 1528 ergo
1096 1461 1284 1513 mirum
1300 1457 1342 1512 si
1357 1458 1494 1513 male
1508 1458 1704 1512 dictum
1724 1466 1803 1512 est
1821 1457 1930 1512 Deo
1941 1456 2080 1532 quod

533 1549 642 1604 odi:
673 1550 848 1604 Deus?
877 1550 1046 1604 Tanto
1073 1551 1213 1605 enim
1246 1544 1492 1603 libentius
1519 1549 1669 1603 nobis
1690 1539 1848 1601 denat
1869 1548 2083 1630 immor-

535 1637 812 1702 talitatem,
845 1638 1164 1704 quae-iutura
1205 1643 1287 1690 est
1330 1634 1541 1690 Christo
1589 1633 1854 1697 veniente,
1883 1643 2080 1702 quanto

2174 561 2336 612 uisse.
2355 558 2618 613 Confitere
2636 573 2762 626 ergo
2779 558 3114 613 maledictum
3137 561 3434 627 suscepisse
3449 572 3549 628 pro
3574 559 3716 613 nobis

2173 663 2329 715 quem
2355 648 2624 702 confiteris
2661 656 2924 700 mortuum
2955 662 3074 700 esse
3111 664 3208 717 pro
3238 648 3410 714 nobis,
3439 662 3542 703 nec
3584 647 3715 700 aliud

2173 740 2472 805 signiﬁcare
2511 738 2740 790 voluisse
2765 737 2942 790 Mosen
2982 750 3099 789 curn
3130 737 3334 791 diceret
3372 756 3383 788 :
3414 737 3715 791 Haledictus

2173 828 2342 882 omnis
2365 827 2451 896 qui
2467 828 2518 880 in
2532 827 2670 897 ligno
2685 827 2945 896 pependit.
2965 825 3328 881 Poterateniin
3347 828 3550 893 dicere,
3571 828 3715 881 male-

2173 918 2342 972 dictus
2358 920 2526 972 omnis
2549 917 2806 981 mortalis,
2825 926 2916 971 aut
2941 916 3252 970 maledictus
3271 919 3445 970 omnis
3470 920 3709 979 moriens,

2175 1008 2268 1061 sed
2286 1011 2385 1061 hoc
2404 1006 2638 1074 estquod
2655 1007 2843 1058 asserit
2856 1005 3154 1072 prophetia,
3179 1005 3297 1074 quia
3315 1004 3711 1058 sciebatChristi

2176 1095 2478 1149 mortem'in
2503 1108 2659 1148 cruce
2689 1109 2994 1161 pensurum,
3027 1104 3080 1148 et
3107 1094 3310 1148 futuros
3338 1093 3614 1148 hereticos
3635 1097 3710 1161 qui

2176 1185 2414 1238 dicerent
2442 1201 2454 1236 :
2490 1183 2742 1250 Pependit
2765 1183 2975 1252 quidem
3007 1184 3058 1235 in
3092 1183 3252 1251 ligno,
3284 1183 3378 1237 sed
3399 1183 3578 1252 specie
3595 1199 3711 1252 qua-

2177 1277 2443 1343 dam,.non
2469 1288 2525 1332 ut
2548 1291 2673 1331 vere
2702 1281 3015 1331 moreretur.
3044 1278 3332 1332 Clamando
3356 1295 3482 1349 ergo
3508 1280 3709 1333 Maledi-

2179 1377 2312 1435 ctus,
2340 1368 2469 1422 nihil
2494 1367 2633 1421 aliud
2659 1368 2924 1432 clamavit,
2950 1368 3050 1422 nisi
3076 1370 3196 1438 quia
3219 1385 3342 1424 vere
3363 1381 3598 1425 mortuus
3618 1383 3709 1434 est,

2178 1459 2354 1513 sciens
2383 1466 2604 1512 mortem
2635 1458 2865 1512 hominis
2887 1460 3199 1527 peccatoris,
3224 1475 3379 1528 quam
3408 1463 3519 1514 sine
3541 1468 3711 1528 pecua;

2181 1557 2235 1601 to
2257 1540 2374 1616 ipse
2403 1548 2652 1615 suscepit,
2682 1547 2750 1602 de
2789 1548 2879 1601 illo
2922 1548 3203 1602 maledicto
3239 1550 3536 1602 venientem
3579 1551 3706 1615 quod

2181 1634 2376 1688 dictum
2405 1644 2486 1690 est
2517 1653 2529 1685 :
2562 1636 2615 1688 Si
2647 1635 2945 1712 tetigeritis,
2980 1646 3148 1689 morte
3175 1636 3488 1690 moriemini.
3522 1636 3598 1689 Ad
3623 1638 3709 1689 hoc

534 1725 925 1778 misericordius
947 1726 1059 1784 odit
1089 1734 1309 1779 mortem
1339 1733 1570 1778 nostram
1592 1739 1708 1792 quae
1740 1725 1789 1777 in
1818 1724 1960 1793 ligno
1989 1738 2077 1792 pe-
2106 1717 2154 1776 B
2185 1726 2419 1792 pertinet.
2435 1732 2486 1777 et
2510 1731 2729 1789 serpens
2759 1723 2846 1776 ille
2876 1725 2924 1775 in
2946 1723 3083 1790 ligno
3109 1736 3417 1789 suspensus,
3445 1740 3546 1792 quo
3564 1725 3708 1787 si,ni-

530 1814 712 1882 pendit
740 1815 952 1869 Christo
980 1815 1256 1868 moriente.
1287 1813 1434 1880 Quod
1471 1823 1643 1868 autem
1686 1813 1919 1866 additum
1960 1821 2076 1877 est,

534 1904 710 1956 omnis
737 1945 749 1968 ,
793 1912 849 1957 ut
879 1903 1144 1973 diceretur
1172 1901 1479 1956 Maledictus
1508 1903 1679 1956 omnis
1740 1903 1829 1970 qui
1861 1902 1911 1956 in
1942 1902 2083 1972 ligno

535 1993 786 2060 pependit
813 1990 1199 2064 [pependerit],
1230 2006 1332 2044 non
1371 2005 1501 2044 sane
1546 1990 1718 2045 Moses
1750 1991 1923 2044 minus
1951 2004 2084 2059 pra:-

538 2080 666 2133 vidit
695 2080 850 2133 etiam
877 2079 1049 2148 iustos
1085 2078 1138 2132 in
1169 2093 1322 2132 cruce
1353 2077 1587 2143 futuros,
1614 2078 1704 2133 sed
1739 2078 1874 2133 bene
1898 2077 2086 2147 praevi-

540 2173 616 2227 dit
645 2174 922 2228 haereticos
966 2186 1142 2226 veram
1175 2181 1398 2226 mortem
1450 2171 1655 2224 Domini
1703 2179 2003 2240 negaturos,
2033 2178 2089 2225 et

540 2264 661 2319 ideo
689 2264 919 2318 volentes
963 2262 1028 2317 ab
1059 2265 1157 2316 hoc
1194 2261 1473 2317 maledicto
1495 2261 1763 2316 Christum
1788 2260 2084 2330 seiungere,

542 2363 598 2409 ut
627 2370 655 2407 a
685 2352 870 2407 mortis
890 2351 1048 2407 etiam
1075 2353 1297 2405 veritate
1328 2351 1684 2420 sejungerent.
1710 2350 1764 2404 Si
1794 2349 1934 2404 enim
1961 2363 2087 2403 vera

542 2445 625 2499 illa
653 2458 795 2498 mors
824 2457 926 2496 non
955 2450 1086 2507 erat,
1119 2441 1317 2495 nullum
1359 2439 1696 2494 maledictum
1720 2438 1932 2493 Christo
1962 2454 2087 2492 cru-

532 2537 695 2590 -cilixo
721 2535 968 2604 pependit
989 2535 1040 2587 in
1058 2534 1233 2598 'liguo,
1257 2533 1376 2600 quia
1406 2546 1504 2586 nec
1525 2544 1651 2586 vere
1677 2528 1961 2585 crucifixus
1985 2539 2084 2584 est.

541 2626 646 2681 Sed
676 2635 859 2679 contra
889 2625 1042 2691 longe
1081 2609 1283 2677 futuros
1322 2621 1596 2675 haereticos
1642 2633 1796 2685 quam
1841 2621 1907 2674 de
1938 2620 2091 2688 longe

545 2714 740 2769 clamat
764 2713 954 2777 Moses,
988 2713 1101 2765 sine
1120 2724 1275 2764 causa
1308 2708 1748 2777 tergiversamini,
1774 2705 1962 2776 quibus
1983 2707 2092 2761 dis-

550 2803 709 2870 plicet
726 2801 920 2854 veritas
936 2801 1118 2852 mortis
1133 2797 1355 2852 Christi:
1377 2797 1678 2852 Maledictus
1696 2794 1870 2850 omnis
1892 2797 1982 2864 qui
2003 2810 2092 2865 pe-

543 2891 728 2962 pendit
752 2889 804 2943 in
826 2889 966 2957 ligno
992 2903 1005 2940 :
1035 2903 1138 2941 non
1168 2887 1256 2940 ille
1284 2896 1373 2940 aut
1397 2887 1504 2950 ille,
1528 2889 1619 2940 sed
1650 2885 1820 2939 omnis
1845 2884 2089 2938 omnino!

546 2980 792 3036 Etiamne
819 2987 873 3034 et
902 2977 1066 3032 Filius
1097 2975 1188 3029 1)δί
1215 2978 1236 3028 ‘i
1271 2977 1426 3030 etiam
1456 2988 1691 3044 prorsus.
1721 2975 1852 3029 Nam
1882 2975 1982 3029 hoc
2011 2981 2094 3028 est

549 3071 689 3140 quod
721 3084 825 3124 non
858 3068 1052 3124 vultis:
1086 3065 1209 3120 inde
1237 3066 1494 3134 satagitis,
1527 3065 1647 3119 inde
1675 3063 1948 3119 seducitis.
1975 3064 2090 3117 Dis—
2115 3057 2161 3120 C

548 3161 712 3229 plicet
733 3159 871 3215 enim
893 3158 1041 3213 vobis
1063 3157 1372 3210 maledictus
1397 3170 1490 3224 pro
1515 3153 1682 3219 nobis,
1709 3156 1828 3222 quia
1853 3154 2093 3221 d'splicet

551 3257 786 3303 mortuus
836 3262 929 3314 pro
974 3246 1148 3298 nobis.
1200 3244 1345 3296 Tunc
1372 3243 1511 3296 enim
1561 3253 1708 3296 extra
1757 3241 2092 3296 maledzctum

550 3341 690 3395 illius
719 3341 880 3393 Adam
909 3338 952 3390 si
982 3345 1129 3391 extra
1157 3336 1296 3389 illius
1319 3344 1559 3389 mortem.
1594 3333 1722 3387 Cum
1753 3347 1882 3385 vero
1907 3348 1968 3385 ex
2003 3332 2096 3385 ho-

550 3417 693 3484 inine
715 3438 767 3483 et
798 3443 892 3497 pro
917 3427 1129 3480 homine
1161 3434 1380 3478 mortem
1430 3425 1658 3489 suscepit
1697 3438 1760 3476 ex
1789 3423 1879 3476 illo
1923 3431 1977 3475 et
2003 3435 2098 3489 pro

553 3519 665 3584 illo,
691 3517 849 3587 etiam
876 3515 1231 3576 maledictum,
1261 3512 1396 3580 quod
1425 3513 1577 3565 morti
1607 3514 1905 3573 comitatur,
1934 3509 2098 3563 susci-

555 3627 679 3680 pere
703 3625 804 3663 non
827 3609 1139 3675 dedignatus
1159 3616 1257 3666 est,
1280 3607 1434 3658 etiam
1459 3605 1545 3658 ille
1571 3617 1806 3670 prorsus,
1834 3602 1988 3654 etiam
2013 3600 2099 3653 ille

557 3701 722 3756 Filius
753 3700 841 3753 Dei
873 3713 1081 3764 semper
1110 3696 1259 3748 vivus
1287 3695 1336 3747 in
1381 3709 1472 3747 sua
1493 3693 1717 3760 iustitia,
1753 3702 1988 3745 mortuus
2009 3706 2100 3744 au-

558 3800 660 3844 tem
693 3795 905 3857 propter
931 3786 1119 3838 delicta
1152 3791 1348 3845 nostra,
1377 3783 1427 3834 in
1451 3796 1608 3836 carne
1636 3793 1876 3848 suscepta
1902 3797 1964 3834 ex
1993 3797 2102 3848 pue-

558 3898 623 3938 ua
655 3891 852 3941 nostra,
885 3894 946 3931 ac
976 3893 1066 3946 per
1099 3879 1196 3930 hoc
1226 3875 1458 3928 additum
1489 3885 1588 3936 est,
1633 3873 1828 3938 omnis,
1861 3887 1927 3924 ne
1949 3871 2103 3924 Chri-

561 3986 670 4029 stus
703 3972 764 4025 ad
796 3987 971 4024 veram
1007 3979 1224 4024 mortem
1256 3984 1358 4020 non
1394 3966 1652 4034 pertinere
1690 3964 1971 4024 diceretur,
2005 3961 2047 4014 si
2075 3976 2102 4012 a

561 4065 861 4126 maledicto,
909 4062 1042 4129 quod
1091 4060 1242 4113 morti
1290 4057 1626 4124 conjunctum
1677 4064 1789 4116 est,
1844 4052 2105 4119 insipienti

558 4157 961 4212 honorificentia
1002 4159 1356 4218 separaretur.
1395 4148 1522 4212 Quia
1570 4153 1740 4198 autem
1787 4159 1849 4197 cx
1888 4143 2108 4194 veritate

563 4245 862 4315 evangelica
917 4241 1084 4293 ﬁdelis
1122 4249 1241 4300 est,
1283 4237 1524 4305 intelligit
1555 4243 1658 4287 tam
1703 4248 1803 4286 non
1834 4245 1950 4285 esse
1981 4246 2108 4283 cnn-

565 4336 830 4391 tumeliam
850 4333 1045 4386 Christi
1068 4345 1131 4384 ex
1155 4344 1243 4381 ore
1260 4320 1418 4393 Mosi,
1446 4342 1563 4379 cum
1592 4340 1709 4378 eum
1734 4323 1865 4376 dixit
1889 4320 2108 4375 maledi-

565 4439 702 4482 ctum
731 4442 834 4479 non
864 4439 926 4478 ex
961 4422 1236 4475 divinitate
1281 4417 1567 4484 maiestatis
1610 4429 1740 4479 sure,

569 4519 763 4570 ditione
786 4529 952 4581 {quae
981 4519 1194 4573 nostrai,
1223 4523 1286 4561 ex
1314 4523 1413 4574 qua
1444 4507 1494 4557 in
1526 4505 1664 4572 ligno
1694 4515 1978 4570 suspensus
1995 4509 2106 4564 est;

571 4621 723 4676 quam
757 4619 860 4657 non
891 4612 972 4656 est
995 4603 1106 4654 laus
1127 4597 1320 4652 ChriSti
1346 4611 1407 4649 cx
1433 4610 1524 4648 ore
1545 4593 1969 4656 Manichaeorum,
1993 4604 2110 4642 cum

571 4713 686 4751 eum
729 4702 978 4761 negarent
1008 4686 1241 4762 [negant]
1278 4701 1490 4740 carnem
1532 4683 1782 4735 habuisse
1818 4680 2111 4742 mortalem,

570 4789 620 4840 in
663 4799 763 4853 qua
796 4795 977 4834 veram
1025 4788 1244 4832 mortem
1285 4773 1590 4844 pateretur?
1619 4771 1737 4846 quia
1767 4785 1832 4823 ex
1875 4769 1965 4820 illo
1995 4781 2115 4835 pro-

570 4876 782 4946 phetico
821 4869 1102 4924 maledicto
1140 4869 1251 4921 laus
1296 4865 1608 4933 intelligitur
1656 4859 1999 4925 humilitatis,
2050 4871 2113 4911 ex

573 4968 670 5021 isto
694 4961 944 5016 hreretico
965 4958 1111 5026 quasi
1141 4957 1339 5009 honore
1366 4955 1567 5007 crimen
1587 4949 1824 5016 objicitnr
1849 4946 2110 4999 falsitatis.

575 5058 623 5110 Si
659 5068 782 5121 ergo
814 5063 971 5117 negas
1000 5045 1356 5105 maledictum,
1389 5057 1516 5108 nega
1556 5049 1852 5099 mortuum;
1884 5037 1925 5087 si
1960 5049 2116 5100 negas

578 5155 856 5205 mortuum,
879 5155 986 5192 non
1007 5140 1112 5205 jam
1141 5143 1323 5188 contra
1348 5134 1546 5195 Mosen,
1571 5131 1661 5184 sed
1694 5139 1870 5181 contra
1896 5126 2118 5192 Apostoo

580 5239 654 5290 los
683 5232 918 5283 dimicas.
951 5227 1006 5282 Si
1039 5235 1212 5278 autem
1243 5221 1508 5274 confiteris
1539 5226 1800 5271 mortuum
1820 5256 1835 5278 ,
1869 5214 2119 5269 confitere

576 5319 871 5386 suscepisse
901 5329 1107 5384 pennam
1139 5310 1336 5381 peccati
1360 5309 1524 5361 nostri
1550 5308 1889 5374 sincpeccato
1919 5312 2119 5356 nustt‘o.

583 5413 692 5466 iam
721 5421 848 5459 vero
884 5407 968 5456 ubi
1013 5402 1158 5455 audis
1190 5413 1396 5468 pugnam
1433 5397 1649 5462 peccati,
1693 5404 1779 5447 aut
1807 5410 1869 5444 ex
1912 5392 2126 5444 benedi-

576 5505 749 5553 ctione
778 5496 936 5549 crede
967 5493 1283 5552 venientem,
1315 5497 1400 5541 aut
1435 5502 1494 5538 ex
1544 5483 1928 5537 maledictione.
1973 5481 2026 5533 Si
2062 5495 2124 5531 ex

582 5587 940 5646 benedictione
974 5583 1114 5638 venit
1157 5596 1306 5648 paena
1342 5578 1563 5649 pecczti,
1590 5585 1708 5642 opta
1757 5588 1874 5626 esse
1920 5586 2128 5636 semper

2182 1812 2445 1877 ficaretur,
2478 1827 2579 1865 non
2608 1812 2785 1866 falsam
2815 1821 3038 1881 mortem
3066 1811 3329 1866 Christum
3374 1814 3598 1877 finxisse,
3625 1816 3706 1866 sed

2184 1905 2327 1958 illam
2370 1918 2546 1957 veram
2592 1904 2644 1957 in
2699 1905 2839 1971 ligno
2890 1905 3145 1971 passionis
3198 1919 3304 1958 sum
3355 1905 3704 1972 suspendisse,

2183 1992 2236 2046 in
2265 2007 2419 2061 quam
2444 2007 2662 2061 serpens
2685 1994 2774 2056 ille
2800 1995 3060 2047 hominem
3091 1995 3492 2048 malesuadendo
3514 1995 3704 2063 deiecit.

2182 2083 2349 2148 Quam
2378 2098 2554 2137 veram
2597 2096 2816 2138 mortem
2851 2084 3032 2136 nolunt
3062 2085 3142 2137 isti
3171 2084 3496 2151 conspicere,
3527 2096 3576 2139 et
3602 2087 3705 2137 ideo

2185 2188 2288 2225 non
2312 2181 2561 2226 sanantur
2588 2189 2615 2225 a
2637 2188 2840 2227 veneno
2861 2174 3143 2240 serpentis,
3176 2173 3310 2226 sicut
3339 2174 3388 2226 in
3409 2188 3581 2226 eremo
3602 2175 3706 2241 qui-

2185 2275 2392 2330 cunque
2416 2263 2558 2315 illum
2577 2263 2869 2316 attenderet
2889 2263 3192 2315 sanabatur.
3219 2263 3398 2331 Itaque
3423 2263 3632 2326 fatemur
3649 2264 3705 2315 ab

2188 2351 2447 2420 imperitis
2462 2351 2562 2406 dici
2583 2352 2722 2405 aliud
2739 2366 2856 2405 esse
2877 2351 3014 2420 afﬁgi
3035 2353 3050 2403 ι
3074 2366 3197 2420 gno,
3211 2353 3348 2415 aliud
3374 2354 3422 2405 in
3447 2356 3578 2419 ligno
3596 2369 3705 2419 pen-

2187 2440 2336 2494 dere.
2360 2440 2453 2495 Sic
2478 2441 2614 2496 enim
2641 2442 2849 2509 quidam
2885 2451 3068 2509 putant
3097 2443 3400 2496 solvendam
3431 2459 3542 2498 esse
3573 2447 3704 2496 istam

2189 2533 2560 2603 quaestionem,
2598 2542 2653 2585 ut
2689 2532 2873 2587 Judam
2921 2534 3096 2586 dicant
3122 2548 3150 2586 a
3181 2534 3327 2588 Mose
3367 2536 3704 2597 maledictum,

2189 2621 2278 2689 qui
2303 2621 2491 2689 laqueo
2516 2635 2574 2674 se
2601 2623 2893 2688 suspendit,
2916 2622 3061 2689 quasi
3087 2622 3255 2689 primo
3281 2622 3540 2692 [primum]
3565 2639 3704 2676 nove-

2190 2712 2298 2767 rint
2321 2721 2494 2765 utrum
2519 2725 2582 2765 ex
2606 2710 2744 2780 ligno
2783 2725 2845 2764 an
2885 2725 2950 2764 ex
2979 2710 3152 2779 lapide
3192 2725 3250 2764 se
3274 2712 3362 2766 ille
3385 2714 3704 2779 suspenderit.

2192 2802 2297 2857 Sed
2328 2817 2508 2856 verum
2531 2810 2614 2856 est
2637 2800 2773 2870 quod
2802 2810 2855 2855 et
2876 2801 3100 2853 Faustus
3120 2803 3534 2854 commemoravit
3559 2802 3704 2862 Apos-

2197 2896 2362 2949 tolum
2389 2909 2492 2947 non
2526 2892 2704 2946 sinere
2730 2891 2873 2945 aliud
2903 2891 3205 2959 intelligere
3231 2905 3390 2958 quam
3421 2890 3483 2944 de
3509 2878 3704 2942 Christo

2193 2998 2312 3039 esse
2345 2982 2660 3051 praedictum
2695 2999 2707 3033 :
2752 2981 2843 3034 sed
2879 2981 2999 3033 talis
3043 2981 3308 3047 imperitia
3345 2979 3702 3032 nonnullorum

2192 3073 2578 3128 catholicorum
2602 3069 2815 3123 venatio
2839 3068 3254 3121 Manichaeorum
3279 3079 3383 3121 est.
3407 3068 3552 3120 Tales
3572 3065 3699 3117 enim

2194 3163 2296 3233 53
2319 3163 2490 3216 solent
2511 3161 2781 3220 insectari,
2810 3159 2929 3212 talis
2949 3159 3063 3211 suis
3083 3156 3308 3212 fallaciis
3335 3157 3557 3217 irretire,
3590 3155 3704 3206 tales

2193 3256 2248 3307 in
2281 3268 2373 3306 eos
2421 3251 2811 3310 cecideramus,
2861 3250 2995 3302 tales
3045 3249 3392 3308 haeseramus,
3440 3245 3563 3298 tales
3609 3256 3701 3294 non

2196 3347 2406 3400 viribus
2435 3344 2652 3398 nosrris.
2680 3341 2770 3394 sed
2802 3341 2892 3393 Dei
2931 3339 3301 3392 misericordia
3339 3340 3473 3390 eruti
3509 3349 3700 3389 sumus.

2766 3442 2980 3497 CAPUT
3019 3440 3173 3501 LXV.

2201 3540 2274 3593 De
2310 3554 2364 3590 eo
2401 3534 2535 3604 quod
2574 3535 2644 3585 ait
2685 3531 2865 3594 Moses,
2893 3529 3105 3604 _Vt'debis
3155 3530 3467 3604 t‘i'anrimm
3512 3526 3703 3590 pruden-

2270 3619 2386 3668 rem,
2414 3599 2462 3656 et
2507 3619 2604 3655 non
2648 3604 2814 3654 credes
2856 3601 2966 3651 vita:
3015 3609 3141 3662 tum,
3171 3614 3230 3648 ex
3272 3599 3396 3648 libro
3439 3610 3516 3647 xvi
3558 3608 3706 3645 routra

2274 3675 2536 3727 Faustum.
2776 3692 2782 3696 '

2227 3757 2230 3761 ’
2272 3763 2429 3829 Quasi
2457 3775 2581 3815 vero
2597 3759 2875 3827 quidquam
2904 3758 2969 3810 sit
2999 3756 3147 3824 pejus
3173 3757 3308 3808 inter
3336 3755 3590 3806 maledicta
3610 3767 3707 3818 qtae

2204 3857 2398 3912 Jndmis
2419 3845 2423 3855 ³
2441 3869 2532 3920 pro
2572 3853 2760 3905 merito
2805 3849 3042 3916 superba:
3084 3847 3364 3914 impietatis
3409 3844 3706 3901 acciderunt,

2207 3961 2361 4015 quam
2392 3943 2570 3996 videre
2602 3942 2756 3993 vitam
2787 3953 2955 4001 suam,
2988 3938 3037 3993 id
3063 3948 3144 3991 est
3168 3937 3354 3989 Filium
3390 3936 3476 3989 Dei
3506 3937 3706 4002 pendeo-

2209 4047 2336 4101 tem,
2369 4045 2420 4087 et
2450 4048 2552 4101 non
2580 4031 2795 4084 credere
2825 4031 2940 4081 vitae
2969 4044 3096 4080 suae.
3140 4026 3411 4079 Maledicta
3451 4025 3576 4078 enirn
3613 4035 3707 4075 eum

2203 4140 2271 4179 ex
2302 4121 2571 4202 prophetia
2598 4119 2860 4178 dicuntur,
2895 4131 2996 4168 non
3038 4125 3160 4167 sunt
3201 4116 3267 4166 de
3309 4115 3444 4167 malo
3486 4124 3596 4165 voto
3632 4114 3708 4161 im-

2212 4200 2496 4281 precantis,
2525 4209 2617 4262 sed
2646 4208 2864 4276 praescia
2893 4207 3077 4271 spiritu
3101 4205 3476 4256 denuntiantis.
3504 4201 3618 4252 Nam
3643 4200 3709 4249 illa

2211 4318 2326 4370 qua:
2373 4301 2437 4354 de
2480 4298 2619 4350 malo
2660 4305 2781 4350 voto
2823 4293 3330 4374 suntﬂprohibentur
3362 4308 3475 4345 cum
3519 4292 3706 4342 dicitur:

1780 4414 1871 4466 sed
1903 4428 1962 4464 εχ
1994 4427 2112 4463 mn.
2139 4408 2189 4464 ι)
2217 4387 2512 4446 Benedicite
2557 4399 2610 4465 et
2654 4388 2812 4440 nolite
2853 4384 3186 4437 maledicere.
3233 4383 3351 4435 llaec
3398 4395 3560 4435 autem
3602 4391 3710 4441 srpe

2215 4483 2549 4537 inveniuntur
2580 4481 2630 4531 in
2659 4490 2900 4530 sermone
2945 4483 3274 4534 sanctorum,
3315 4474 3450 4525 sicut
3490 4470 3711 4536 aposaolus

2219 4574 2407 4626 Paulus
2437 4588 2449 4622 :
2474 4566 2789 4628 Alexander,
2815 4565 3002 4631 inquit,
3032 4561 3246 4615 aerarius
3279 4563 3438 4614 multa
3466 4561 3589 4613 mali
3617 4555 3712 4608 milii

2218 4662 2465 4726 ostendit,
2496 4657 2676 4712 reddet
2717 4656 2789 4709 illi
2833 4654 3084 4708 Dominus
3129 4654 3416 4706 secundum
3445 4666 3592 4718 opera
3627 4662 3711 4700 sua.

2218 4751 2349 4806 Nam
2395 4759 2450 4804 et
2492 4749 2615 4801 illud
2661 4758 2906 4815 tanquam
2951 4745 3308 4799 stomachatus
3348 4756 3402 4797 et
3442 4745 3712 4810 indignatus,

2222 4844 2379 4892 etiam
2424 4840 2556 4891 male
2586 4848 2796 4904 aptasse
2845 4836 3046 4887 videtur
3088 4835 3370 4902 Apostolus
3399 4851 3412 4887 :
3437 4835 3626 4886 Utinam
3650 4828 3712 4878 ab-

2222 4930 2523 4984 scindantur
2575 4929 2662 4993 qui
2719 4941 2814 4979 vos
2856 4924 3200 4978 conturbant!
3251 4924 3401 4988 Quod
3448 4925 3645 4990 utique.
3683 4916 3714 4967 si

2225 5021 2522 5075 consideres
2567 5030 2839 5087 personam
2880 5016 3178 5078 scribentis,
3211 5014 3377 5081 magis
3402 5029 3514 5066 eum
3549 5011 3731 5084 elegia-1

2227 5112 2429 5164 tissimo
2465 5108 2704 5174 ambiguo
2745 5107 2875 5160 bene
2908 5113 3116 5170 optasse
3161 5103 3439 5170 intelliges.
3468 5102 3589 5153 Sunt
3609 5097 3724 5150 enim

2227 5203 2486 5271 spadones
2525 5200 2612 5268 qui
2643 5213 2701 5251 se
2730 5199 2868 5264 ipsos
2914 5195 3250 5246 absciderunt
3291 5202 3500 5259 propter
3543 5200 3714 5254 regnum

2226 5294 2497 5346 ccelurum.
2547 5288 2696 5354 Quod
2746 5287 2794 5340 in
2840 5286 2920 5338 his
2965 5284 3394 5350 quoqtte,verhis
3437 5280 3634 5332 Faustus
3655 5290 3714 5326 sa-

2228 5387 2460 5453 puisset,
2491 5383 2534 5435 si
2567 5383 2706 5451 pium
2737 5381 2965 5448 palatum
2996 5376 3060 5428 ad
3104 5389 3253 5429 escas
3296 5374 3573 5428 dominicas
3611 5377 3714 5421 attu-

2230 5479 2400 5539 lisset,
2445 5475 2520 5527 sic
2547 5475 2684 5527 enim
2729 5471 2902 5526 sonuit
2932 5466 3156 5521 fortasse
3185 5465 3378 5519 Iudicis
3405 5464 3532 5534 quod
3559 5463 3714 5515 dictum

2230 5579 2329 5633 εει,
2362 5565 2571 5619 Videbis
2614 5564 2769 5617 vitam
2807 5571 2945 5616 tuam
2990 5556 3325 5627 pendentem,
3355 5565 3404 5612 et
3438 5569 3532 5610 non
3567 5547 3715 5604 credes
