3886 6224
101 189 205 243 um
504 210 507 211 ί
872 193 877 197 ·
1252 162 2188 244 τηεεΑυκυε.εΑρ.ιςνη.-
2619 167 2623 172 ’
3188 180 3294 235 (ωδ

103 301 221 352 rita
246 306 378 365 tua,
408 308 463 354 ut
504 299 641 353 inter
668 300 839 353 minas
878 309 931 354 ct
974 298 1126 353 dolos
1169 298 1395 355 hostium
1436 312 1650 352 suorum
1678 299 1726 360 Α
1756 312 2128 367 rcsurgemus,
2178 314 2279 352 nan
2329 307 2500 353 tamen
2550 314 2734 353 omnes
2770 298 3158 353 imtnntahimur
3181 337 3196 359 ,
3242 297 3295 352 in

104 388 259 441 vitam
307 402 460 442 suam
500 388 742 451 videntes
776 403 839 442 ex
883 388 1084 442 incerto
1128 388 1355 457 pendere
1377 428 1392 453 ,
1425 387 1652 440 victores
1753 392 1951 451 atomo,
1977 385 2029 439 in
2059 386 2164 440 ictu
2192 387 2350 453 oculi,
2377 390 2431 440 in
2475 388 2758 443 notissima
2794 386 2934 441 tuba.
2965 384 3129 439 Canet
3153 382 3292 438 enim

103 491 221 531 esse
248 493 363 532 non
391 480 689 533 crederem.
715 478 818 533 Sed
860 479 998 532 illius
1028 478 1291 547 Evangelii
1320 493 1439 530 cum
1469 477 1652 542 audit,
1756 475 1901 539 tuba,
1928 484 1982 529 et
2008 476 2197 530 mortui
2225 484 2499 545 resurgent
2518 476 2826 542 incorrupti,
2855 485 2906 529 et
2929 488 3026 529 nos
3054 473 3295 527 immuta—

103 566 195 623 ιιι
236 568 385 622 enim
422 567 489 623 de
535 583 621 622 me
662 569 895 635 scripsit,
925 568 975 622 in
1020 570 1119 622 hac
1160 567 1273 637 ipsa
1314 560 1689 635 ambiguitate
1756 563 1971 631 bimur;
2041 575 2247 634 oportet
2313 566 2455 620 enim
2513 566 2852 634 corruptibile
2916 567 3016 619 hoc
3075 562 3295 616 induere

102 658 388 711 sententia:
407 658 553 712 videt
571 656 697 726 quid
720 657 990 727 prophetae
1015 656 1188 725 porcis
1211 653 1512 726 projiciaut,
1532 652 1655 722 quid

106 745 411 799 hominibus
438 746 675 811 inuitant,
698 741 980 815 statimque
1008 745 1080 799 illi
1108 746 1338 800 occurrit
1358 745 1465 797 vita
1487 743 1655 796 bomi-

104 848 225 889 num
254 836 501 892 Christus
529 838 760 906 pendens
784 877 799 901 ,
830 838 985 906 eique
1032 851 1138 890 non
1164 835 1443 890 credentes
1470 832 1653 888 'Judtei

100 926 167 977 ob
202 922 308 978 hoc
334 925 506 989 ipsum
534 926 653 994 quia
702 925 1019 991 pendentem
1050 925 1248 979 videat.
1278 924 1341 979 Et
1366 924 1501 983 alius
1538 922 1656 991 qui-

103 1014 218 1069 dem
238 1015 434 1083 aliquis
451 1016 557 1069 cito
572 1015 771 1070 diceret
792 1017 924 1070 inter
938 1024 1128 1070 cetera
1143 1014 1442 1078 maledicta,
1460 1027 1580 1082 quae
1602 1012 1654 1065 in

104 1102 331 1159 lectione
354 1102 423 1157 ad
443 1100 634 1170 aliquid
658 1103 730 1161 de
750 1102 958 1159 Christo
982 1101 1371 1167 intelligendum
1403 1114 1505 1153 nco
1533 1112 1655 1168 per-

105 1194 290 1253 tinent.
322 1192 428 1245 hoc
451 1192 621 1247 solum
646 1192 715 1247 ibi
746 1207 863 1248 esse
892 1193 964 1247 de
987 1192 1206 1247 Christo,
1228 1190 1365 1261 quod
1407 1189 1656 1259 scriptum

106 1290 180 1333 est
206 1297 220 1330 :
250 1278 467 1334 Videbis
509 1282 666 1337 vitam
714 1279 1220 1349 tuam‘pendentem,
1249 1272 1309 1332 ct'
1332 1294 1444 1337 non
1472 1277 1661 1332 credes

108 1371 223 1422 vitae
252 1376 382 1424 tua.
414 1368 590 1437 Neque
616 1370 756 1422 enim
803 1369 913 1422 ﬁeri
955 1352 1057 1422 non
1103 1378 1283 1437 posset
1313 1377 1368 1422 ut
1411 1369 1547 1421 inter
1574 1366 1657 1420 di-

110 1473 255 1513 versa
304 1458 581 1518 maledicta
616 1473 732 1529 quae
773 1460 931 1528 impio
971 1461 1164 1528 populo
1194 1458 1499 1530 prophetice
1525 1472 1661 1525 prte-

113 1547 509 1617 nuntiabantur,
535 1550 632 1601 hoc
656 1564 867 1621 quoque
897 1558 1200 1621 poneretur.
1227 1549 1332 1609 Sed
1363 1562 1458 1616 ego
1489 1558 1541 1602 et
1567 1547 1657 1615 qui

1756 650 2297 722 incorruptionem,et
2345 655 2563 709 mortale
2610 654 2711 732 hoc
2753 654 2969 727 induere
3021 652 3293 707 itnmorta-

1756 740 1977 797 litatem.
2050 742 2118 798 Ut
2177 757 2305 814 ergo
2354 742 2599 817 induatur
2652 742 3088 806 immortalitate.
3144 737 3294 793 exui-

1756 838 1843 886 tur
1872 832 2210 896 mortalitate.
2253 820 2381 889 Hoc
2406 841 2489 894 est
2533 833 2948 888 circumcisionis
2992 830 3292 900 mysterium

1754 941 1871 997 quat
1899 936 2080 980 octava
2124 924 2211 981 die
2227 923 2352 1001 ‘lleri
2377 923 2523 994 iussa
2568 934 2647 981 est
2665 968 2678 991 ,
2706 932 2761 978 et
2786 938 2850 977 oc
2872 937 2966 976 ava
3006 921 3113 986 die,
3144 920 3194 974 id
3217 930 3298 973 est

1755 1013 2015 1067 dominica
2060 1021 2177 1081 post
2222 1012 2495 1075 sabbatum
2523 1012 2629 1080 jam
2671 1013 2722 1066 in
2766 1013 2981 1067 verita'e
3020 1009 3301 1087 aDomino

1756 1102 1988 1170 impleta,
2013 1100 2150 1156 unde
2177 1101 2386 1168 dicitur,
2409 1116 2608 1157 exuens
2635 1116 2945 1167 secarnem,
2974 1100 3293 1170 principatus

1755 1200 1810 1251 et
1838 1188 2141 1261 potestates‘
2165 1194 2496 1261 exemplavit.
2531 1193 2631 1247 Per
2655 1194 2796 1247 lianc
2824 1193 2961 1245 cnim
3004 1189 3295 1245 mortalitac

1757 1292 1862 1339 tem
1908 1283 2063 1338 nobis
2092 1282 2287 1341 iui/idm
2334 1284 2609 1339 diabolica
2646 1284 2932 1351 potestates
2959 1282 3299 1336 dominaban-

1758 1379 1877 1436 tur,
1921 1386 2050 1441 quas
2101 1372 2435 1440 esemplasse
2474 1372 2647 1426 dictus
2694 1381 2815 1439 est,
2862 1372 2980 1440 quia
3030 1372 3079 1424 in
3128 1369 3304 1439 seipse

1754 1462 1930 1529 capite
1967 1470 2146 1518 nostro
2181 1461 2401 1530 praebuit
2430 1461 2747 1529 exemplum,
2778 1461 2914 1527 quod
2958 1461 3008 1514 in
3042 1469 3151 1513 toto
3188 1458 3302 1528 ejus

1756 1548 2083 1618 corpore,-id
2112 1560 2193 1610 est
2239 1548 2496 1619 Ecclesia,
2523 1565 2585 1603 ex
2634 1549 2827 1602 diaboli
2876 1556 3131 1617 potestate
3178 1547 3303 1602 libe~

111 1649 310 1690 mecum
332 1637 599 1705 aliquanto
617 1619 863 1692 aiteatius
883 1619 1115 1706 cogitant
1135 1637 1491 1706 evangelicam
1511 1636 1653 1691 illam
1688 1663 1731 1724 Β
1757 1639 1943 1705 randa,
1976 1639 2026 1692 in
2056 1639 2236 1696 ultima
2268 1640 2653 1711 resurrectione
2677 1638 3042 1707 complebitur.
3074 1637 3196 1691 llaec
3224 1646 3300 1691 est

114 1723 531 1793 dumiqicamque
575 1727 886 1780 sententiam
915 1742 1015 1795 qua
1054 1742 1155 1781 non
1186 1729 1295 1785 ait;
1323 1727 1413 1781 Ille
1439 1727 1577 1780 enim
1605 1735 1659 1779 et

116 1815 177 1866 de
206 1830 291 1869 me
321 1816 559 1883 scripsit,
592 1824 648 1869 ut
673 1825 726 1869 ct
748 1800 844 1869 alia
872 1834 986 1885 quae
1012 1819 1074 1871 ad
1106 1818 1366 1871 Christum
1400 1831 1502 1870 non
1544 1832 1660 1884 pcr-

117 1902 278 1961 tinent
320 1902 600 1971 scripsisse
638 1904 979 1969 crederetur,
1028 1905 1117 1958 sed
1162 1904 1234 1957 ait
1278 1944 1291 1968 ,
1332 1903 1405 1957 De
1449 1918 1533 1956 me
1573 1903 1660 1956 ille

120 1993 324 2061 scripsit
353 2032 373 2059 ,
429 2002 486 2047 ut
530 2009 738 2048 omnem
791 1995 1078 2063 Seripturat
1137 1996 1273 2049 illius
1320 1993 1659 2049 intentionem

118 2081 322 2135 nonnisi
375 2084 440 2135 ad
482 2084 871 2154 intelligendam
915 2083 1108 2139 Ωιιτίιιί
1153 2086 1372 2152 gratiam
1414 2098 1657 2152 perscru-

122 2168 271 2223 tando
299 2172 728 2236 consuleremus;
765 2172 923 2226 etiam
970 2184 1156 2227 caetera
1199 2174 1251 2226 in
1298 2174 1391 2226 ista
1440 2174 1662 2226 lectione

124 2262 392 2317 maledicta
421 2273 635 2332 prepter
653 2260 918 2318 Christum
942 2267 1187 2332 praedicta
1212 2265 1588 2333 cognoscimus.

676 2370 895 2427 CAPUT
934 2372 1111 2440 LXVL

132 2460 290 2524 Quare
310 2462 451 2524 quies
477 2461 667 2512 sabbati
695 2463 843 2512 etiam
866 2462 913 2514 in
944 2462 1200 2530 srpulturu
1234 2461 1481 2530 dominico
1510 2459 1665 2527 possit

189 2530 433 2597 intelligi,
471 2540 518 2581 et
562 2531 719 2580 octavi
765 2532 861 2583 didi
906 2528 1217 2598 citetimcisio
1256 2528 1663 2598 exspoliatimiem

188 2599 441 2717 Ψηὶῥρῖι
479 2599 830 2663 mortalitatis,
870 2616 931 2654 es
965 2596 1139 2653 eodem
1186 2599 1311 2650 libro
1343 2596 1450 2651 ’xt't
1491 2608 1664 2659 contra

242 2679 389 2717 austri
451 2705 464 2717 .

242 2679 464 2718 austum.

194 2755 313 2808 illud
343 2757 632 2845 sabbatum.
647 2744 784 2827 quod
828 2760 1068 2825 imperite
1092 2768 1251 2839 atque
1279 2757 1435 2826 impie
1461 2756 1667 2812 deride-

132 2842 208 2905 tis,
238 2844 333 2898 nisi
374 2855 429 2899 et
482 2842 651 2912 ipsum
703 2848 838 2900 inter
880 2844 1181 2915 propbetias
1222 2862 1342 2925 qua}
1369 2847 1435 2901 de
1463 2846 1665 2900 Christo

133 2932 323 2999 scripta
362 2940 488 2987 sunt
535 2933 753 2987 haberet
799 2934 1139 3000 intellectum,
1175 2950 1278 2992 non
1326 2936 1373 2988 ei
1421 2934 1666 2989 Christus

134 3022 204 3075 sic
242 3030 615 3078 attestaretur:
662 3025 750 3091 qui
798 3037 916 3077 cum
964 2988 1175 3092 prepria
1207 3024 1497 3087 voluntate,
1529 3022 1666 3077 sicut

1772 2991 1974 3058 signum
2020 2990 2223 3059 accepit
2268 2989 2684 3044 circumcisionis
2725 2988 3049 3055 signaculum

138 3109 238 3177 ipse
261 3110 312 3165 in
338 3111 456 3179 ejus
497 3112 649 3166 laude
678 3112 914 3179 posuisti,
943 3122 1235 3180 pateretur,
1258 3100 1486 3180 ideoque
1532 3122 1660 3166 temo

139 3212 248 3265 pura
291 3199 544 3267 passionis
580 3208 634 3253 et
662 3200 1056 3255 resurrectionis
1084 3215 1190 3253 sue
1231 3200 1448 3269 haberet
1479 3202 1529 3253 in
1564 3214 1661 3267 po-

140 3296 311 3341 testate
331 3328 351 3354 ,
394 3289 450 3341 id
475 3287 618 3356 egit,
660 3298 714 3341 ut
744 3303 873 3361 caro,
905 3290 1023 3357 ejus
1066 3290 1116 3341 in
1147 3288 1408 3361 sepultura
1454 3288 1672 3345 sabbato

141 3379 481 3444 requiesceret
520 3378 584 3429 ah
627 3358 873 3432 omnibus
909 3378 1156 3445 operibus
1201 3364 1347 3440 suis,
1381 3391 1432 3433 ut
1462 3419 1477 3444 ,
1512 3379 1668 3432 tertio

142 3465 217 3519 die
242 3480 521 3534 resurgens
544 3508 558 3528 ,
600 3482 751 3535 quem
782 3468 1099 3521 dominicum
1130 3469 1352 3520 dicimus
1374 3505 1391 3533 ,
1424 3470 1509 3535 qui
1555 3476 1675 3536 post

142 3544 394 3610 sabbatum
438 3568 760 3620 numeratur,
794 3566 1008 3611 octavus
1040 3558 1196 3611 etiam
1223 3557 1672 3610 circnnicisionem

145 3644 296 3697 octavi
321 3645 424 3698 diei
456 3645 519 3698 ad
547 3660 604 3698 se
632 3645 1044 3712 proplietandum
1074 3646 1335 3713 pertinere
1361 3644 1672 3697 declararet.

146 3733 265 3797 Quid
305 3737 447 3789 enim
498 3736 761 3805 signiﬁcat
802 3734 1131 3789 circumcisio
1180 3736 1389 3788 carnis?
1415 3732 1674 3801 quid,nisi

143 3824 563 3895 exspoliationem
592 3824 923 3879 mortalitatis
948 3839 1101 3892 quam
1130 3825 1195 3877 de
1218 3821 1416 3877 carnali
1458 3834 1676 3889 genera-

147 3912 273 3965 tione
287 3914 590 3977 portamus?
619 3912 833 3979 Propter
864 3914 962 3966 hoc
990 3913 1120 3966 dicit
1148 3910 1426 3979 Apostolus
1465 3910 1677 3961 exuisse

150 4010 316 4062 carne,
344 3999 664 4067 principatus
692 4008 746 4053 et
772 4006 1056 4068 potestates
1084 3997 1398 4064 exemplavit
1426 3996 1678 4049 titluciali-

150 4094 219 4138 ter
246 4089 563 4155 triumphans
602 4104 695 4143 eos
744 4092 793 4143 in
844 4090 1153 4157 semetipso.
1187 4089 1334 4155 Quod
1374 4086 1509 4139 enim
1553 4088 1676 4138 dicit

148 4178 342 4232 exuisse
360 4194 602 4245 carnem,
633 4194 698 4233 eo
728 4181 844 4234 loco
866 4195 1077 4233 carnem
1103 4178 1471 4232 mortalitatem
1504 4173 1678 4227 carnis

150 4265 489 4334 intelligimus,
525 4268 813 4319 sectindum
846 4283 999 4335 quant
1033 4267 1243 4334 praprie
1264 4278 1388 4317 caro
1414 4262 1673 4330 appellata

1761 1730 1891 1785 ﬁdes
1919 1741 2117 1785 nostra.
2152 1724 2217 1787 Et
2255 1729 2502 1797 quoniam
2536 1730 2671 1782 sicut
2699 1728 3050 1782 testimonium
3081 1727 3302 1795 [smpite-

1761 1822 1920 1876 ticum
1950 1821 2139 1873 Paulus
2164 1825 2559 1883 commemorat,
2594 1817 2769 1872 Jusms
2793 1827 2857 1870 ex
2894 1817 2993 1869 llde
3018 1816 3165 1885 vivit,
3190 1816 3303 1869 hwc

1760 1924 1841 1965 cst
1860 1910 2163 1979 iustiﬁcatio
2192 1904 2390 1976 nostra.
2425 1888 2697 1960 ‘Mortuum
2744 1907 2937 1974 quip,.e
2966 1905 3227 1959 Christum
3251 1913 3304 1961 et

1762 2003 1946 2071 pagani
1968 2002 2207 2064 credunt,
2240 2000 2591 2053 rcsurrexissc
2610 2007 2781 2051 autem
2808 1997 3069 2053 Christum
3093 1992 3309 2066 propria,

1765 2093 1897 2147 ﬁdes
1946 2105 2027 2147 est
2070 2091 2509 2146 Christianorum.
2558 2089 2611 2142 Si
2665 2089 2803 2141 enim
2851 2087 3181 2146 conﬁtearis.
3236 2088 3311 2140 ait

1764 2184 2066 2253 Apostolus,
2101 2182 2151 2235 in
2201 2195 2293 2234 ore
2346 2189 2452 2239 tuo,
2499 2177 2614 2245 quia
2662 2178 2907 2231 Dominus
2935 2177 3083 2231 Jesus
3123 2186 3221 2241 est,
3255 2190 3311 2231 et

1764 2272 2053 2337 credideris
2077 2274 2127 2325 in
2149 2269 2309 2324 corde
2336 2283 2421 2321 tuo
2440 2269 2561 2337 quia
2586 2268 2721 2322 Deus
2739 2265 3305 2338 excitavit[suscitavit]

1764 2363 1907 2425 illum
1925 2377 1951 2413 a
1971 2362 2211 2424 mortuis,
2230 2359 2402 2412 salvus
2439 2358 2562 2411 eris.
2580 2357 2705 2423 Quia
2730 2371 2853 2425 ergo
2868 2371 2927 2409 cx
2954 2356 3050 2415 ista
3068 2372 3300 2410 resurre-

1765 2454 1953 2507 ctionis
2000 2452 2102 2506 ﬁde
2145 2450 2529 2520 justiﬁeamur,
2582 2450 2698 2502 ideo
2744 2459 2793 2505 ct
2840 2447 2965 2501 illud
2994 2448 3059 2501 de
3100 2448 3305 2502 Christo

1765 2546 2102 2612 apostolicum
2148 2552 2257 2607 est,
2291 2542 2410 2607 quia
2458 2549 2693 2593 mortuus
2734 2550 2843 2614 (est.
2868 2548 3077 2607 propter
3119 2538 3306 2594 delicta

1767 2642 1965 2697 nostra,
1982 2643 2032 2687 ct
2054 2632 2337 2687 resurrexit
2361 2639 2571 2699 propter
2588 2624 3015 2696 juutilleationem
3048 2639 3301 2683 nostram.

1768 2724 1832 2777 Et
1855 2724 1971 2792 quia
1993 2724 2085 2776 ista
2114 2722 2430 2776 resurrectio
2451 2735 2567 2788 quas
2592 2720 2786 2773 credita
2813 2734 2906 2772 nos
2924 2719 3193 2787 justilicat,
3220 2720 3305 2773 illa

1767 2813 1937 2866 octavi
1984 2811 2069 2867 dei
2113 2812 2513 2865 circumcisione
2546 2800 2761 2877 ligurata
2808 2818 2907 2873 est,
2944 2818 3215 2877 propterea
3245 2810 3309 2863 de

1768 2901 2031 2956 Abraham
2062 2902 2144 2953 cui
2180 2901 2405 2967 primum
2431 2898 2616 2951 tradita
2642 2908 2726 2952 est
2754 2898 2880 2951 dicit
2906 2900 3182 2965 Apostolus
3207 2916 3219 2951 :
3246 2895 3306 2951 Et

3093 2987 3310 3057 justitim

1770 3080 1909 3135 lidei‘.
1938 3080 2075 3148 Ergo
2098 3078 2152 3135 et
2182 3082 2334 3133 istam
2364 3079 2818 3133 circumcisionem
2862 3078 2993 3131 inter
3022 3078 3149 3132 alias
3186 3080 3310 3146 lign-

1769 3187 1855 3227 ras
1880 3173 2213 3241 proplteticas
2239 3172 2305 3226 de
2319 3170 2524 3225 Christo
2545 3172 2751 3239 scripsit
2767 3170 2955 3232 Moses.
2980 3170 3044 3223 dc
3065 3186 3169 3239 quo
3198 3170 3310 3238 ipse

1770 3261 1929 3317 dicit:
1958 3263 2030 3317 De
2061 3278 2142 3316 me
2171 3264 2310 3317 enim
2339 3262 2429 3315 ille
2462 3262 2713 3329 scripsit.»

2321 3393 2541 3448 CAPUT
2577 3390 2773 3446 LXVII.

1770 3485 1895 3545 Non
1934 3486 2099 3537 solum
2138 3484 2309 3553 diebus
2354 3486 2439 3536 sed
2476 3493 2520 3535 et
2569 3485 2813 3553 mensibus
2850 3485 3059 3553 nomina
3109 3486 3312 3545 deorum

1842 3570 2047 3623 satorum
2102 3550 2376 3623 imposuere
2422 3552 2643 3621 pagani,
2687 3568 2749 3605 ea:
2801 3552 2925 3605 libro
2973 3568 3093 3607 xvnt
3141 3554 3336 3605 corttrii‘

1843 3622 2113 3675 Faustum.

1846 3728 2035 3782 Diebus
2076 3714 2268 3796 quippe
2316 3724 2430 3780 istis
2467 3742 2687 3795 quorum
2716 3729 3037 3794 septenarius
3066 3744 3313 3787 numeros

1776 3818 1839 3871 in
1859 3818 2040 3871 orbem
2070 3817 2225 3878 redit,
2251 3816 2469 3871 deorum
2502 3829 2711 3869 suorum
2759 3818 2969 3869 nomina
3011 3827 3189 3884 gentes
3216 3818 3312 3868 im-

1778 3914 2089 3973 posuerunt.
2122 3905 2195 3958 De
2234 3904 2422 3971 quibus
2460 3902 2532 3955 ait
2571 3904 2851 3971 Apostolus
2878 3904 3017 3971 quod
3045 3907 3316 3958 coluerunt

1777 4004 1830 4048 et
1858 3994 2151 4047 servierunt
2193 4002 2448 4045 creatura:
2479 3992 2650 4060 potius
2691 4007 2842 4059 quam
2890 3978 3145 4044 Creatori.
3177 3992 3316 4055 Quos

1778 4084 1831 4136 in
1862 4083 1957 4134 hac
1987 4089 2132 4148 parte
2160 4081 2320 4135 etiam
2352 4094 2444 4133 vos
2475 4068 2777 4143 imitamini,
2810 4081 2906 4133 nisi
2937 4082 3213 4148 quodcum
3240 4086 3317 4135 eis

1779 4170 2028 4223 lucidiora
2056 4170 2159 4222 duo
2186 4169 2483 4246 luminaria,
2506 4176 2692 4219 cratera
2726 4183 2852 4221 vero
2880 4170 3047 4222 sidera
3071 4186 3172 4222 non
3196 4184 3313 4222 cum

1779 4261 1858 4314 eis
1887 4259 2134 4311 adoratis.
2166 4257 2271 4312 Sed
2308 4267 2361 4311 et
2407 4256 2673 4310 mensibus
2716 4257 3073 4324 iinposncrun'.
3110 4260 3316 4321 nomina

151 4356 370 4422 e~t,quia
394 4358 444 4410 in
466 4356 555 4409 illa
584 4356 979 4410 resurrectionis
1008 4354 1399 4409 immortalitate
1421 4367 1523 4404 non
1552 4351 1669 4403 erit.
1701 4345 1755 4403 D
1780 4350 1997 4402 deorum
2028 4363 2263 4414 suorum,
2298 4356 2513 4417 propter
2563 4346 2811 4399 honorem
2858 4348 3048 4431 quippe
3091 4347 3317 4413 Romuli,

154 4440 413 4510 Propterea
441 4446 703 4512 scriptum
720 4453 829 4510 est,
859 4443 993 4497 Caro
1021 4452 1073 4498 et
1096 4445 1306 4513 sanguis
1330 4458 1546 4513 regnum
1581 4442 1673 4494 Dei

157 4544 247 4582 non
276 4522 630 4598 possidebunt,
650 4534 716 4589 de
743 4534 929 4602 quibus
959 4534 1131 4588 verbis
1159 4534 1341 4586 soletis
1369 4529 1674 4585 calumniari

157 4616 262 4671 ﬁdei
299 4612 487 4674 nostrae
535 4636 634 4689 qua
673 4621 934 4675 credimus
978 4621 1135 4689 hujus
1177 4622 1411 4689 corporis
1452 4618 1673 4673 futuram

156 4712 579 4766 resurrectionem
601 4728 716 4781 qua:
746 4714 795 4765 in
839 4713 953 4780 ipso
983 4713 1199 4765 Domino
1237 4713 1345 4781 jam
1392 4711 1674 4781 przrcessit,

156 4794 527 4853 dissimulantes
571 4816 630 4853 ea
671 4816 789 4869 qua:
829 4812 1140 4867 sequuntur,
1170 4802 1220 4855 in
1268 4800 1457 4869 quibus
1502 4809 1678 4869 aperte

159 4884 417 4948 Apostolus
444 4889 569 4958 quid
594 4890 729 4941 dicat
754 4891 963 4957 exponit
990 4906 1005 4955 ;
1031 4892 1209 4943 volens
1232 4892 1369 4943 enim
1398 4888 1678 4942 ostendere

162 4974 268 5039 quid
283 4976 480 5047 cnloco
500 4980 694 5032 dixerit
714 4994 947 5044 carnem,
965 4982 1211 5033 continuo
1232 4978 1474 5047 subjecit:
1504 4978 1679 5043 Neque

161 5068 401 5133 corruptio
429 5068 867 5135 incorruptionem
898 5069 1205 5138 possidebit.
1248 5068 1354 5120 ll0c
1395 5069 1532 5120 enim
1563 5081 1680 5119 cor-

163 5164 246 5218 PU!
272 5158 401 5222 quod
441 5170 655 5227 propter
690 5160 1061 5211 mortalitatem
1093 5160 1301 5226 proprie
1344 5172 1469 5209 caro
1516 5157 1681 5209 nomi-

166 5250 305 5295 natur
344 5246 534 5299 mutari
579 5246 708 5300 dicit
748 5247 797 5299 in
825 5247 1235 5309 resurrectione,
1265 5256 1320 5299 ut
1345 5246 1450 5313 jam
1481 5260 1583 5297 non
1616 5244 1684 5296 sit

162 5335 475 5399 cnrruptibile
506 5344 664 5405 atque
694 5338 935 5391 mortale.
966 5337 1116 5403 Quod
1165 5352 1231 5389 ne
1266 5345 1473 5403 putetur
1504 5344 1680 5387 nostra

167 5420 434 5485 suspicione
454 5424 579 5491 dici,
600 5425 707 5493 ipsa
728 5427 842 5495 ejus
864 5442 978 5495 quze
1001 5434 1288 5493 sequuntur
1314 5424 1473 5476 verba
1495 5438 1681 5476 consu-

169 5501 263 5560 lite.
295 5510 439 5580 Ecce,
466 5515 652 5584 inquit,
687 5518 989 5586 mysterium
1033 5515 1181 5570 dico:
1204 5512 1402 5570 Omnes
1427 5509 1686 5583 [quidem]

1773 4440 1890 4508 quia
1917 4453 2035 4491 eum
2063 4438 2239 4491 Martis
2270 4436 2430 4487 lilium
2460 4436 2813 4498 crediderunt,
2839 4435 3057 4499 primum
3084 4450 3315 4489 mensem

1776 4528 1925 4582 Marti
1953 4528 2187 4580 dicautes
2218 4526 2456 4578 Martium
2486 4532 2823 4583 vocaverunt.
2858 4534 2911 4577 et
2942 4524 3061 4577 inde
3088 4525 3316 4587 Aprilem

1776 4634 1805 4671 a
1833 4618 1975 4671 nullo
1996 4617 2077 4669 dei
2108 4616 2185 4668 sui
2220 4617 2451 4677 nomine,
2478 4614 2625 4677 scda
2657 4629 2713 4666 re
2741 4615 2872 4680 ipsa,
2900 4614 3045 4680 quasi
3068 4616 3315 4681 aperilem

1778 4709 1917 4777 quod
1964 4719 2085 4760 tunc
2129 4704 2395 4777 [primum]
2436 4705 2713 4771 plurimum
2758 4704 3010 4771 germinis
3051 4708 3316 4769 aperiatur

1786 4801 1837 4851 in
1858 4800 2059 4849 liorem.
2093 4796 2439 4849 lndetertium
2465 4808 2694 4847 mensem
2720 4794 3082 4861 Maium,qu0il
3108 4794 3316 4859 Maiam,

1787 4886 2025 4939 Mercarii
2070 4894 2307 4944 matcem,
2341 4882 2489 4935 deam
2524 4882 2697 4935 colunt
2728 4880 2976 4953 [colant];
3008 4883 3127 4935 inde
3168 4898 3322 4949 quar-

1787 4986 1892 5029 tum
1920 4964 2128 5028 junium
2152 4990 2179 5024 a
2197 4975 2419 5036 lunone,
2436 4972 2554 5025 inde
2581 4983 2801 5026 czntcros
2831 4987 2991 5043 usque
3018 4974 3081 5025 ad
3106 4974 3322 5028 Decent-

1788 5065 1930 5118 brein
1952 5079 1980 5115 a
2012 5064 2239 5117 numeris
2284 5064 2652 5115 nominarunt:
2678 5062 2767 5114 sed
2796 5077 2858 5116 ex
2888 5065 2963 5115 eis
2985 5062 3226 5126 Quintilis
3262 5077 3324 5118 ac

1789 5153 1999 5205 Sextilis
2029 5153 2202 5204 uomiu
2228 5151 2321 5203 lius
2352 5148 2621 5202 hominum
2653 5150 2841 5217 quibus
2865 5150 3067 5203 divinos
3097 5150 3321 5205 honores

1785 5244 2128 5297 decreverunt
2172 5236 2569 5311 [decreverant]
2614 5242 2858 5309 appellati
2906 5250 3027 5294 sunt
3067 5240 3233 5295 Julius
3275 5252 3325 5295 ct

1787 5337 2067 5400 Augustus.
2112 5330 2237 5383 Nam
2278 5327 2571 5403 [septimus]
2608 5330 2916 5397 September
2950 5342 3003 5385 et
3042 5332 3238 5395 caeteri,
3272 5344 3326 5385 ut

1787 5422 1910 5484 dixi,
1934 5435 2097 5489 usque
2116 5421 2178 5473 ad
2206 5420 2543 5474 Decembrem
2568 5435 2904 5473 numerorum
2928 5436 2988 5474 ex
3018 5421 3122 5490 54
3140 5421 3326 5475 ordine

1787 5510 2083 5567 nominibus
2112 5509 2465 5587 enuntiantnr.
2511 5508 2673 5563 Porro
2702 5507 2975 5565 Januarius
3010 5525 3037 5563 a
3068 5508 3197 5565 lano
3226 5524 3325 5579 ap-
