3886 6224
522 326 620 378 637

1557 320 1613 370 D.
1661 317 1969 372 EUG‘t'i‘PII
2007 319 2290 373 ABBATIS
2333 319 2648 374 AFRICANI

3619 313 3709 366 078

523 435 743 501 pellatus
790 440 888 496 est,
919 431 1231 484 Februarius
1272 443 1299 480 τι
1341 428 1560 482 Feliruis
1603 431 1764 481 saetis
1805 429 2066 492 Luperco-
2103 439 2143 490 Α
2175 441 2222 482 et
2253 440 2428 482 nostra
2453 430 2700 482 divinitus
2719 429 3069 482 dimittantur.
3103 427 3253 494 Quod
3281 437 3454 479 autem
3481 427 3709 488 debetur,

523 542 658 580 rum.
685 526 849 577 Vultis
878 539 1001 593 ergo
1028 531 1086 574 ut
1111 532 1161 573 et
1183 536 1274 572 vos
1305 520 1550 573 dicamini
1585 522 1634 573 in
1668 535 1848 573 mense
1881 520 2064 571 Martio

523 620 735 670 Martem
765 615 973 665 celere?
1005 611 1093 663 Illo
1121 611 1257 662 enim
1289 625 1469 662 mense
1495 611 1648 663 Betna
1685 619 1912 661 vestrum
1943 623 2062 657 cum

524 722 703 773 magna
735 703 1008 756 festivitate
1030 700 1326 752 celebratis.
1350 699 1404 752 Si
1431 708 1602 751 autem
1627 697 1774 748 vobis
1800 697 1852 747 in
1883 709 2065 747 mense

524 796 706 848 Martio
731 793 887 844 licere
910 789 1234 842 arbitramini
1259 789 1396 841 aliud
1424 787 1784 852 considerare,
1810 799 1910 837 non
1937 785 2068 836 Mari-

527 901 650 946 tem,
683 901 775 938 cur
815 899 877 936 ex
922 883 1006 935 die
1051 881 1273 949 septimo
1324 879 1459 947 quod
1506 878 1783 930 sabbatum
1823 890 1849 927 a
1887 875 2067 942 requie

523 978 843 1030 nominatum
871 983 971 1037 est,
1004 971 1191 1024 divinis
1227 968 1507 1036 Scripturis
1549 967 1832 1020 Saturnum
1873 964 2069 1030 impor-

524 1078 632 1118 lare
658 1063 948 1129 conamini,
981 1063 1094 1129 quia
1125 1075 1240 1112 eum
1266 1057 1406 1110 diem
1434 1056 1647 1111 Saturni
1677 1063 1859 1124 gentes
1889 1044 2067 1119 appel-

524 1153 1004 1219 lavcrunt‘lNempe
1025 1150 1131 1218 jam
1161 1146 1350 1201 videtis
1379 1160 1498 1212 cum
1533 1155 1723 1213 quanta
1759 1145 1950 1210 pietate
1976 1143 2070 1195 dcc

525 1247 709 1300 lirctis.
744 1246 813 1296 De
841 1240 1108 1295 sacriﬁciis
1136 1246 1306 1291 autem
1336 1237 1667 1302 animalium,
1693 1235 1812 1302 quis
1837 1244 2071 1287 nostrum

524 1334 720 1390 nesciat
753 1332 914 1398 magis
941 1343 1000 1380 ea
1032 1339 1279 1394 perverso
1310 1325 1502 1393 populo
1527 1332 1877 1391 congruenter
1902 1321 2071 1387 impo-

525 1428 641 1488 sita,
673 1437 824 1490 quam
859 1419 962 1471 Deo
987 1414 1304 1469 desideranti
1333 1413 1547 1466 oblata?
1576 1411 1680 1466 Sed
1710 1420 1881 1464 tamen
1912 1410 2070 1463 etiam

525 1515 574 1567 in
615 1513 692 1566 liis
724 1514 897 1579 ﬁgurae
939 1517 1126 1561 nostra:
1163 1505 1390 1569 fuerunt,
1419 1505 1537 1574 quia
1568 1511 1747 1559 nostra
1777 1501 2070 1566 inundatio,

525 1619 573 1659 et
607 1604 694 1658 Dei
729 1600 1044 1670 propitiatio,
1077 1597 1228 1651 nobis
1254 1598 1368 1650 sine
1398 1594 1649 1663 sanguine
1676 1593 1816 1646 nulla
1844 1599 1946 1653 est,
1977 1589 2070 1642 sed

521 1699 728 1749 illarum
773 1693 1051 1760 ﬁgurarum
1102 1689 1294 1741 veritas
1346 1685 1588 1752 Christus
1630 1692 1733 1748 est,
1765 1683 1914 1750 cujus
1954 1678 2076 1733 san?

2170 523 2267 571 etsi
2301 522 2528 583 belling
2559 521 2870 582 remittitur,
2909 537 3008 572 non
3042 529 3215 572 tamen
3248 518 3424 582 inique
3452 517 3708 583 repetitur,

2167 608 2257 659 sed
2283 610 2417 658 sicut
2453 608 2501 658 in
2529 607 2773 672 jurando,
2806 591 2963 658 etiam
3009 609 3092 674 qui
3127 622 3308 660 verum
3349 605 3486 672 jurat
3518 605 3710 670 pmpiu-

2165 705 2291 764 quat
2333 695 2603 761 pcrjurio;
2654 696 2793 748 unde
2837 695 2991 762 longe
3036 697 3185 749 abest
3231 696 3318 762 qui
3366 695 3575 746 omnino
3620 707 3709 742 nou

2164 785 2330 854 jurat,
2363 795 2416 838 et
2447 786 2686 854 quamvis
2732 801 2833 838 non
2867 795 3048 852 peccet
3090 787 3179 853 qui
3225 800 3404 838 verum
3447 783 3606 852 jurat,
3635 797 3706 832 re-

2170 877 2362 951 utotior
2383 883 2554 927 tamen
2582 889 2610 926 a
2636 882 2850 943 peccato
2872 883 2954 928 est
2975 875 3062 943 qui
3094 889 3195 927 non
3224 875 3366 937 jurat
3389 889 3402 935 ;
3429 874 3605 924 maluit
3627 887 3667 920 ni
3689 885 3710 920 s

2170 968 2422 1019 Dominus
2453 976 2504 1020 et
2531 983 2633 1020 non
2659 968 2898 1035 jurantes
2927 982 3030 1019 non
3062 967 3311 1019 recedere
3333 980 3362 1017 a
3390 981 3536 1028 vero,
3564 980 3704 1032 quam

2171 1072 2351 1110 verum
2386 1057 2626 1124 jurantes
2657 1057 3013 1123 proninquare
3068 1055 3338 1123 perjurio;
3380 1054 3514 1106 unde
3545 1055 3710 1104 admo-

2172 1148 2303 1200 nitio
2334 1163 2435 1199 non
2461 1145 2670 1213 jurandi
2707 1146 3041 1216 conservatio
3080 1158 3162 1198 εει
3203 1161 3232 1197 a
3275 1153 3487 1212 peccato
3518 1143 3708 1211 perjttrii

2175 1239 2244 1290 ita
2275 1252 2394 1289 cum
2427 1243 2608 1303 peccet
2637 1234 2722 1302 qni
2755 1249 2847 1301 per
2882 1234 3372 1286 immoderationem
3403 1233 3586 1300 injnSte
3616 1232 3708 1281 \‘ult

2172 1323 2448 1388 vindicari,
2490 1338 2592 1376 non
2636 1333 2823 1390 peccet
2867 1330 3042 1374 autem
3083 1322 3170 1388 qui
3220 1321 3430 1374 modum
3475 1321 3710 1373 adhibens

2171 1414 2312 1483 jnste
2343 1417 2452 1465 vult
2482 1412 2770 1473 vindicari,
2800 1413 3055 1464 remotior
3083 1424 3113 1462 a
3143 1421 3360 1477 peccato
3391 1410 3588 1476 Injnsttn
3613 1412 3708 1459 viu-

2185 1505 2340 1558 dicta:
2381 1503 2468 1572 qui
2499 1507 2601 1556 non
2651 1503 2762 1555 Vult
2789 1503 3007 1554 omnino
3044 1499 3318 1554 vindicari.
3364 1499 3544 1552 Peccat
3585 1500 3706 1552 enim

2176 1595 2263 1663 qui
2313 1592 2483 1662 exigit
2535 1593 2674 1645 ultra
2719 1591 2993 1655 debitum,
3043 1606 3147 1642 non
3195 1598 3380 1656 peccat
3420 1599 3586 1641 autem
3629 1591 3704 1654 qui

2178 1681 2343 1751 exigit
2370 1681 2633 1744 debitum;
2665 1679 2756 1733 sed
2787 1679 2947 1732 tutius
2974 1680 3126 1748 longe
3140 1687 3229 1731 'est
3255 1693 3284 1730 a
3312 1687 3517 1743 peccato
3546 1675 3704 1743 injuin

522 1786 677 1853 guine
715 1779 971 1846 redempti
1017 1785 1069 1832 et
1112 1777 1343 1841 mundati
1385 1789 1586 1830 sumus.
1633 1774 1760 1827 Nam
1801 1772 1851 1824 in
1891 1769 2074 1838 ﬁguris
2110 1778 2149 1834 Β
2178 1769 2448 1825 exactoris
2477 1771 2566 1839 qui
2616 1769 2832 1822 omnino
2869 1785 2976 1822 non
3025 1770 3187 1837 exigit
3226 1769 3479 1832 debitum,
3511 1781 3706 1832 praiser-

523 1874 847 1942 eloquiornm
878 1869 1196 1932 divinorum,
1221 1875 1273 1920 et
1301 1875 1480 1918 taurus
1521 1865 1694 1918 dictus
1724 1873 1829 1926 est,
1863 1870 2073 1929 propter

525 1963 795 2016 veritatem
843 1954 1136 2028 [virtutem]
1168 1955 1358 2018 crucis,
1400 1954 1548 2020 cujus
1594 1952 1842 2005 cornibus
1886 1949 2073 2017 impios

526 2051 810 2114 ventilarit,
840 2057 893 2103 et
921 2048 1058 2101 aries
1107 2055 1318 2114 propter
1357 2042 1668 2097 innocentia:
1699 2042 2072 2111 principatum,

524 2152 579 2196 et
620 2143 794 2194 hircus
819 2179 834 2203 ,
865 2144 1076 2207 propter
1116 2134 1510 2190 similitudinem
1553 2133 1723 2187 carnis
1772 2131 1990 2201 peccati,
2020 2137 2076 2182 ut

521 2237 595 2290 de
642 2242 853 2303 peccato
898 2231 1173 2283 damnaret
1217 2234 1487 2295 peccatum
1526 2243 1537 2276 :
1574 2233 1628 2278 et
1667 2224 1711 2277 si
1749 2224 1887 2292 quod
1934 2221 2074 2275 aliud

527 2321 768 2378 sacriﬁcii
811 2330 974 2389 genus
1014 2317 1314 2385 expressius
1353 2313 1879 2379 commemoraveris,
1913 2314 1965 2365 in
2011 2326 2076 2365 eo

525 2427 732 2486 quoque
760 2410 853 2464 tibi
877 2408 1143 2463 Christum
1181 2406 1546 2474 pr0phetatum
1578 2418 1696 2458 esse
1742 2401 2071 2480 monstrabo.

525 2508 779 2576 Quocirca
812 2503 923 2558 sive
948 2499 1295 2560 circumcisio,
1327 2497 1438 2550 sive
1470 2496 1773 2560 sabbatum;
1793 2496 1904 2548 sive
1928 2491 2024 2546 dif!
2041 2512 2079 2531 ~-

518 2597 690 2654 arcn‘ia
718 2595 975 2656 ciborum,
999 2593 1112 2644 sive
1145 2588 1435 2642 immolatio
1473 2583 1874 2647 sacriﬁciorum,
1901 2583 2075 2637 omnia

524 2691 638 2742 lucc
665 2687 843 2754 ﬁguras
871 2689 1068 2736 nostra:
1098 2678 1310 2731 fuerunt
1339 2684 1391 2730 et
1421 2673 1732 2743 prophetite,
1763 2685 1894 2739 quas
1925 2670 2078 2724 Chri-

512 2793 635 2834 stus
667 2792 769 2830 non
817 2773 1043 2832 solvere,
1079 2767 1170 2822 sed
1205 2765 1490 2834 adimplere
1529 2764 1691 2827 venit,
1720 2774 1840 2815 cum
1869 2774 1930 2815 ea
1959 2774 2076 2829 qua

527 2872 610 2925 liis
641 2861 1119 2937 przenuntiabantur
1145 2855 1396 2924 implevit.

1049 2990 1271 3048 CAPUT
1309 2986 1538 3043 LXVIII.

523 3114 678 3181 Quod
716 3109 939 3181 Oculum
978 3121 1066 3181 pro
1100 3103 1250 3156 oculo
1290 3099 1493 3181 nonus'it
1535 3092 1990 3181 contrariuntloui
2030 3101 2075 3145 te

591 3161 886 3252 ﬁdem:
922 3161 988 3229 in'
1014 3175 1240 3228 dextram
1279 3168 1558 3232 maxillam,
1587 3175 1710 3230 απαξ
1732 3178 1796 3217 ea:
1825 3161 1951 3216 libro
1980 3175 2071 3237 χιχ

597 3247 772 3305 contra
796 3247 839 3300 F
843 3256 1059 3299 austum.

533 3428 539 3436 ,
592 3361 706 3416 .Iam
750 3372 873 3412 vero
900 3355 1024 3410 illud
1052 3349 1190 3420 quod
1233 3348 1463 3417 antiquis
1490 3346 1688 3400 dictum
1717 3352 1822 3406 est,
1849 3342 2073 3397 Oculum

515 3434 622 3521 .pro
648 3448 822 3511 oculo,
847 3445 1055 3497 dentem
1098 3455 1192 3509 pro
1231 3438 1411 3503 dente,
1440 3434 1706 3504 quomodo
1750 3438 2071 3487 contrarium

519 3540 684 3593 liabet
723 3535 860 3603 quod
894 3533 966 3585 ait
997 3530 1269 3591 Dominus,
1304 3527 1411 3595 Ego
1438 3533 1612 3578 autem
1642 3522 1760 3576 dico
1799 3521 1946 3575 vobis
1973 3535 2076 3573 non

524 3630 771 3684 resistere
793 3623 949 3683 malo,
972 3619 1063 3674 sed
1089 3620 1131 3671 si
1160 3618 1274 3685 quis
1297 3627 1347 3668 te
1376 3612 1699 3684 percusserit
1722 3611 1775 3664 in
1805 3610 2077 3663 maxillam

526 3721 815 3776 dexteram,
846 3710 1020 3780 praebe
1057 3718 1109 3762 et
1153 3707 1222 3759 illi
1262 3685 1536 3759 alteramz’
1564 3689 1986 3771 quandoquidem
2026 3708 2080 3752 et

527 3806 654 3861 illud
703 3803 970 3870 an'iquum
1024 3797 1088 3852 ad
1134 3794 1495 3860 reprimendas
1549 3793 1789 3844 ﬁammas
1838 3789 2077 3850 odiorum

525 3893 963 3959 sicvientiumque
994 3885 1369 3942 immoderatos
1395 3877 1604 3936 animos
1635 3880 1978 3934 relrenandos
2008 3879 2076 3930 ita

529 3995 846 4059 praeceptum
876 3982 998 4036 est?
1028 3980 1156 4046 Quis
1185 3979 1323 4030 enim
1355 3973 1563 4028 tandem
1612 3973 1763 4026 facile
1793 3977 2078 4033 contentus

525 4089 613 4131 est
654 4086 854 4129 tantum
887 4085 1147 4139 reponere
1176 4067 1422 4121 vindicta:
1463 4071 1717 4134 qttantum
1750 4062 1955 4129 accepit
1999 4061 2079 4139 in-

521 4167 718 4238 juriae?
747 4166 929 4218 Nonne
955 4148 1190 4214 videmus
1231 4157 1471 4211 homines
1508 4155 1693 4208 leviter
1721 4153 1877 4205 laesos
1906 4133 2079 4205 moliri

525 4259 746 4321 easdem,
778 4254 926 4308 sitire
955 4252 1293 4320 sanguinem,
1324 4233 1528 4315 virque
1551 4247 1786 4302 invenire
1827 4246 1880 4298 in
1926 4245 2080 4298 malis

525 4345 725 4402 inimici
757 4341 895 4396 unde
939 4338 1226 4393 satientur?
1262 4337 1387 4401 Quis
1436 4348 1608 4403 pugno
1654 4342 1942 4400 perctrssus-
1975 4346 2079 4385 non

527 4441 615 4487 aut
639 4429 834 4501 judicia
855 4427 1083 4481 concitat
1113 4425 1166 4476 in
1191 4414 1577 4476 damnationem
1603 4419 1716 4488 ejus
1742 4420 1829 4489 qui
1861 4434 2078 4486 percus-

2177 1864 2267 1916 tim
2299 1877 2364 1914 ne
2396 1872 2617 1929 cogatur
2659 1867 2714 1912 et
2759 1859 2871 1927 ipse
2919 1858 3140 1913 reddere
3188 1857 3417 1911 debitum
3446 1857 3509 1908 ab
3551 1852 3706 1921 coqui

2175 1951 2374 2004 nullum
2404 1949 2564 2002 debet
2594 1947 2850 2001 debitum.

2719 2101 2940 2158 CAPUT
2980 2099 3160 2154 LXIX.

2181 2196 2442 2261 Quomodo
2485 2194 2865 2264 intelligendum
2895 2191 2958 2244 sit
2985 2192 3116 2264 illud
3163 2189 3391 2264 Apostoii
3418 2203 3439 2264 ί
3462 2185 3708 2264 [squitur

2255 2266 2391 2317 Deus
2421 2264 2593 2317 swcult'
2632 2257 2784 2332 Hujus
2825 2262 3093 2313 caecavit
3131 2269 3327 2310 mentes.
3349 2257 3634 2324 inﬁdelium,
3661 2270 3711 2300 ..ι

2250 2338 2377 2388 tibro
2409 2349 2496 2387 ut
2526 2329 2709 2385 contra
2735 2329 3008 2384 Faustum.

2249 2446 2533 2516 Apostolus
2562 2444 2635 2496 ait
2659 2460 2673 2496 :
2699 2443 2839 2496 Deus
2866 2441 3044 2494 saeculi
3077 2439 3236 2505 hujus
3266 2440 3538 2490 excmcavit
3571 2447 3701 2484 men-

2180 2548 2258 2594 tes
2303 2537 2616 2592 inﬁdelium.
2663 2534 2828 2600 Quam
2874 2532 3083 2600 quidem
3129 2529 3441 2583 sententiam
3491 2526 3700 2594 plerique

2181 2638 2417 2683 nostrum
2481 2627 2553 2680 ita
2597 2625 2971 2692 distinguunt,
3013 2629 3070 2674 ut
3118 2619 3282 2672 Deum
3331 2632 3505 2672 verum
3543 2615 3704 2667 dicant

2181 2731 2476 2774 exctncasse
2506 2715 2799 2769 inﬁdelium
2833 2720 3054 2767 mentes.
3097 2709 3231 2764 Cum
3265 2710 3403 2762 enim
3436 2707 3636 2775 legerint
3662 2706 3703 2753 in

2181 2810 2371 2880 quibus
2416 2799 2596 2868 Deus,
2621 2803 2948 2873 suspendunt
2975 2800 3488 2870 pronuntiationem,
3517 2812 3573 2848 ac
3600 2806 3704 2846 tunc

2183 2901 2432 2966 inferunt,
2459 2898 2637 2953 seculi
2668 2895 2826 2964 hujus
2854 2907 3012 2947 exex.
3031 2895 3140 2945 avit
3170 2899 3377 2944 mentes
3407 2887 3665 2941 inﬁdelium
3690 2901 3702 2935 :

2182 2994 2302 3063 quia
2331 3000 2386 3046 et
2410 2991 2454 3045 si
2485 2989 2569 3045 ita
2593 3001 2695 3041 non
2722 2986 3049 3052 distinguant
3071 2980 3325 3052 [distingu
3349 2976 3430 3047 .s],
3458 2978 3541 3030 sed
3565 2989 3704 3042 expo-

2184 3083 2346 3139 nendi
2373 3081 2539 3152 gratia
2566 3081 2637 3134 ita
2677 3078 2958 3132 verborum
2983 3075 3224 3127 ordinem
3270 3078 3466 3124 ntutent
3495 3061 3704 3136 {mutae},

2099 3133 2145 3196 ο
2175 3179 2227 3231 in
2257 3133 2448 3244 quibus
2479 3171 2621 3226 Deus
2662 3166 2946 3223 excaecavit
2991 3173 3193 3216 mentes
3238 3133 3520 3213 inﬁdelium
3546 3153 3703 3208 saeculi

2176 3265 2353 3335 hujus,
2383 3264 2523 3319 idem
2563 3262 2652 3331 qui
2703 3262 2757 3314 in
2801 3258 2888 3312 illa
2928 3255 3268 3310 distinctione
3313 3263 3496 3304 sensus
3536 3246 3702 3299 elucet.

2178 3357 2358 3411 Potest
2391 3349 2530 3408 enim
2581 3352 2740 3404 etiam
2802 3347 2920 3400 talis
2965 3341 3206 3412 operatio
3254 3354 3354 3407 qua
3401 3340 3703 3388 exc-reantur

2179 3455 2383 3501 mentes
2409 3440 2703 3497 inﬁdelium
2748 3435 3036 3492 secundum
3067 3424 3349 3501 quemdam
3379 3425 3576 3480 modum
3605 3435 3703 3489 per-

2179 3538 2348 3590 tinere
2376 3533 2442 3587 ad
2485 3545 2667 3585 verum
2714 3525 2898 3590 Deum,
2926 3523 3063 3593 quod
3097 3536 3200 3574 non
3233 3518 3355 3571 facit
3401 3515 3598 3574 malitia,
3625 3510 3702 3562 sed

2174 3622 2401 3692 justitia,
2435 3621 2573 3674 sicut
2601 3616 2740 3671 idem
2782 3614 2975 3668 Paulus
3011 3610 3134 3664 alibi
3169 3609 3336 3662 dicit:
3363 3602 3586 3670 Nunquid
3615 3599 3701 3650 ini-

2181 3691 2317 3780 quus
2362 3710 2521 3772 Deus,
2551 3709 2637 3775 qui
2689 3696 2847 3758 infert
2879 3699 3194 3755 iram?ltem
3239 3695 3381 3748 alibi.
3432 3691 3554 3758 Quid
3596 3700 3701 3780 ergo

2179 3775 2439 3862 dicemus,
2471 3797 2660 3866 inquit,
2679 3791 2922 3859 Nunquid
2954 3788 3203 3857 iniquitas
3223 3781 3349 3857 [est]
3375 3781 3505 3850 apud
3529 3775 3702 3832 Deum?

2180 3891 2350 3945 Absit.
2402 3888 2574 3941 Moses
2621 3884 2760 3939 enim
2813 3881 2943 3935 dicit
2981 3897 2992 3930 :
3034 3876 3322 3932 Miserebor
3362 3873 3444 3926 cui
3490 3869 3701 3922 misertus

2180 3974 2371 4046 fuero,
2416 3988 2468 4032 et
2512 3971 2929 4029 misericordiam
2985 3963 3245 4034 praestabo
3299 3961 3385 4015 cui
3436 3958 3699 4012 misericors

2185 4045 2365 4125 fuero.
2386 4067 2518 4122 Cum
2554 4080 2680 4133 ergo
2714 4059 3066 4131 'pt‘tetnisbset
3106 4053 3245 4124 quOd
3277 4054 3574 4105 inconcusse
3601 4045 3699 4098 reti-

2182 4155 2411 4212 nendum
2440 4160 2543 4216 est,
2573 4130 2675 4204 non
2699 4130 2818 4204 esse
2841 4144 3167 4213 iniquitatem
3189 4139 3328 4208 apud
3355 4139 3511 4192 Deum
3531 4176 3543 4196 ,
3568 4130 3698 4216 paulo

2184 4255 2304 4315 post
2330 4215 2540 4296 attende
2562 4239 2684 4309 quid
2711 4236 2883 4290 dicat:
2906 4235 2960 4288 Si
2986 4244 3159 4285 autem
3187 4230 3372 4284 valens
3395 4227 3528 4280 Deus
3550 4215 3698 4276 esten-

2182 4310 2309 4389 dere
2353 4334 2508 4398 iram,
2539 4339 2595 4384 et
2635 4329 3003 4383 demonstrare
3051 4323 3344 4390 potentiam
3375 4332 3537 4378 suam,
3558 4310 3698 4364 attulit

2184 4425 2235 4479 in
2267 4423 2425 4477 multa
2475 4419 2723 4488 patientia
2754 4429 2876 4468 vasa
2927 4415 3186 4478 irre‘qua:
3240 4407 3469 4476 perfecta
3512 4410 3617 4457 sunt
3652 4400 3694 4450 in

526 4523 688 4579 serit?
717 4529 825 4582 aut,
858 4519 900 4571 si
932 4517 1047 4584 ipse
1071 4524 1406 4582 repercutere
1433 4512 1587 4572 velit,
1620 4519 1781 4563 totum
1813 4511 2077 4564 hominem
2109 4494 2156 4554 ο
2185 4513 2550 4583 perditionem,
2579 4518 2634 4579 (ῃ
2660 4516 2717 4561 ut
2744 4514 2894 4560 notas
2933 4504 3128 4557 faceret
3150 4499 3362 4553 divitias
3393 4497 3561 4567 gloria:
3583 4505 3692 4551 suae,

526 4618 568 4671 si
602 4629 703 4668 non
735 4614 891 4665 etiam
923 4609 1028 4662 telo
1054 4606 1232 4670 aliquo
1260 4611 1494 4670 arrepto,
1524 4601 1709 4669 pugnis
1736 4600 2074 4668 calcibusque

524 4702 830 4760 contundit?
869 4700 1000 4753 lluic
1041 4699 1198 4766 igitur
1234 4694 1593 4747 immoderata
1638 4705 1699 4744 ac
1748 4706 1841 4759 per
1868 4689 1966 4743 hoc
1994 4691 2074 4742 in.

523 4797 678 4864 justas
710 4790 890 4844 ultioni
918 4790 999 4840 lex
1042 4785 1240 4854 justum
1273 4782 1484 4834 modum
1535 4782 1719 4847 ﬁgens,
1753 4793 1961 4846 poenam
1993 4789 2075 4830 ta-

525 4883 680 4938 lionis
725 4879 984 4941 instituit,
1027 4876 1124 4927 hoc
1170 4881 1251 4926 est
1290 4880 1347 4923 ut
1385 4870 1590 4937 qualem
1637 4870 1859 4936 quisque
1903 4867 2081 4919 intulit

527 4973 768 5043 injuriam
795 5011 808 5032 ,
853 4969 955 5020 tale
994 4963 1304 5032 supplicium
1353 4960 1560 5036 pendat.
1593 4958 1819 5011 Proinde
1864 4959 2075 5010 oculum

526 5082 621 5135 pro
651 5063 822 5124 oculo,
855 5060 1063 5113 dentem
1096 5071 1188 5122 pro
1217 5056 1372 5106 dente
1393 5092 1405 5114 ,
1439 5066 1541 5104 non
1573 5050 1760 5112 fomes,
1787 5048 1882 5102 sed
1926 5049 2077 5102 limes

526 5156 719 5209 furoris
745 5160 844 5211 est,
878 5164 978 5200 non
1013 5154 1067 5198 ut
1095 5145 1144 5196 id
1175 5143 1309 5209 quod
1343 5142 1567 5209 SOpitttm
1595 5149 1709 5193 erat
1737 5140 1858 5193 hinc
1885 5154 2076 5192 accen-

527 5245 755 5300 deretur,
786 5237 876 5292 scd
910 5251 973 5288 ne
1016 5234 1064 5285 id
1112 5230 1246 5299 quod
1292 5230 1506 5282 ardebat
1534 5229 1667 5280 ultra
1696 5227 2076 5306 extenderunt

532 5333 820 5398 impositus.
849 5329 935 5380 Est
956 5326 1093 5378 enim
1117 5320 1354 5389 quaedam
1381 5318 1795 5392 justa‘viudicta,
1822 5318 2073 5384 justeque

526 5430 746 5483 debetur
788 5421 831 5473 ei
864 5418 947 5485 qui
997 5416 1152 5469 fuerit
1186 5425 1370 5481 passus
1409 5410 1671 5474 iujuriam.
1708 5409 1858 5462 Unde
1887 5411 2068 5475 utique

526 5536 646 5574 cum
679 5510 994 5582 ignoscimus
1026 5509 1089 5558 de
1128 5515 1308 5557 nostro
1338 5500 1725 5570 quodammodo
1760 5499 1877 5566 jure
1907 5499 2066 5571 largif

528 5625 673 5666 mur;
705 5603 841 5657 unde
885 5599 1038 5651 etiam
1080 5595 1247 5648 debita
1289 5593 1563 5651 dicuntur,
1595 5607 1708 5656 quae
1751 5588 1799 5642 in
1831 5592 2067 5666 oratione

530 5695 790 5751 dominica
843 5689 1140 5745 humanitus
1186 5688 1447 5740 dimittere
1491 5698 1799 5748 monemur,
1831 5660 2064 5736 ut'nobis

2182 4606 2234 4656 in
2264 4617 2387 4656 vasa
2421 4597 2792 4654 misericordias
2818 4610 2936 4664 quae
2966 4590 3280 4662 praeparavit
3298 4590 3350 4642 in
3373 4587 3693 4656 gloriam,etc.

2181 4694 2337 4746 Certe
2370 4690 2452 4743 hic
2502 4688 2646 4741 nullo
2686 4685 2841 4739 modo
2870 4683 2974 4736 dici
3024 4687 3199 4749 potest
3229 4679 3390 4731 alium
3425 4677 3573 4729 Deum
3599 4683 3695 4724 esse

2187 4787 2275 4854 qui
2308 4782 2536 4839 ostendit
2581 4782 2713 4834 iram
2741 4788 2794 4832 et
2822 4777 3152 4830 demonstrat
3179 4771 3468 4839 potentiam
3509 4779 3633 4820 suam
3655 4762 3693 4812 in

2188 4853 2326 4929 vasis
2368 4889 2484 4942 qua:
2533 4870 2760 4940 perlecta
2801 4877 2922 4921 sunt
2966 4864 3030 4917 ad
3081 4861 3460 4932 perditionem,
3487 4867 3534 4911 et
3567 4853 3692 4906 alium

2182 4967 2270 5032 qui
2298 4963 2528 5018 ostendit
2553 4960 2764 5014 divitias
2790 4971 2909 5011 suas
2936 4956 2986 5007 in
3015 4953 3153 5006 vasis
3182 4949 3569 5005 misericordiae.
3589 4943 3692 4996 Nam

2177 5071 2335 5109 unum
2366 5054 2713 5118 ettmdemque
2739 5049 2900 5102 Deum
2925 5046 3120 5108 facere,
3145 5051 3427 5110 utrumque
3447 5034 3688 5109 apostolica

2178 5143 2418 5197 doctrina
2447 5147 2748 5194 attestatur.
2801 5136 2931 5188 llinc
2961 5141 3042 5187 est
3087 5140 3140 5184 et
3167 5128 3296 5182 illud
3325 5147 3336 5178 :
3386 5127 3590 5192 Propter
3617 5120 3692 5170 hoc

2178 5234 2389 5286 tradidit
2433 5233 2550 5284 illcs
2581 5218 2724 5284 Deus
2755 5228 2806 5279 in
2837 5222 3294 5290 concupiscentias
3325 5218 3496 5272 cordis
3523 5226 3692 5267 eorum.

2178 5324 2228 5375 in
2276 5320 2657 5373 immunditiam
2688 5358 2700 5380 ,
2749 5324 2804 5367 ut
2851 5311 3184 5366 contumeliis
3237 5309 3465 5362 afﬁciant
3508 5312 3687 5367 corpora

2176 5429 2268 5466 sua
2318 5414 2366 5464 in
2407 5410 2734 5476 semetipsis;
2767 5418 2820 5459 et
2869 5404 3022 5472 paulo
3055 5411 3212 5470 post:
3259 5400 3531 5466 PrOpterea
3561 5390 3689 5480 tradi.-

2174 5503 2251 5556 dit
2291 5503 2410 5555 illos
2451 5501 2592 5553 Deus
2622 5500 2671 5551 in
2705 5496 2976 5571 passiones
3024 5492 3356 5561 ignominize;
3405 5491 3520 5541 item
3560 5481 3690 5549 pa:th

2173 5605 2289 5662 post
2319 5613 2329 5646 :
2359 5593 2426 5645 Et
2451 5591 2696 5665 quoniam
2732 5604 2834 5641 non
2869 5586 3223 5654 probaverunt
3265 5582 3427 5635 Deum
3456 5578 3626 5629 habere
3651 5573 3688 5620 in

2173 5684 2406 5736 notitiam
2440 5663 2691 5749 [notitia],
2731 5675 2942 5730 tradidit
2995 5673 3110 5727 illos
3163 5673 3300 5725 Deus
3350 5670 3399 5722 in
3446 5663 3690 5732 reprobftm
