3842 6226
173 315 264 369 (389

1315 312 1738 368 TllESAUl‘tUS.
1779 311 1928 365 CAP.
1962 312 2146 366 LXXI.

3266 311 3310 354 tu.
3334 314 3364 364 ι)

171 441 391 479 sensum.
441 426 574 481 Ecce
622 425 885 494 quomodo
917 438 1070 477 verus
1105 425 1237 475 Deus
1267 426 1514 490 etjnstus
1537 438 1707 476 exem-
1735 423 2110 492 Aadjungitur
2154 421 2312 490 hujus
2357 419 2563 478 sat-culi,
2629 420 2676 470 id
2716 429 2805 471 .cst
2858 419 3126 472 hom'nntu
3178 416 3362 482 impin-

170 527 245 570 eat
271 527 472 573 utentes
527 518 856 572 inﬁdelium?
896 516 1076 583 Neque
1117 516 1255 568 enim
1288 530 1515 581 unquam
1544 515 1592 566 in
1627 514 1707 565 his

168 614 394 680 Apostoli
425 612 592 667 verbis
614 626 730 678 qua:
757 609 1161 663 commemoravi
1189 649 1203 670 ,
1227 610 1358 661 alius
1388 608 1525 661 Deus
1556 609 1709 662 intel-

170 705 324 756 lectus
348 713 430 756 est
454 717 608 769 quam
637 703 725 754 ille
753 700 840 769 qui
865 700 1052 752 Filium
1077 714 1227 752 suum
1253 698 1668 751 tuisitdieentetn
1691 713 1705 750 :

167 792 214 842 lu
238 791 491 858 judicium
517 789 635 842 veni
663 789 713 841 in
743 789 880 842 hunc
904 788 1178 853 mundum,
1205 799 1259 839 ut
1281 788 1367 854 qui
1394 801 1495 841 non
1526 786 1709 840 vident

167 883 386 934 videant.
419 888 471 932 et
500 881 587 947 qui
618 878 796 931 vident
822 878 946 930 caeci
980 878 1122 930 ﬁant.
1155 861 1302 929 'Nam
1351 887 1398 929 et
1452 876 1536 929 hic
1581 877 1709 928 satis

165 982 372 1036 apparet
415 969 679 1022 mentibus
725 968 978 1032 ﬁdelium,
1011 967 1274 1036 quomodo
1305 965 1440 1018 Deus
1469 974 1704 1031 excaeeet

165 1069 361 1113 tuentes
391 1060 701 1112 inﬁdelium.
733 1058 989 1112 Prtecetlit
1026 1058 1166 1112 enim
1211 1055 1406 1124 aliquid
1443 1056 1706 1109 occultum

165 1155 209 1204 in
236 1151 477 1214 occultis,
509 1151 592 1203 ttbi
623 1151 759 1203 Deus
787 1151 892 1218 agit
931 1148 1093 1219 [agat]
1116 1149 1464 1217 justissimum
1485 1162 1706 1201 examen

163 1240 331 1307 iudicii
361 1242 464 1306 sui,
491 1249 546 1292 ut
574 1239 914 1306 quorumdam
962 1249 1162 1291 mentes
1192 1245 1548 1301 exczecentur,
1578 1252 1705 1304 quo-

163 1330 396 1381 tnnidam
455 1328 828 1389 illntnineutur,
875 1327 956 1380 cui
1007 1328 1280 1380 verissime
1323 1327 1518 1378 dictum
1572 1335 1703 1379 est:

161 1419 355 1471 Judaeia
387 1429 470 1470 tua
498 1419 718 1486 ahyssus
745 1417 924 1481 multa,
957 1416 1106 1484 cujus
1132 1415 1502 1482 profunditatis
1541 1416 1705 1482 impe-

163 1508 470 1560 uetrabilem
515 1507 842 1560 altitudinem
885 1505 1160 1570 Apostolus
1207 1505 1494 1558 admiratus
1532 1505 1704 1558 exelu-

161 1612 265 1652 ntat
312 1618 323 1650 :
367 1601 410 1653 0
448 1600 666 1652 altitudo
710 1598 1005 1651 divitiarum
1049 1598 1323 1665 sapientia:
1371 1607 1422 1650 et
1469 1597 1704 1652 scientia:

162 1690 271 1748 Dei.
306 1705 460 1757 quam
504 1688 859 1742 inscrutabilia
903 1699 1024 1740 sunt
1067 1687 1258 1753 judicia
1299 1690 1432 1754 ejus,
1462 1697 1562 1742 etc.
1595 1687 1702 1742 Vos

1812 528 1950 575 rum,
2001 528 2103 564 non
2135 514 2232 564 nisi
2273 511 2322 563 iu
2367 511 2464 562 hoc
2506 512 2698 561 sarculo
2744 510 2934 561 florere
2965 509 3254 561 volentium
3283 523 3362 557 se-

1808 602 2036 654 cundum
2067 601 2202 668 quod
2233 601 2438 653 dicitur.
2477 609 2529 650 et
2573 598 2765 648 malum
2807 612 3016 658 serum,
3057 597 3194 647 sicut
3238 596 3363 645 scrt-

1814 697 1956 757 ptum
1982 700 2061 745 tst
2085 731 2099 754 ,
2131 700 2188 742 ut
2216 690 2472 742 eximeret
2505 703 2598 739 nos
2626 686 2690 739 ile
2721 687 2962 753 prtese'nti
2993 685 3189 738 su'cttlo
3217 685 3362 735 ntali-

1809 793 1930 847 gno.
1982 779 2110 832 Tale
2149 779 2289 832 enim
2326 789 2408 830 est
2430 789 2482 830 et
2513 777 2637 828 illud
2668 794 2678 827 :
2711 779 2940 839 Quorum
2987 775 3122 827 Deus
3153 781 3360 835 venter,

1811 869 1909 921 nisi
1935 879 2076 923 esset
2102 870 2170 922 ibi
2202 883 2421 936 quorum
2455 869 2594 919 nullo
2630 867 2786 919 modo
2821 866 3039 928 diceret,
3077 867 3212 918 Deus
3237 882 3358 917 ven-

1813 969 1912 1019 ter,
1942 973 2037 1010 nec
2069 959 2119 1010 in
2173 957 2383 1010 Psaltno
2423 957 2678 1008 daemonia
2725 963 2942 1022 possent
2984 955 3053 1006 dii
3100 955 3350 1021 :tppclluti

1811 1047 1909 1100 nisi
1940 1047 2224 1099 adderetur
2248 1048 2481 1114 gentium
2512 1045 2790 1099 dmmnnia.
2816 1046 2902 1100 Sic
2931 1047 3068 1098 enim
3101 1044 3354 1111 scriptum

1809 1145 1925 1190 est:
1959 1137 2216 1202 Quoniam
2251 1137 2319 1188 d=i
2349 1137 2585 1204 gentium
2613 1135 2895 1188 dzeutonia.
2933 1136 3024 1187 llic
3055 1147 3228 1187 autem
3260 1149 3356 1186 nec

1811 1227 1948 1279 Deus
1980 1227 2131 1293 hujus
2159 1227 2360 1290 saeculi,
2385 1241 2489 1284 nec
2511 1241 2728 1293 quorum
2763 1226 2900 1278 Deus
2931 1235 3128 1290 venter,
3163 1240 3260 1276 nec
3285 1223 3355 1276 dii

1807 1318 2058 1384 gentium,
2089 1317 2180 1369 sed
2216 1317 2532 1383 simpliciter
2568 1315 2794 1382 positum
2835 1324 2934 1376 est,
2974 1315 3108 1366 Dens
3153 1325 3352 1381 tempe-

1808 1405 1940 1458 ravit
1967 1421 2176 1472 corpus,
2206 1407 2292 1473 qui
2320 1421 2423 1456 non
2456 1413 2626 1472 potest
2655 1405 2868 1472 intelligi
2895 1405 2991 1456 ttisi
3019 1403 3153 1456 Deus
3185 1418 3346 1454 verus

1807 1495 2042 1546 omnium
2073 1505 2295 1547 creator.
2330 1494 2418 1546 llla
2445 1493 2582 1546 enim
2612 1495 2727 1546 cuin
2759 1492 3135 1560 vituperatione
3165 1493 3348 1543 dicun-

1809 1593 1910 1646 tur,
1967 1583 2064 1636 hoe
2101 1593 2273 1635 autem
2316 1597 2434 1636 cum
2481 1583 2632 1634 laude
2669 1582 2860 1634 dictum
2912 1591 3023 1642 est;
3070 1581 3167 1632 nisi
3220 1580 3353 1632 forte.

1806 1676 1970 1730 Deum
2004 1687 2343 1744 temperasse.
2367 1688 2558 1742 corpus
2584 1689 2684 1726 non
2713 1673 3055 1740 dispositione
3086 1673 3350 1725 mcmhrn-

159 1789 330 1831 autcm
374 1792 474 1830 non
523 1779 708 1830 valetis
751 1777 956 1829 discere
1003 1776 1350 1847 [discernere]
1380 1779 1503 1844 quid
1552 1778 1708 1831 faciat
1737 1771 1781 1829 Β
1811 1787 1946 1834 rum,
1990 1773 2086 1822 hoc
2116 1781 2197 1824 est
2243 1769 2547 1823 fabricando
2583 1776 2634 1821 et
2663 1765 3034 1826 construendo,
3083 1763 3175 1816 sed
3217 1766 3350 1815 mix-

162 1870 298 1921 ltcus
328 1867 604 1930 beneﬁcio,
634 1865 757 1932 quid
798 1865 1016 1934 judicio,
1045 1865 1166 1934 quia
1209 1876 1262 1918 et
1306 1881 1333 1918 a
1365 1865 1526 1920 corde
1555 1877 1609 1919 et
1638 1870 1703 1920 ab

158 1981 248 2018 ore
280 1975 455 2017 vestro
484 1964 636 2032 longe
662 1973 752 2037 est,
771 1962 1071 2029 psalterium
1103 1970 1357 2026 nostrum,
1381 1961 1465 2015 ubi
1495 1961 1701 2016 dicitur:

160 2053 568 2108 Miseiicordiam
595 2061 648 2108 et
671 2052 921 2120 judicium
952 2053 1172 2105 cantabo
1210 2053 1324 2116 tibi,
1358 2053 1594 2106 Detuine.

647 2183 750 2253 55
793 2180 1012 2235 caenr
1055 2148 1216 2235 LxxI

161 2271 233 2325 De
265 2287 325 2324 eo
353 2271 488 2340 quod
516 2272 585 2323 ait
615 2272 745 2322 idem
776 2272 1075 2335 Apos'oms,
1111 2271 1242 2340 Deus
1273 2271 1564 2335 temperavit
1594 2286 1705 2322 cor-

227 2360 344 2409 pus,
366 2337 438 2393 rex
463 2342 630 2393 eodem
661 2340 790 2392 libro
819 2356 903 2392 χχι
936 2349 1106 2390 contra
1133 2337 1394 2392 Faustum.

232 2433 370 2484 Dicit
400 2431 680 2498 Apostolus
711 2449 722 2481 :
762 2431 896 2482 Deus
926 2431 1233 2496 temperavit
1261 2444 1470 2496 corpus,
1503 2438 1555 2481 et
1580 2427 1707 2482 dicit

162 2523 262 2574 iste
304 2522 421 2584 ὕλη,
450 2536 550 2586 non
582 2520 740 2574 Deus.
770 2519 902 2586 Quid
927 2517 1097 2587 aptius
1121 2517 1505 2589 [apertittsj'ltis
1531 2518 1705 2572 inimi-

155 2611 299 2664 citiis
329 2620 450 2662 ante
479 2611 874 2662 anathemantlis
904 2621 1058 2675 quam
1090 2607 1356 2661 refellendi
1386 2616 1507 2662 sunt
1529 2607 1706 2678 [quam

157 2696 508 2766 re'ellendis].
548 2697 803 2764 Numquid
834 2706 885 2750 et
916 2697 999 2748 hic
1027 2697 1308 2761 Apostolus
1327 2711 1442 2748 cum
1487 2695 1703 2763 diceret,

159 2788 325 2853 Deus,
350 2787 546 2840 addidit
576 2789 732 2852 hujus
760 2785 976 2838 Heruli?
1006 2784 1103 2839 Ubi
1133 2785 1286 2836 etiam
1311 2783 1354 2836 si
1384 2785 1501 2851 quis
1529 2786 1708 2839 diabo-

156 2879 267 2931 lum
313 2877 632 2931 intellexerit
672 2890 938 2930 exca-eare
981 2882 1182 2928 mentes
1235 2874 1546 2944 infidelium,
1601 2887 1704 2926 non

154 2982 426 3034 negamus
463 2967 614 3021 malis
656 2965 1007 3026 suasionibus,
1039 2964 1224 3032 quibus
1254 2965 1337 3032 qui
1375 2963 1707 3018 consentiunt

155 3056 379 3124 justitia:
426 3057 597 3109 lumen
631 3056 894 3118 amittunt,
950 3055 1053 3108 Deo
1088 3054 1405 3110 retribuente
1436 3055 1569 3123 quod
1592 3055 1706 3123 jus-

1808 1863 1950 1916 tione
1990 1862 2120 1915 lucis
2162 1863 2271 1915 sute
2315 1863 2534 1914 Faustus
2578 1859 2848 1927 intelligit,
2893 1867 2950 1910 ut
2987 1859 3184 1910 scilicet
3233 1857 3343 1908 lia-e

1809 1953 2039 2005 membra
2064 1952 2129 2002 ita
2156 1951 2397 2003 distincta
2425 1960 2476 2002 ct
2507 1949 2672 2001 loc'ata
2704 1948 2810 1999 suis
2835 1945 3046 1999 sedibus
3087 1945 3223 1997 alter
3249 1959 3348 2011 μου

1807 2041 1967 2094 suerit
2003 2041 2090 2108 qui
2121 2041 2218 2093 hoc
2249 2039 2534 2092 fabricavit.
2583 2039 2718 2092 Deus
2745 2049 2918 2091 autem
2958 2037 3224 2091 miscendo
3258 2037 3349 2089 lio-

1806 2133 2020 2186 nitatem
2051 2147 2217 2197 suam,
2249 2130 2403 2196 hujus
2433 2131 2642 2182 fabrica:
2671 2129 2920 2186 malitiam
2955 2128 3347 2190 temperaverit.

1807 2223 2023 2276 Talibus
2052 2223 2189 2275 enim
2222 2221 2411 2275 fabulis
2451 2220 2677 2288 pueriles
2705 2219 2903 2272 animas
2947 2217 3224 2279 hnhetant,
3254 2216 3348 2269 sed

1807 2328 1971 2380 neque
2004 2313 2102 2365 hoc
2123 2326 2214 2366 eos
2242 2311 2514 2378 possidere
2541 2310 2717 2381 [posse
2745 2309 2942 2376 dicere]
2973 2308 3207 2377 permisit
3228 2309 3347 2361 sub-

1806 2403 2022 2455 veniens
2067 2402 2204 2454 Deus
2251 2401 2478 2468 parvulis
2524 2414 2615 2466 per
2661 2413 2749 2451 ora
2799 2407 3120 2452 sanctorum.
3179 2395 3348 2448 llabes

1805 2491 1943 2544 enim
1971 2501 2024 2544 et
2054 2490 2207 2556 paulo
2233 2490 2491 2557 superius,
2531 2485 2663 2541 Deus
2691 2489 2862 2554 posuit
2891 2486 3121 2538 membra
3170 2487 3345 2552 singu-

1806 2580 1911 2632 lum
1950 2579 2193 2646 quodque
2233 2577 2455 2648 l[singula
2503 2573 2744 2645 qumque]
2792 2589 2975 2629 eorum
3024 2575 3077 2626 in
3125 2587 3346 2639 corpore

1806 2681 1962 2740 prout
1988 2673 2172 2723 voluit.
2205 2670 2334 2737 Quis
2361 2671 2464 2738 jam
2501 2684 2602 2722 non
2642 2667 2893 2734 intelligat
2931 2665 3214 2719 secundum
3247 2664 3344 2714 hoc

1806 2763 2001 2816 dictum
2044 2761 2206 2815 Deum
2251 2769 2654 2828 temperatorem
2693 2758 2928 2822 corporis
2957 2756 3074 2818 sui,
3107 2753 3243 2821 quod
3277 2767 3340 2804 ex

1805 2855 1984 2908 multis
2007 2852 2254 2907 membris
2277 2866 2467 2920 corpus
2495 2847 2789 2914 fabricavit,
2819 2846 2992 2900 ofﬁcia
3017 2846 3343 2899 diversorqu

1805 2961 2020 3016 operum
2051 2949 2102 3001 in
2130 2944 2344 3000 unitatis
2368 2957 2620 3012 compage
2649 2939 2993 2996 servantibus.

2356 3074 2576 3130 CAPUT
2625 3073 2804 3127 LXXI.
2859 3120 2863 3124 .

155 3155 268 3197 "'m
298 3154 402 3231 βίη·
451 3145 569 3197 “me
595 3143 769 3197 omni“
815 3144 1034 3213 Ιοεῖηιιιε
1073 3143 1122 3196 in
1155 3143 1440 3212 scripturis
1478 3132 1693 3198 επθίίδι
1726 3124 1772 3185 C
1805 3165 2052 3231 Exemplo
2089 3165 2301 3216 Abraha:
2329 3164 2536 3215 celantia
2575 3164 2837 3228 coniugem
2880 3159 3018 3231 docet
3045 3131 3109 3208 ut
3145 3156 3345 3231 quando

156 3229 378 3286 Namet
417 3233 537 3285 illud
568 3233 764 3286 dictum
805 3245 885 3286 est
924 3233 989 3286 de
1031 3232 1334 3286 seduetione
1376 3233 1727 3286 extrinsecus-

156 3327 453 3376 veniente:
487 3321 670 3376 Timeo
700 3336 764 3376 ne
793 3325 928 3375 sicut
956 3337 1173 3391 serpens
1213 3323 1368 3376 Evam
1409 3322 1614 3376 seduxit
1650 3323 1701 3377 in

152 3412 392 3465 Versutia
413 3427 525 3475 sua,
557 3413 624 3465 ita
654 3397 1056 3477 corrumpantur
1085 3422 1284 3467 mentes
1307 3421 1494 3468 vestra:
1521 3429 1548 3481 τε
1579 3413 1704 3466 sim-

150 3500 398 3564 plicitate
438 3509 491 3553 et
517 3502 759 3554 castitate
784 3517 899 3562 quae
943 3512 1021 3554 est.
1058 3503 1107 3554 in
1139 3503 1362 3556 Christo.
1403 3501 1495 3556 Cui
1532 3497 1704 3555 simile

150 3599 237 3640 est
272 3607 288 3640 :
323 3589 673 3656 Corrumpunt
720 3604 896 3642 mores
941 3589 1104 3643 bonos
1141 3591 1398 3658 colloquia
1447 3591 1598 3643 mala.
1640 3589 1706 3642 Et

152 3677 290 3730 illud
318 3677 458 3744 quod
490 3685 543 3728 et
569 3675 666 3728 sibi
711 3679 928 3744 quisque
970 3678 1216 3730 seductor
1259 3677 1365 3730 sit:
1393 3677 1487 3744 Qui
1526 3687 1702 3732 autem

145 3776 301 3832 putat
340 3780 458 3818 esse
483 3779 541 3818 se
568 3765 762 3833 aliquid
790 3779 910 3818 cum
941 3765 1068 3819 nihil
1100 3768 1187 3830 sit,
1219 3768 1445 3834 seipsum
1477 3766 1702 3829 seducit,

145 3870 199 3912 et
234 3857 372 3911 illud
406 3858 474 3910 de
503 3857 593 3909 Dei
622 3857 843 3910 vindicta
874 3857 1010 3924 quod
1051 3872 1202 3926 supra
1232 3859 1701 3911 commemoravit:

143 3951 404 4003 Tradidit
433 3949 551 4002 illos
583 3949 720 4001 Deus
750 3950 800 4001 in
833 3949 1109 4016 reprobum
1139 3965 1378 4015 sensum,
1430 3959 1484 4002 ut
1512 3950 1706 4004 fat-iant

143 4055 216 4103 qu
238 4056 268 4088 ιτ
306 4052 411 4088 non
445 4037 761 4089 conveniunt
788 4053 801 4088 :
834 4035 904 4090 ita
931 4045 985 4089 et
1020 4035 1070 4089 in
1105 4037 1371 4089 veteribus
1400 4037 1548 4090 libris
1577 4051 1698 4091 cum

141 4124 518 4203 praedixisset,
556 4123 692 4176 Deus
715 4132 935 4178 mortem
979 4138 1080 4177 non
1113 4123 1254 4188 fecit,
1283 4139 1378 4176 nec
1418 4124 1626 4176 laetatur
1653 4126 1703 4178 in

141 4215 455 4283 perditione
500 4215 772 4277 vivorum,
819 4215 974 4282 paqu
1035 4223 1190 4283 post:
1236 4215 1466 4278 Invidia,
1517 4215 1702 4282 inquit,

136 4306 350 4358 diaboli
384 4317 526 4356 mors
562 4303 773 4356 intravit
803 4305 856 4356 in
888 4304 1068 4356 orbein
1098 4312 1350 4357 terrarum
1376 4320 1390 4367 ;
1421 4313 1475 4358 et
1502 4318 1704 4369 rursus,

137 4394 212 4446 de
249 4395 369 4459 ipsa
395 4398 562 4444 morte
589 4404 656 4443 ne
684 4404 740 4443 se
770 4389 1006 4443 homines
1023 4401 1168 4444 extra
1196 4393 1399 4459 culpam
1424 4401 1702 4460 ponerent.

1873 3226 2016 3288 habet
2047 3235 2191 3286 homo
2218 3235 2351 3298 quod
2385 3233 2534 3298 faciat
2563 3247 2660 3284 non
2703 3226 2852 3282 tentet
2896 3228 3084 3289 Deum,
3122 3241 3183 3277 ex
3222 3226 3345 3277 libro

1875 3320 1986 3358 xxu
2012 3313 2184 3356 contra
2210 3301 2471 3354 Faustum.

1877 3417 2021 3469 Dicet
2046 3414 2259 3482 aliquis:
2291 3413 2394 3466 Cur
2421 3426 2522 3464 non
2553 3411 2722 3478 potius
2750 3409 2815 3464 de
2844 3410 2951 3461 Deo
2979 3424 3074 3459 suo
3105 3408 3170 3459 ita
3206 3422 3344 3475 pne-

1804 3506 2025 3572 sumpsit
2050 3502 2313 3556 Abraham
2338 3510 2392 3554 ut
2423 3500 2570 3554 fateri
2613 3515 2713 3553 non
2747 3499 2952 3552 timeret
2978 3499 3214 3551 uxorein.
3247 3497 3344 3549 be-

1772 3597 1773 3600 ‘
1804 3608 1906 3661 que
1935 3588 2220 3662 [nunquid]
2251 3589 2390 3644 enim
2424 3589 2562 3641 Deus
2610 3589 2676 3640 ab
2717 3587 2804 3640 illo
2834 3602 2936 3639 non
2969 3593 3173 3653 poterat
3204 3599 3344 3635 mor-

1805 3691 1909 3735 tem
1939 3680 2197 3748 repellere
2225 3693 2380 3747 quam
2423 3677 2660 3739 timebat,
2710 3690 2933 3742 eumque
2964 3690 3081 3728 cum
3123 3673 3346 3740 conjuge

1805 3773 1897 3829 sua
1942 3775 2007 3826 ab
2045 3772 2188 3825 omni
2219 3770 2449 3836 pernicie
2501 3769 2549 3821 in
2594 3768 2678 3821 ilia
2713 3767 3133 3835 peregrinatione
3164 3765 3339 3826 tutari,

1805 3871 1861 3915 ut
1903 3875 2000 3915 nec
2027 3875 2158 3914 uxor
2193 3859 2326 3926 ejus,
2352 3858 2584 3926 quamvis
2612 3865 2750 3910 esset
2779 3856 3147 3922 pulcherrima,
3179 3868 3344 3920 appcc

1807 3963 2004 4007 tere‘ur
2031 3952 2094 4004 ab
2116 3950 2310 4018 aliquo,
2341 3963 2438 4002 nec
2471 3958 2681 4014 propter
2708 3948 2867 4008 illam,
2894 3947 2978 4000 ille
3009 3945 3162 4016 [ipse]
3195 3959 3346 3998 neca-

1807 4042 1992 4096 retur?
2021 4041 2232 4093 Poterat
2265 4052 2392 4092 sane
2423 4038 2520 4089 hoc
2556 4036 2773 4090 efﬁcere
2804 4036 2962 4089 Deus.
3012 4034 3139 4100 Quis
3181 4037 3248 4087 ita
3279 4035 3346 4087 sit

1805 4130 2020 4184 demens
2052 4137 2108 4181 ut
2138 4130 2235 4181 hoc
2259 4129 2452 4196 neget?
2479 4125 2580 4179 Sed
2612 4127 2652 4179 si
2687 4127 3036 4192 interrogatus
3057 4126 3344 4187 Abraham,

1806 4220 1946 4272 illam
1993 4218 2234 4272 feminam
2275 4217 2528 4270 indicaret
2572 4214 2894 4286 [indicassut]
2943 4229 3178 4278 uxorem,
3221 4214 3348 4265 duas

1807 4324 1892 4362 res
1919 4308 2140 4362 tuendas
2160 4309 2510 4360 committeret
2542 4307 2665 4374 Deo,
2693 4315 2744 4358 et
2771 4319 2918 4357 suam
2941 4307 3118 4369 vitam,
3142 4314 3192 4357 et
3219 4320 3343 4357 eou-

1802 4399 1942 4468 jugis
1981 4399 2306 4466 pudicitiam.
2353 4398 2582 4451 Pertinet
2625 4407 2796 4450 autem
2827 4397 2890 4449 ad
2932 4411 3110 4448 sanam
3157 4395 3347 4449 doctri-

139 4481 262 4549 ltnp
290 4480 308 4532 i
342 4488 517 4533 autem
557 4480 800 4532 manibus
825 4487 879 4533 et
903 4480 1097 4544 verbis,
1124 4480 1313 4548 inquit,
1343 4480 1703 4533 accersierunt

1808 4503 1925 4540 natu
1957 4499 2013 4541 ut
2041 4488 2250 4554 quando
2278 4487 2432 4540 habet
2459 4487 2594 4554 quod
2639 4486 2792 4538 faciat-
2821 4486 2976 4539 homo
3015 4500 3114 4537 non
3147 4493 3372 4565 tentare

136 4573 296 4625 illam
325 4609 340 4631 ,
393 4579 444 4624 et
493 4569 854 4623 existimantes
901 4571 1042 4622 illam
1085 4572 1304 4625 amicam
1351 4572 1704 4628 defluxerunt.-

131 4661 289 4716 Alihi
322 4669 495 4712 autem
525 4675 539 4712 :
572 4659 712 4712 Bona
739 4667 795 4712 et
834 4659 990 4722 mala,
1030 4661 1132 4713 vita
1161 4669 1213 4714 et
1239 4675 1399 4724 mors,
1430 4661 1623 4715 divitiae
1651 4672 1704 4715 et

131 4755 441 4820 paupertas
471 4763 499 4800 a
529 4748 748 4800 Domino
777 4748 884 4801 Deo
912 4757 1054 4801 sunt.
1087 4749 1181 4803 llic
1217 4751 1506 4818 perturbati
1527 4751 1701 4804 homi-

132 4855 241 4894 nes
290 4852 400 4890 non
444 4837 757 4905 intelligunt,
803 4839 852 4891 in
898 4855 1002 4892 uno
1039 4841 1330 4911 eodemque
1359 4857 1519 4908 Opere
1566 4845 1700 4897 malo

132 4945 249 4981 non
311 4937 491 4996 postea
535 4937 890 4996 consequente
943 4930 1042 4982 alia
1086 4946 1203 4999 qua:
1264 4932 1532 4985 manifesta
1578 4934 1701 4997 erit,

129 5020 234 5072 sed
265 5017 499 5085 quadam
539 5019 790 5072 continuo
831 5020 1117 5073 comitante
1148 5021 1395 5085 vindicta,
1441 5024 1581 5076 aliud
1613 5039 1702 5075 ve-

130 5114 265 5162 nire
294 5107 367 5161 de
397 5109 590 5162 astutia
618 5110 908 5175 suadentis,
940 5111 1077 5163 aliud
1109 5111 1173 5164 de
1202 5111 1428 5178 nequitia
1455 5111 1700 5176 volentis,

128 5199 295 5251 aliud
341 5197 409 5250 de
448 5198 653 5265 justitia
698 5201 983 5265 paniculis.
1018 5197 1148 5254 Cum
1180 5201 1418 5254 diabolus
1447 5201 1695 5270 suggerit,

131 5289 317 5339 homo
340 5273 622 5350 consentit,
649 5287 783 5341 Deus
806 5287 1022 5343 deserit.
1051 5288 1303 5353 Quocirca
1333 5291 1384 5344 in
1410 5305 1567 5357 opere
1593 5306 1698 5344 ma-

128 5379 218 5434 lo,
269 5374 328 5426 id
370 5384 452 5428 est
478 5379 831 5431 exemeatione
860 5379 1178 5443 inﬁdelium,
1225 5380 1267 5433 si
1298 5380 1618 5446 intelligatur
1647 5391 1700 5434 et

119 5463 397 5516 diabolus
425 5455 636 5531 propter
655 5467 905 5534 suadendi
929 5467 1325 5536 malignitatem,
1344 5481 1398 5522 ut
1421 5471 1496 5525 sic
1515 5473 1698 5524 distin-

123 5563 346 5622 guatur
375 5551 512 5606 Deus
531 5554 692 5622 hujus
722 5556 899 5610 sazculi
920 5597 934 5622 ,
985 5557 1088 5609 rion
1130 5558 1257 5610 mihi
1287 5559 1490 5612 videtur
1519 5560 1700 5614 absur-

121 5643 294 5697 dum.
329 5640 506 5710 Neque
534 5644 670 5698 enim
694 5645 806 5700 sine
837 5645 1193 5702 additamento
1216 5647 1401 5703 dicitur
1425 5649 1558 5704 Deus
1583 5667 1696 5704 eum

1805 4577 2014 4649 [tentet]
2046 4577 2321 4630 Dominum
2356 4577 2516 4629 Deum
2558 4592 2728 4628 suum.
2772 4578 2947 4643 Neque
2990 4576 3127 4628 enim
3161 4585 3206 4626 et
3239 4573 3348 4637 ipse

1811 4667 2053 4722 Salvator
2091 4683 2192 4720 non
2241 4675 2442 4734 poterat
2474 4667 2605 4717 tueri
2645 4665 2929 4731 discipulos
2968 4678 3110 4726 suos,
3162 4663 3348 4728 quibus

1805 4766 1978 4810 tamen
2026 4757 2100 4808 ait
2127 4773 2139 4807 :
2175 4757 2227 4808 Si
2262 4769 2353 4808 vos
2386 4756 2641 4821 persecuti
2674 4755 2865 4807 fuerint
2904 4755 2955 4806 in
2987 4768 3085 4805 una
3114 4753 3348 4813 civitate,

1802 4844 1967 4911 fugite
1993 4844 2042 4896 in
2073 4844 2260 4905 al'aut;
2291 4845 2437 4907 cujus
2467 4843 2540 4895 rei
2591 4843 2734 4908 prior
2770 4841 3072 4908 exemplum
3104 4841 3344 4908 prurhuit.

1807 4934 1935 4986 Nam
1988 4949 2105 4986 cum
2185 4943 2490 4996 po:estateut
2549 4933 2765 4985 haberet
2832 4932 3055 5000 ponendi
3119 4932 3347 4984 animant

1803 5038 1976 5088 Suam,
2006 5038 2102 5076 nec
2124 5040 2239 5076 eam
2266 5032 2482 5091 poneret
2507 5025 2605 5076 nisi
2633 5037 2751 5075 cum
2776 5024 2947 5086 vellet,
2982 5025 3034 5074 iu
3064 5021 3348 5088 Egypturn

1805 5123 1977 5167 tamen
2028 5114 2195 5166 infans
2243 5114 2569 5180 portantibus
2631 5113 2935 5180 parentibus
2989 5114 3116 5177 fugit
3147 5129 3159 5163 :
3191 5122 3243 5163 et
3284 5114 3349 5165 ad

1803 5203 1940 5254 diem
1984 5203 2169 5256 festum
2217 5219 2319 5254 non
2356 5204 2645 5266 evidenter,
2695 5202 2784 5255 sed
2827 5204 3046 5254 latenter
3091 5201 3348 5264 ascendit,

1803 5304 1919 5342 cum
1947 5291 2075 5342 alias
2105 5292 2273 5358 palam
2320 5292 2620 5357 loqueretur
2650 5290 2846 5344 Judmis
2886 5291 3249 5356 irascentibus,
3296 5301 3348 5344 et

1807 5378 2168 5432 inimicissimo
2204 5379 2378 5431 animo
2416 5381 2746 5432 audientibus
2788 5395 2884 5434 nec
2913 5391 3083 5432 tamen
3124 5379 3345 5433 valenti-

1806 5470 1901 5522 bus
1946 5471 1994 5522 in
2037 5486 2154 5523 eum
2195 5472 2403 5523 mittere
2449 5485 2656 5534 manus,
2704 5472 2823 5538 quia
2867 5471 3093 5523 nonduin
3135 5481 3348 5523 veni-rat

1808 5565 1931 5616 hora
1979 5565 2124 5632 ejus,
2174 5582 2275 5618 non
2329 5565 2477 5632 cujus
2523 5567 2664 5617 llOf‘Lll
2711 5565 3022 5619 necessitate
3073 5574 3348 5632 cogeretur

1807 5656 1955 5719 tueri,
1995 5656 2086 5710 sed
2127 5654 2274 5722 cujus
2317 5654 2457 5709 hora:
2495 5655 2880 5723 opportunitate
2924 5653 3223 5723 dignaretur
3259 5665 3347 5708 oc-
