3886 6224
611 321 704 378 691
1646 325 1706 381 D.
1752 324 2064 382 ECCYPP"
2106 321 2387 380 ABBA’I’lS
2427 323 2741 382 AFRICANI
3719 324 3795 382 592

607 439 732 493 cirli.
761 439 858 506 Qui
890 455 1016 509 ergo
1045 441 1214 508 palam
1253 438 1493 496 docendo
1520 449 1574 496 et
1602 440 1873 512 arguendo
1902 450 1957 495 et
1984 449 2159 493 tamen
2189 440 2238 496 Α
2265 435 2386 504 quis
2423 437 2635 492 tandem
2680 439 2936 494 amaverit
2965 441 3017 494 in
3046 441 3298 512 operibus
3326 440 3557 512 justiti:
3599 441 3799 496 laborem

611 530 940 584 inimicorum
971 531 1167 585 rabiem
1197 531 1378 601 valere
1400 532 1451 585 in
1483 544 1543 586 se
1563 529 1762 601 aliquid
1789 545 1892 585 non
1916 529 2162 594 sinendo,
2264 528 2534 584 actionum
2563 539 2720 598 atque
2749 533 3095 601 passionum?
3120 535 3244 605 quis
3269 550 3392 590 eam
3417 537 3588 588 vitam
3621 547 3801 602 propter

611 619 702 672 Dei
726 621 1117 674 demonstrabat
1145 630 1483 690 potestatem,
1533 622 1671 676 idem
1705 631 1882 676 tamen
1914 620 2164 690 fugiendo
2264 620 2495 686 seipsam
2525 622 2856 689 expetiverit,
2897 624 3034 677 sicut
3082 639 3180 679 ore
3208 625 3376 680 Iacob
3414 626 3593 689 Liam,
3635 626 3717 679 sed
3743 637 3799 675 la-

607 717 660 761 et
692 711 898 763 latendo
923 711 954 763 li
994 711 1152 765 minis
1181 713 1493 767 ostendebat
1515 711 1854 786 [instruebat]
1886 711 2169 765 infirmita-
2268 722 2396 761 mea
2417 707 2518 762 sibi
2563 721 2718 764 nocte
2744 717 3074 779 suppositam
3107 714 3158 766 in
3189 730 3341 768 suum
3379 716 3677 784 generandi
3714 728 3800 767 an-

607 805 743 859 tem,
764 815 825 852 ne
850 799 951 872 [ut]
979 801 1142 855 Deum
1167 811 1372 856 tentare
1393 803 1582 856 audeat
1606 804 1817 872 quando
1845 803 2000 855 habet
2025 801 2162 870 quod
2267 799 2452 866 plexus
2492 807 2550 853 et
2592 799 2968 858 fecunditatem
2999 804 3116 871 ejus
3143 818 3398 874 espectus
3435 815 3542 860 est.
3588 807 3799 860 Dominus

611 888 788 952 faciat,
814 899 872 942 ut
901 891 1040 958 quod
1068 905 1259 947 cavere
1280 901 1492 961 oportet
1511 891 1719 947 evadat.
1743 891 1922 958 Neque
1945 893 2086 945 enim
2109 898 2165 945 et

605 981 874 1046 apustolus
903 981 1097 1035 Paulus
1126 983 1502 1053 desperaverat
1522 983 1852 1050 adjutorilm
1876 981 2166 1051 protectio-

605 1083 832 1138 ucmque
874 1070 1124 1137 divinam,
1160 1074 1420 1141 fidemque
1466 1071 1764 1140 perdiderat
1808 1073 2024 1142 quando
2071 1083 2166 1143 per

606 1174 815 1212 murum
847 1161 898 1213 in
925 1170 1101 1229 sporta
1128 1162 1420 1215 submissus
1455 1171 1558 1227 est,
1591 1171 1648 1217 ut
1676 1165 2009 1219 inimicorum
2053 1179 2166 1218 sna-‘-

607 1265 708 1305 nus
747 1252 1020 1318 effugeret.
1051 1253 1169 1307 Non
1197 1265 1333 1323 ergo
1372 1256 1425 1309 in
1460 1257 1625 1310 Deum
1658 1273 1763 1312 non
1792 1258 2061 1314 credendo
2087 1259 2166 1314 sie

607 1342 764 1413 fugit,
807 1344 896 1399 sed
930 1346 1090 1399 Deum
1142 1357 1349 1402 tentare
1380 1349 1664 1402 metuendo
1694 1349 1882 1422 [Deum
1916 1349 2164 1422 tentaret]

603 1432 651 1484 ei
681 1430 856 1500 fugere
883 1434 1155 1501 voluisset,
1183 1437 1410 1492 cum'sic
1438 1437 1620 1508 fugere
1651 1439 1926 1508 potuisset.

1143 1609 1370 1667 CAPUT
1407 1611 1612 1668 LXXII.

608 1698 744 1764 Quid
765 1715 928 1752 rerum
945 1701 1272 1778 ﬁgurarerinl
1297 1715 1517 1778 quatuor
1540 1703 1720 1762 uxores
1743 1706 1925 1778 Iacob,
1955 1727 2018 1764 ex
2046 1712 2161 1765 eod.

1127 1775 1212 1827 lib.
1244 1787 1418 1829 contra
1447 1774 1632 1831 Faust.

677 1879 924 1935 llel'utato
949 1883 1172 1940 crimine
1198 1887 1336 1954 quod
1367 1887 1599 1944 nefarius
1647 1899 1800 1946 error
1839 1893 2057 1962 obiecit,
2091 1895 2158 1950 de

601 1972 739 2027 libro
780 1984 837 2028 ut
877 1991 1155 2044 possumus
1197 1983 1569 2051 mysteriorum
1614 1997 1819 2041 secreta
1869 1991 2154 2060 rimemur,

604 2063 976 2134 pulsemusquc
1007 2069 1126 2122 fidei
1170 2071 1380 2139 pietate,
1417 2085 1474 2127 ut
1509 2077 1660 2129 nobis
1686 2078 1956 2146 aperiatur
1984 2099 2011 2132 ει
2047 2080 2154 2134 Do-

603 2155 767 2218 mino,
801 2156 923 2219 quid
958 2173 1137 2214 rerum
1177 2159 1513 2231 lignraverint
1552 2176 1780 2235 quatuor
1818 2170 1933 2226 istae
1964 2180 2157 2229 uxores

600 2243 783 2308 Iacob.
828 2263 1047 2319 quarum
1093 2252 1212 2318 dum
1263 2255 1460 2320 liberm,
1505 2257 1624 2312 dum
1667 2260 1875 2315 ancilla
1921 2262 2153 2319 fuerunt;

600 2334 855 2392 Videmus
894 2341 1037 2395 enim
1065 2345 1374 2425 Apostolum
1409 2347 1466 2400 in
1494 2349 1662 2405 libera
1684 2360 1736 2405 et
1765 2352 1981 2422 ancilla,
2024 2362 2157 2425 quas

600 2423 788 2480 habuit
816 2426 1102 2493 Abraham,
1129 2417 1237 2485 duo
1267 2443 1578 2492 testamenta
1610 2440 1920 2511 intelligere.
2082 2444 2156 2500 ibi

598 2515 654 2603 in
697 2531 800 2570 una
827 2526 882 2571 et
909 2534 1012 2572 una
1040 2521 1245 2576 facilius
1274 2535 1490 2592 apparet
1514 2529 1655 2597 quod
1685 2531 1899 2603 dicitur,
1941 2533 2028 2589 bie
2056 2549 2153 2588 au-

599 2600 706 2658 tem
727 2606 848 2660 dum
877 2618 998 2662 sunt
1025 2618 1079 2665 et
1103 2612 1240 2674 duae,
1268 2614 1301 2667 d
1340 2615 1461 2671 inde
1482 2617 1550 2670 ibi
1564 2620 1779 2674 ’ancillae
1803 2600 1943 2676 filius
1971 2607 2154 2679 exirm-

599 2693 836 2761 rrdatur,
875 2698 962 2752 hic
991 2714 1117 2755 vero
1137 2690 1447 2758 ancillarum
1478 2705 1571 2760 lilii
1596 2709 1756 2763 simul
1782 2725 1903 2766 cum
1934 2711 2057 2767 aliis
2084 2713 2153 2767 li-

597 2783 844 2840 berarum
876 2797 1068 2842 terram
1111 2794 1538 2860 repromissionis
1566 2799 1860 2867 accipiunt,
1892 2802 2038 2857 unde
2067 2804 2156 2858 hic

599 2877 946 2943 proculdubio
993 2881 1137 2936 aliud
1188 2884 1388 2953 aliquid
1433 2887 1806 2961 significatur.
1840 2894 2155 2965 Quanquam

596 2965 738 3020 οηίιι.
778 2969 908 3024 duas
945 2971 1140 3026 liberas
1187 2987 1385 3031 uxores
1417 2978 1584 3035 Iacob
1619 2982 1684 3037 ad
1713 2983 1916 3037 Novum
1963 2985 2154 3040 Testa-
2183 2993 2188 2998 '

597 3066 857 3140 mentum,
883 3076 991 3131 quo
1020 3063 1070 3117 in
1105 3065 1404 3123 libertatem
1427 3073 1599 3125 vocati
1626 3087 1835 3141 sumus,
1856 3076 2153 3134 existimem

2264 891 2405 944 enim
2433 905 2551 945 eam
2576 892 2695 961 quia
2725 908 2819 963 per
2839 895 3069 960 seipsarn
3100 895 3245 964 diligi
3272 911 3376 950 non
3407 907 3638 963 poterat,
3666 899 3799 965 primo

2264 990 2324 1035 ut
2368 981 2434 1035 ad
2482 981 2681 1038 Rachel
2718 988 3113 1053 perveniretur
3156 988 3373 1042 tolerari
3425 989 3578 1042 fecit.
3636 989 3799 1042 Deinde

2266 1082 2482 1141 propter
2526 1074 2664 1128 lilioe
2709 1077 3122 1133 commendavit.
3168 1079 3242 1132 lta
3283 1094 3414 1134 vero
3467 1083 3798 1150 unusquisque

2264 1162 2410 1217 utilis
2442 1164 2533 1218 Dei
2572 1179 2756 1220 seruus
2792 1167 2893 1221 seb
2931 1168 3280 1224 dealbationis
3316 1182 3661 1239 peccatorum
3701 1190 3795 1228 suo-

2265 1266 2383 1306 rum
2429 1254 2593 1323 gratia
2633 1256 2984 1323 constitutus,
3029 1260 3154 1327 quid
3197 1259 3341 1314 aliud
3384 1263 3444 1316 in
3471 1277 3570 1316 sua
3611 1280 3798 1319 cluna-

2255 1343 2416 1397 sione
2471 1345 2752 1401 meditatus
2801 1348 2921 1402 esti
2971 1350 3097 1417 quid
3153 1351 3294 1405 aliud
3343 1353 3512 1408 corde
3565 1357 3796 1422 gestavit?

2265 1432 2396 1501 quid
2418 1433 2561 1487 aliud
2587 1436 2855 1491 adamavit
2877 1439 2978 1493 nisi
3003 1441 3299 1494 dortrinern
3321 1443 3638 1506 sapientia?
3656 1445 3791 1509 Quare

2266 1522 2509 1592 plerique
2532 1537 2595 1577 se
2615 1526 2902 1594 adepturus
2924 1539 2978 1582 et
2996 1515 3340 1598 percepturos
3361 1543 3554 1600 putant
3570 1536 3728 1587 statim
3751 1547 3793 1587 ut

2264 1620 2325 1666 se'
2351 1613 2402 1666 in
2431 1624 2634 1684 septem
2664 1619 2943 1687 preceptis
2973 1621 3106 1691 legis
3131 1625 3473 1685 exercuerim
3498 1663 3516 1692 ,
3547 1640 3662 1694 qua:
3692 1637 3792 1678 sust

2265 1701 2334 1757 de
2360 1703 2646 1761 dilectione
2666 1711 2914 1777 proximi,
2941 1727 3006 1765 ne
3032 1712 3277 1782 cuiquam
3307 1715 3510 1776 homini
3546 1729 3786 1782 noceatur,

2195 1793 2243 1855 Β
2269 1795 2323 1849 id
2349 1805 2452 1864 est,
2489 1799 2697 1854 llonora
2733 1809 2931 1867 patrem
2956 1813 3010 1857 et
3033 1814 3276 1870 matrem,
3306 1806 3420 1860 ﬂon
3452 1809 3788 1872 nimisab-ris.

2260 1886 2374 1942 Non
2425 1891 2656 1956 occides,
2696 1892 2812 1948 Non
2856 1893 3133 1960 furabcris,
3186 1895 3298 1951 Non
3359 1898 3554 1955 falsum
3593 1903 3789 1954 testimo-

2260 1991 2404 2032 nnm
2435 1977 2606 2046 dices,
2648 1980 2764 2035 Non
2803 1984 3150 2049 concupisces
3192 1999 3413 2041 uxorem
3456 1991 3679 2057 proximi
3710 1991 3783 2044 tui.

2259 2067 2466 2148 Quibus
2513 2077 2768 2139 quantum
2819 2075 3050 2138 potuerit
3096 2075 3430 2143 obseratis,
3483 2089 3786 2147 postea?!“

2231 2207 2234 2210 .
2260 2157 2462 2212 homini
2487 2175 2582 2226 pro
2603 2161 2883 2229 evincupita
2902 2174 2956 2217 et
2975 2167 3184 2231 alteram
3209 2166 3564 2232 pulcherrima
3587 2169 3785 2223 delecta-

2258 2245 2404 2327 tinne
2433 2249 2692 2303 doctrina:
2721 2265 2816 2320 per
2844 2250 3168 2327 tentationes
3192 2248 3388 2319 varias,
3419 2258 3570 2326 quasi
3599 2273 3686 2327 per
3710 2259 3786 2312 he-

2251 2323 2338 2403 jus
2359 2336 2538 2391 saeculi
2562 2315 2795 2404 nocte,
2821 2315 3099 2396 to‘erantia
3128 2341 3323 2399 laboris
3345 2315 3646 2410 πἰιιίεοαιὶ.
3670 2347 3786 2401 velut

2257 2440 2359 2494 pro
2382 2426 2580 2486 Rachel
2610 2428 2702 2484 Lia
2725 2430 2992 2499 inopinata
3021 2432 3304 2503 conjuncta
3331 2435 3425 2501 sit,
3453 2446 3510 2506 et
3533 2437 3664 2492 haec
3683 2454 3784 2492 sas-

2255 2517 2390 2570 tinet
2429 2528 2487 2571 ut
2514 2518 2582 2571 ad
2613 2518 2759 2572 illam
2803 2523 3077 2589 perveniat
3111 2523 3162 2577 si
3204 2509 3609 2593 perseverater
3646 2538 3783 2588 auat.

2253 2608 2491 2677 acceptis
2519 2605 2642 2664 aliis
2677 2619 2880 2677 septem
2928 2615 3245 2683 praceptis.
3281 2632 3354 2672 ac
3385 2619 3434 2673 si
3472 2622 3522 2672 ei
3559 2619 3782 2674 dicatur:

2255 2696 2410 2752 Servi
2435 2698 2568 2753 alios
2598 2709 2801 2769 neptem
2832 2715 3002 2758 annos
3041 2717 3137 2772 pro
3166 2703 3369 2761 Baebel
3388 2745 3404 2766 .
3438 2717 3496 2762 ut
3522 2708 3590 2762 sit
3616 2722 3782 2773 palpet

2240 2789 2467 2859 spiritu,
2493 2791 2661 2856 mitis,
2691 2792 2900 2862 lugens,
2921 2793 3183 2862 esuriens,
3212 2797 3504 2868 sitiensque
3528 2799 3777 2866 justitiam.

2253 2880 2594 2950 misericors,
2645 2882 2830 2936 mundi
2874 2884 3071 2949 cordis,
3125 2887 3403 2955 paciﬁcus.
3451 2888 3618 2944 Vellet
3660 2887 3777 2942 eain

2253 2967 2440 3037 homo,
2461 2969 2506 3024 si
2532 2969 2645 3025 ﬁeri
2670 2979 2851 3038 posset
2873 2972 3000 3026 sine
3015 2971 3124 3027 ulla
3151 2973 3429 3029 tolerantia
3453 2975 3659 3039 laberis,
3684 2988 3779 3042 qua

2246 3061 2309 3129 in
2346 3062 2559 3129 agendo
2597 3059 2951 3131 patiendoque
2997 3064 3364 3133 amplectenda
3400 3063 3784 3138 [amplectenda]

595 3138 889 3217 pertinere,
928 3167 1030 3208 non
1074 3162 1247 3211 tamen
1299 3158 1494 3215 frustra
1523 3161 1643 3217 dum
1687 3138 1832 3231 sunt,
1873 3166 1975 3222 nisi
2011 3165 2150 3224 forte

2255 3157 2360 3217 est,
2390 3149 2568 3204 statim
2595 3152 2659 3203 ad
2691 3151 2925 3220 pulchra:
2948 3163 3107 3221 atque
3146 3154 3390 3222 perfecte
3416 3171 3511 3226 sap
3530 3158 3676 3211 entia
3693 3154 3775 3207 dc-

595 3241 736 3308 qued
767 3239 912 3313 [quia
960 3243 1011 3298 id
1053 3245 1219 3318 quod]
1249 3249 1300 3302 in
1335 3244 1622 3318 Scripturis
1668 3253 1875 3310 adverti
1912 3265 1970 3312 et
2003 3258 2150 3314 inve-

594 3328 696 3383 uiri
728 3338 920 3399 potest,
953 3333 1072 3387 duae
1101 3337 1222 3391 vita:
1264 3339 1418 3394 nobis
1447 3342 1498 3395 in
1528 3343 1722 3398 Christi
1753 3360 1983 3416 corpore
2016 3349 2151 3417 prie-

594 3420 877 3478 dicantur:
910 3432 1367 3498 una-temporalis
1413 3433 1466 3487 in
1514 3451 1617 3503 qua
1665 3436 2006 3506 laboramus;
2048 3442 2149 3496 alia

593 3521 826 3580 aeterna,
875 3515 932 3570 in
981 3533 1082 3588 qua
1135 3520 1540 3579 delectationem
1597 3527 1689 3581 Dei
1727 3532 2155 3600 contemplemur

596 3605 1136 3682 [contemplabimuri
1187 3614 1346 3668 Istam
1403 3617 1655 3673 Dominus
1698 3622 1964 3689 passione,
2005 3625 2154 3678 illam

595 3700 985 3755 resurrectione
1011 3703 1319 3760 declaravit.
1361 3709 1663 3764 Adrnonent
1708 3709 1804 3766 nos
1842 3714 1906 3765 ad
1938 3716 2041 3769 hoc
2072 3717 2152 3769 in-

591 3789 936 3858 telligendum
965 3793 1177 3849 illarum
1221 3796 1380 3851 etiam
1421 3802 1631 3853 nomint
1672 3800 2010 3859 feminarum.
2066 3807 2152 3860 Di-

594 3889 724 3935 cunt
761 3881 904 3934 enim
928 3883 1070 3951 quod
1099 3884 1190 3938 Lia
1224 3886 1600 3956 interpretetur
1627 3891 1916 3959 Laborans,
1953 3895 2150 3950 Rachel

595 3981 771 4026 autem
802 3972 985 4027 Visum
1017 3974 1361 4046 principium,
1394 3980 1506 4034 sive
1533 3981 1754 4035 verbum
1785 3998 1846 4037 es
1872 4000 1979 4053 quo
2007 3985 2153 4039 vide-

595 4069 682 4116 utr
710 4065 1044 4132 principium.
1089 4067 1243 4122 Actio
1274 4084 1401 4139 ergo
1430 4071 1674 4149 humanm
1710 4076 2153 4146 mortalitatisqim

597 4150 982 4224 [mortalisque]
1013 4157 1153 4221 vitae,
1175 4159 1230 4212 in
1259 4175 1358 4226 qua
1391 4163 1614 4217 vivimus
1644 4179 1712 4217 ex
1755 4165 1858 4220 fide
1884 4168 2046 4220 multa
2077 4168 2152 4220 Ia-

594 4242 812 4296 bor'rosa
850 4257 1012 4310 opera
1059 4244 1338 4316 facientes,
1385 4249 1571 4305 incerti
1619 4268 1724 4321 quo
1762 4255 1906 4309 exitu
1959 4270 2150 4324 prove-

596 4331 746 4384 niant
782 4333 847 4386 ad
894 4334 1178 4390 utilitatem
1196 4351 1402 4392 eorum
1442 4343 1635 4409 quibus
1679 4347 1960 4400 consulere
2005 4348 2153 4402 volu-

596 4439 715 4478 mus
736 4465 753 4490 ,
785 4427 895 4495 ipsa
923 4436 1008 4482 est
1049 4429 1142 4483 Lia
1174 4431 1317 4498 prior
1341 4448 1475 4486 uxor
1500 4435 1696 4500 Iacob,
1737 4453 1800 4491 ac
1839 4454 1932 4504 per
1961 4440 2062 4494 hoc
2099 4451 2154 4496 et

2253 3247 2404 3304 licias
2430 3243 2742 3318 pervenire,
2763 3249 2880 3304 sed
2925 3252 3032 3306 hoc
3068 3267 3172 3306 non
3220 3263 3397 3320 potest
3431 3256 3488 3308 is
3526 3265 3654 3309 terra
3678 3266 3777 3305 I0-

2253 3339 2526 3407 rieutium.
2562 3340 2672 3395 [loc
2702 3341 2844 3395 enim
2872 3342 3080 3397 videtur
3109 3345 3411 3413 signiﬁcare
3445 3346 3579 3416 quod
3606 3345 3774 3398 dictu

2238 3438 2338 3483 est
2367 3429 2437 3482 ad
2461 3428 2650 3482 Iacob:
2679 3429 2790 3483 Non
2813 3440 2895 3484 est
2920 3432 3082 3485 moris
3104 3433 3155 3486 in
3181 3433 3301 3486 loco
3328 3445 3532 3498 nostro.
3555 3445 3612 3488 ut
3631 3435 3776 3487 miser

2253 3518 2420 3572 nubat
2446 3520 2751 3588 priusquam
2777 3519 2966 3588 major,
2989 3521 3111 3588 quia
3143 3539 3248 3576 non
3269 3524 3501 3580 absurde
3528 3526 3772 3591 maiorap-

2257 3610 2507 3678 pellatur,
2535 3625 2654 3678 qua
2695 3619 2933 3680 tempore
2963 3614 3105 3679 prior
3125 3621 3228 3667 est.
3271 3614 3424 3668 Prior
3450 3624 3532 3669 est
3555 3623 3714 3668 autem
3733 3613 3773 3662 is

2257 3707 2402 3753 recte
2434 3698 2669 3771 hominis
2703 3699 3002 3754 eruditione
3047 3701 3198 3754 labor
3233 3705 3490 3768 operandi
3519 3719 3628 3771 que
3657 3704 3772 3768 justa

2252 3796 2395 3855 sunt,
2423 3759 2578 3856 quam
2609 3787 2852 3856 voluptas
2883 3790 3201 3857 intelligendi
3239 3759 3356 3858 qua:
3386 3796 3510 3848 sera
3703 3790 3768 3843 Ad

2254 3879 2356 3932 hoc
2377 3879 2518 3933 valet
2543 3879 2681 3947 quod
2711 3880 2962 3946 scriptum
2986 3889 3108 3933 est:
3141 3879 3448 3950 Concupiin
3475 3882 3767 3950 sapientiam.

2256 3982 2414 4024 serva
2443 3969 2711 4034 mandata,
2743 3981 2797 4025 et
2827 3970 3080 4025 Dominus
3118 3973 3316 4039 prabet
3346 3974 3492 4028 illam
3516 3975 3619 4028 tibi.
3647 3973 3770 4027 Iau-

2252 4059 2374 4112 data
2413 4059 2592 4127 utique
2622 4058 2860 4130 [quippe]
2893 4061 2957 4112 ad
2985 4061 3242 4129 justitiam
3276 4065 3519 4128 pertinen
3544 4065 3584 4117 ia
3604 4102 3616 4126 ,
3639 4062 3769 4130 justi-

2262 4151 2388 4205 tiam
2419 4158 2596 4204 autem
2628 4166 2746 4221 qua:
2772 4167 2834 4205 ex
2867 4153 2968 4206 fide
2995 4162 3078 4207 est
3100 4193 3116 4216 ,
3144 4169 3262 4222 qua
3297 4155 3440 4209 inter
3468 4157 3770 4225 tentatiuamu

2252 4243 2452 4297 incerta
2486 4254 2746 4308 versatur,
2777 4253 2834 4298 ut
2859 4246 2946 4314 pie
2973 4246 3237 4300 credendo
3265 4248 3409 4316 quod
3457 4247 3668 4304 nondum
3708 4246 3769 4296 in-

2251 4332 2440 4400 telligit
2485 4332 2644 4386 etiam
2699 4335 3060 4403 intelligentiae
3111 4337 3363 4391 meritum
3435 4347 3765 4407 consequatur.

2251 4423 2516 4502 Quantum
2551 4425 2692 4478 enim
2735 4427 2876 4480 valet
2901 4427 3041 4515 quod
3071 4429 3228 4482 modo
3251 4431 3645 4485 commemoravi
3672 4441 3768 4482 ωε

599 4516 827 4572 inﬁrmis
858 4522 1026 4574 oculis
1067 4521 1233 4577 fuisse
1275 4537 1739 4581 commemoratur.
1789 4529 2151 4598 Cogitationes

2254 4515 2507 4582 scriptum
2538 4533 2550 4566 :
2577 4515 2885 4584 Concupisti
2931 4518 3281 4584 sapientiam,
3327 4535 3482 4574 serva
3531 4520 3760 4575 manda”.

596 4610 739 4662 enim
771 4611 1069 4665 mortalium
1109 4611 1309 4669 timida:
1333 4624 1392 4669 et
1420 4619 1524 4688 56
1552 4620 1764 4674 incerta:
1807 4623 2150 4689 providentize

598 4706 813 4762 nostrae,
843 4715 963 4768 spes
996 4718 1124 4758 vero
1151 4717 1366 4760 aeterne
1407 4710 1865 4776 contemplationis
1911 4714 2001 4769 Dei
2051 4717 2150 4769 ba-

597 4787 732 4842 bens
761 4797 958 4843 certam
984 4801 1038 4846 et
1065 4793 1430 4850 delectabilem
1475 4797 1876 4870 intelligentiam
1914 4798 2151 4860 veritatis

598 4881 710 4948 ipsa
758 4888 842 4934 est
878 4872 1093 4939 Rachel.
1129 4885 1278 4941 Unde
1317 4889 1478 4942 etiam
1522 4890 1716 4944 dicitur
1756 4893 1890 4947 bona
1936 4897 2069 4951 facie
2097 4907 2154 4952 et

598 4974 815 5039 pulchra
847 4977 1053 5042 specie.
1103 4977 1238 5034 banc
1264 4981 1409 5034 enim
1451 4991 1594 5036 amat
1619 4986 1792 5039 omnis
1823 4988 1905 5052 pie
1945 4992 2149 5045 studio-

597 5075 709 5126 sus,
741 5073 794 5118 et
819 5074 1035 5132 propter
1062 5065 1197 5120 lianc
1222 5070 1389 5123 servit
1415 5072 1603 5139 gratim
1650 5074 1762 5139 Dei,
1792 5091 1894 5144 qua
1936 5089 2152 5144 peccata

599 5163 800 5217 nostra,
826 5164 879 5210 et
908 5156 952 5210 si
984 5156 1178 5210 fuerint
1204 5158 1337 5214 sicut
1359 5161 1604 5216 fmriicum
1635 5163 2003 5240 [Phaen'cium]
2033 5179 2152 5224 tan-

599 5259 756 5310 quam
789 5246 875 5298 nix
904 5248 1313 5304 dealbabuntur.
1346 5252 1523 5307 Laltan
1552 5257 1748 5324 quippe
1777 5258 2152 5327 interpretatur

598 5334 868 5389 dealbatio
898 5339 980 5390 rui
1011 5340 1232 5393 servit-it
1259 5340 1424 5395 Iacob
1456 5355 1668 5412 propter
1699 5346 1896 5402 Rachel
1931 5368 1944 5402 :
1977 5367 2151 5416 neque

595 5425 738 5479 enim
789 5440 848 5479 se
889 5428 1107 5496 quisque
1157 5433 1421 5486 convertit
1471 5435 1568 5487 sub
1611 5437 1778 5505 gratia
1823 5440 2153 5494 remissionis

596 5528 933 5585 peccatorum
979 5525 1179 5578 servire
1211 5523 1452 5591 justitia,
1486 5526 1583 5579 nisi
1614 5536 1672 5580 ut
1709 5530 1884 5596 quiete
1915 5532 2055 5584 vivat
2097 5534 2150 5586 in

602 5614 780 5675 verbo,
808 5630 872 5667 ex
901 5630 1009 5684 quo
1034 5616 1244 5672 videtur
1266 5620 1580 5688 principium
1605 5624 1744 5690 quod
1768 5635 1845 5678 est
1871 5625 2042 5691 Deus;
2073 5643 2152 5681 er-

598 5715 667 5769 go
695 5712 908 5769 propter
937 5705 1131 5761 llacbel
1165 5723 1266 5763 non
1299 5722 1514 5780 propter
1545 5711 1692 5766 Liam
1723 5714 1971 5771 servitur.
2017 5718 2148 5772 Nam

2255 4611 2310 4658 et
2333 4604 2582 4658 Dominus
2604 4606 2805 4672 prabet
2831 4606 2970 4659 illam
3002 4607 3092 4660 tibi
3117 4623 3130 4672 ;
3166 4618 3366 4661 tantum
3394 4617 3450 4662 et
3478 4610 3593 4663 illud
3621 4609 3765 4658 valere

2255 4693 2521 4747 arbitror:
2557 4693 2665 4746 Nisi
2698 4694 3051 4756 credideritis.
3081 4691 3188 4748 non
3218 4698 3542 4767 intelligetis,
3569 4707 3619 4750 ut
3639 4695 3764 4763 justio

2257 4784 2328 4836 tia
2358 4783 2422 4836 ad
2450 4783 2628 4850 fidem,
2674 4786 2740 4838 ad
2769 4786 3076 4853 sapientiam
3098 4802 3225 4840 vero
3255 4787 3594 4858 intelligentia
3631 4784 3762 4856 perti-

2256 4888 2385 4926 nere
2413 4873 2830 4932 demonstretur.
2883 4876 3104 4932 Proinde
3143 4879 3201 4932 in
3227 4879 3311 4933 his
3352 4883 3441 4949 qui
3475 4883 3670 4950 ﬂagrant
3703 4879 3763 4928 in.

2256 4965 2397 5033 genti
2427 4979 2608 5018 amore
2640 4965 2931 5034 perspicuae
2957 4969 3213 5034 veritatis,
3257 4985 3364 5023 non
3396 4982 3476 5024 est
3505 4969 3760 5037 improban-

2256 5054 2381 5108 dum
2430 5055 2682 5111 studium.
2725 5055 2816 5108 sed
2860 5056 2925 5108 ad
2971 5057 3210 5111 ordinem
3261 5062 3628 5118 revocandum.
3663 5066 3706 5110 ιιι
3735 5069 3755 5105 a

2257 5150 2361 5204 fide
2409 5151 2620 5219 incipiat
2670 5159 2723 5205 et
2771 5152 2922 5205 bonis
2969 5154 3205 5206 moribus
3256 5142 3497 5210 enitatur.
3529 5153 3756 5223 pervenire

2256 5257 2361 5309 quo
2388 5242 2612 5296 intendit
2638 5240 2869 5312 [tendit].
2905 5242 2959 5295 ln
2986 5259 3051 5297 eo
3073 5245 3263 5313 quippe
3293 5262 3401 5314 quo
3435 5256 3656 5300 versatur
3676 5244 3753 5293 vir-

2258 5342 2342 5387 tus
2368 5343 2449 5386 est
2477 5333 2757 5404 laboriosa.
2791 5333 2844 5385 in
2887 5333 2954 5386 eo
2977 5348 3104 5388 vero
3142 5335 3280 5402 quod
3324 5339 3518 5404 appetit
3545 5337 3752 5388 luminOSJ

2255 5403 2546 5490 sapientia;
2584 5423 2717 5488 Quid
2747 5438 2877 5489 opus
2905 5432 3013 5487 est,
3044 5424 3235 5493 inquit,
3285 5403 3501 5481 credere
3524 5425 3652 5496 quod
3674 5435 3751 5477 non

2254 5513 2384 5566 mihi
2411 5511 2744 5566 ostenditur?
2770 5511 3106 5565 manifestum
3135 5513 3352 5578 aliquod
3379 5516 3582 5571 verbum
3609 5523 3752 5580 prome

2253 5620 2358 5674 quo
2383 5605 2588 5659 vidcun
2612 5619 2787 5658 rerum
2814 5605 3048 5659 omnium
3080 5605 3418 5673 principium.
3449 5606 3501 5661 id
3527 5607 3655 5658 enim
3674 5608 3748 5662 αι.

2255 5695 2307 5749 in
2336 5695 2474 5765 quod
2503 5694 2737 5749 maxime
2763 5709 2824 5749 ac
2851 5694 3094 5764 primitus
3123 5694 3412 5751 inardescit
3435 5695 3626 5766 (inquit,
3645 5688 3751 5762 qui
