3842 6226
207 193 306 250 653

1297 179 1721 243 'I'IIAUBUS.
1755 179 1908 236 CAP.
1937 181 2163 237 LXXIII.

3279 175 3382 232 694

209 307 432 364 maxime
469 320 529 360 ac
555 306 798 374 primitus
826 299 1131 373 inardescit]
1159 301 1202 356 si
1227 302 1333 356 veri
1363 300 1630 354 studiosus
1659 303 1742 353 est
1770 296 1821 354 Λ
1843 295 1958 351 buit
1983 294 2224 348 ancillam
2253 292 2469 347 Rachel.
2501 292 2577 346 De
2606 292 3007 362 vetem-quippe
3029 294 3132 348 vita
3159 296 3387 350 carnali-

211 399 412 454 animus
440 396 729 450 rationalis.
761 395 856 448 Cui
889 393 1270 458 respondeatur
1299 407 1315 446 :
1354 391 1634 445 Pulchrum
1663 394 1746 441 est

211 489 414 557 quidem
445 488 582 555 quod
627 486 892 540 desideras
919 494 980 540 et
1016 484 1177 536 amari
1216 482 1606 551 dignissimum,
1651 477 1744 531 sed

203 579 352 647 prius
378 580 524 632 nubit
551 577 662 638 Lia,
694 586 748 628 et
777 587 950 650 postea
984 573 1198 627 Rachel.
1226 572 1396 626 Ardor
1417 586 1541 638 ergo
1563 569 1660 622 iste
1681 567 1746 620 ad

211 671 262 725 id
285 670 442 733 valet,
475 676 531 721 ut
550 665 680 720 ordo
705 680 806 718 non
838 675 1130 725 recusetur,
1158 666 1246 716 sed
1272 663 1443 730 potius
1471 660 1744 723 toleretur,

211 763 322 816 sine
349 774 456 827 quo
490 772 592 810 non
621 767 791 824 potest
820 755 884 808 ad
925 756 973 808 id
1005 753 1289 822 perveniri,
1327 749 1464 820 quod
1495 758 1640 802 tanto
1665 762 1750 801 ar-

212 851 338 901 dore
366 847 618 915 diligitur.
648 847 777 900 Cum
808 854 985 899 autem
1014 851 1326 912 perventum
1363 839 1521 893 fuerit
1541 878 1554 903 ,
1589 837 1748 890 simul

212 936 486 990 habebitur
515 937 565 989 in
597 937 695 989 hoc
720 935 931 995 saeculo,
974 948 1077 985 non
1108 931 1278 986 solum
1318 930 1552 997 speciosa
1596 927 1751 982 intel-

117 1071 122 1076 .
213 1024 466 1095 Iigeutia,
517 1024 611 1078 sed
656 1025 814 1078 etiam
874 1022 1133 1075 laboriosa
1179 1018 1401 1088 justitia.
1455 1017 1752 1084 Quamlibet

210 1116 354 1170 enim
381 1127 530 1170 caute
570 1111 764 1186 [acute]
808 1113 1186 1180 Sinceriterque
1225 1120 1467 1165 cernatur
1495 1124 1523 1161 a
1554 1120 1752 1160 morta-

214 1205 354 1259 libus
377 1204 802 1258 incommutabile
823 1203 1038 1266 bouum,
1066 1201 1238 1254 adhuc
1257 1201 1453 1262 corpus
1474 1197 1611 1265 quod
1637 1210 1756 1249 cor-

214 1297 475 1363 rumpitur
504 1302 750 1361 aggravat
783 1293 1032 1354 animam,
1064 1299 1118 1345 et
1142 1289 1388 1358 deprimit
1423 1297 1630 1342 terrena
1672 1288 1752 1340 in-

215 1385 469 1440 babitatio
504 1397 716 1438 sensum
757 1382 920 1436 multa
961 1380 1298 1447 cogitantem.
1331 1378 1408 1431 Ad
1437 1392 1595 1430 unum
1627 1389 1755 1451 ergo

215 1474 567 1537 tendendum,
613 1472 703 1526 sed
745 1481 957 1540 prepter
1007 1471 1104 1528 hoc
1151 1473 1314 1522 multa
1356 1467 1570 1521 ferenda
1612 1474 1753 1520 sunt.

1847 387 1947 440 bus
1987 384 2230 440 sensibus
2257 384 2430 437 dedita
2459 398 2729 451 corporea:
2758 384 3063 451 cogitantur
3088 385 3344 453 imagines
3367 423 3386 450 ,

1845 477 2001 530 etiam
2030 489 2149 529 cum
2179 472 2378 542 aliquid
2405 473 2469 527 dc
2505 473 2725 542 spiritali
2752 483 2803 527 et
2829 472 3240 540 incommutabili
3263 474 3388 528 sub-

1846 571 2034 623 stantia
2062 571 2348 624 diviuitatis
2375 571 2604 624 auditur.
2636 570 2868 638 Suscipit
2904 579 2957 624 et
2984 569 3074 623 Lia
3105 568 3173 624 de
3196 567 3390 623 ancilla

1849 676 1941 715 sua
1968 662 2116 726 ﬁlios,
2136 678 2314 718 amore
2338 663 2588 718 habendae
2615 660 2991 717 numerosioris
3019 660 3181 731 prolis
3203 675 3391 714 accen-

1847 763 1926 803 sa.
1963 752 2259 806 Invenimus
2289 761 2461 806 autem
2492 750 2742 821 Zelpham
2786 748 2902 819 ejus
2943 750 3185 804 ancillam
3209 745 3405 813 interi

1850 841 2068 906 pretari,
2109 842 2179 895 Os
2215 841 2408 904 hians;
2441 849 2760 908 quapropter
2791 841 2840 893 in
2873 839 3243 908 praedicatione
3272 837 3393 893 ﬁdei

1849 929 2186 997 evangelicae,
2226 944 2449 998 quorum
2475 945 2534 983 os
2559 929 2668 984 hiat
2700 939 2750 985 et
2795 944 2890 983 cor
2916 944 3020 984 non
3051 928 3163 983 hiat
3189 944 3310 982 cum
3340 929 3393 982 in

1850 1020 2138 1089 Scripturis
2161 1013 2567 1085 adverterimus,
2591 1019 2703 1075 haec
2723 1020 3033 1090 intellig'tur
3053 1015 3239 1074 ancilla
3264 1018 3393 1073 Litc.

1851 1109 2113 1179 Scriptum
2145 1118 2226 1164 est
2266 1104 2407 1180 enim
2449 1110 2514 1166 de
2560 1108 2866 1179 quibusdam
2896 1124 2912 1163 :
2945 1108 3174 1177 Populus
3209 1107 3293 1161 hic
3323 1107 3396 1160 la-

1853 1198 2057 1264 biisme
2087 1200 2204 1253 honi
2228 1209 2330 1265 rat,
2356 1213 2447 1254 cor
2468 1211 2640 1254 autem
2669 1211 2850 1253 eorum
2880 1199 3031 1268 longe
3055 1208 3134 1254 est
3158 1213 3188 1253 a
3214 1213 3317 1268 me.
3347 1207 3398 1254 et

1851 1287 2044 1342 talibus
2084 1291 2368 1357 Apostolus
2407 1288 2577 1342 dicit:
2628 1286 2730 1354 Qui
2771 1287 3031 1355 prmdicas
3071 1301 3174 1341 non
3222 1287 3398 1341 furan-

1854 1377 1978 1432 dum
2001 1420 2018 1447 ,
2051 1376 2279 1443 furaris;
2314 1380 2401 1448 qui
2431 1379 2561 1433 dicis
2591 1393 2695 1433 non
2723 1375 3127 1432 adulterandum
3153 1414 3167 1438 ,
3199 1376 3399 1430 adulte-

1855 1473 1963 1522 ras.
2009 1466 2385 1522 Verumtamen
2415 1476 2474 1521 ut
2502 1467 2660 1522 etiam
2691 1482 2784 1536 per
2815 1466 2950 1520 hanc
2989 1465 3400 1520 conditionalctn

215 1564 398 1631 Itaque
417 1563 541 1616 duae
566 1571 689 1616 sunt
715 1576 905 1614 uxores
929 1559 1091 1614 Jztcob
1134 1558 1332 1620 liberte,
1365 1557 1531 1609 ambae
1562 1556 1756 1624 quippe
1859 1553 2022 1608 libera
2061 1555 2149 1607 illa
2181 1571 2311 1608 uxor
2340 1554 2503 1610 Iacob
2548 1556 2792 1611 laborans
2821 1555 2955 1608 ﬁlios
2985 1555 3223 1630 bmredes
3253 1555 3400 1623 regni

217 1665 343 1710 sunt
384 1652 503 1706 ﬁlia:
532 1652 856 1706 remissionis
887 1659 1242 1719 peccatorum,
1294 1650 1391 1702 hoc
1419 1656 1498 1701 est
1541 1646 1755 1700 dealba-
1787 1636 1825 1693 Β
1854 1645 2138 1713 suscipiat,
2167 1645 2287 1699 ideo
2337 1646 2590 1724 Dominus
2611 1646 2757 1702 .dicit
2788 1662 2803 1699 :
2834 1646 2960 1710 Qua:
3009 1645 3190 1699 dicunt
3226 1644 3401 1709 facile,

217 1742 378 1796 tionis
401 1739 561 1808 quod
599 1750 682 1795 est
725 1739 920 1793 Laban.
964 1737 1332 1792 Verumtamen
1379 1750 1480 1788 una
1526 1741 1753 1798 amatur,
1857 1750 1971 1803 quae
1992 1748 2168 1789 autem
2199 1725 2599 1792 faciuntfacere
2622 1736 2804 1791 nolite.
2838 1736 2986 1791 Unde
3016 1736 3066 1789 in
3089 1735 3266 1790 labore
3285 1735 3401 1789 viu-

218 1833 326 1886 aite
355 1847 384 1883 a
429 1831 678 1883 toleratur
708 1847 720 1880 :
753 1828 845 1883 sed
885 1841 1004 1896 qua:
1033 1828 1315 1889 toleratur,
1368 1823 1480 1890 ipsa
1525 1824 1668 1891 prius
1701 1831 1756 1876 et
1858 1823 2092 1877 culorum
2139 1825 2245 1878 vita
2300 1825 2611 1893 apostolica.
2661 1826 2808 1891 Sive,
2849 1825 3050 1894 inquit,
3105 1820 3403 1891 oceasione,

218 1921 432 1974 uberius
461 1919 789 1982 fecundatur,
814 1924 871 1970 ut
890 1915 936 1969 si
963 1930 1066 1984 non
1094 1921 1308 1982 propter
1332 1912 1758 1980 seipsam,‘certe
1852 1914 1971 1973 sive
1999 1915 2220 1970 veritate
2241 1914 2484 1971 Christus
2506 1901 2874 1983 annuntietur,
2897 1927 2950 1972 et
2977 1919 3027 1972 in
3058 1918 3156 1973 hoc
3181 1919 3403 1988 gaudeo,

217 2017 436 2077 propter
463 2007 601 2061 ﬁlios
631 2006 898 2075 diligatur.
938 2004 1109 2058 Labor
1130 2002 1269 2057 enim
1291 2002 1552 2070 justorum
1594 1998 1762 2054 maxi-

219 2113 366 2153 mum
395 2098 616 2152 iructum
649 2095 806 2152 habet
827 2091 884 2150 in
916 2096 994 2152 eis
1023 2111 1152 2164 quos
1182 2110 1343 2170 regno
1383 2093 1763 2162 Dei'generant

221 2188 363 2241 inter
388 2187 578 2240 multas
604 2184 918 2240 tentationes
955 2195 1007 2237 et
1032 2183 1397 2238 tribulationes
1427 2182 1760 2253 pmilinando

222 2276 591 2344 Evangelium,
639 2285 693 2328 et
717 2289 811 2329 eos
840 2281 1054 2343 propter
1089 2288 1220 2343 quos
1245 2281 1372 2327 sunt
1399 2272 1452 2326 itt
1492 2271 1764 2327 laboribus

224 2365 593 2430 abundantius,
634 2363 688 2418 in
734 2365 903 2432 plagis
945 2357 1101 2431 s'upra
1140 2363 1376 2438 modum,
1421 2365 1474 2417 in
1506 2363 1764 2417 mortibus

223 2454 422 2522 saepius
461 2453 806 2524 [frequentem
849 2453 922 2524 et]
980 2461 1192 2522 propter
1228 2449 1359 2520 quos
1403 2451 1596 2505 habent
1635 2450 1765 2504 foris

225 2559 452 2612 pugnas,
498 2544 639 2597 intus
682 2544 920 2607 timores,
967 2543 1209 2612 gaudium
1247 2552 1302 2597 et
1326 2557 1575 2597 coronam
1615 2555 1765 2596 suam

225 2642 438 2696 vocant.
487 2629 782 2690 Nascuntur
819 2642 996 2686 autem
1035 2634 1116 2686 eis
1154 2631 1548 2702 (acilius-atque
1589 2635 1767 2702 θυρίο-

225 2723 343 2788 sius
381 2738 448 2775 ex
496 2722 582 2776 illo
609 2737 854 2776 sermone
882 2723 1001 2776 ﬁdei
1037 2737 1142 2790 quo
1182 2721 1467 2787 prardicant
1501 2723 1765 2779 Christum

227 2811 539 2866 cruciﬁxum
558 2851 574 2873 ,
603 2823 653 2866 et
683 2812 928 2881 quidquid
961 2811 1296 2866 humanitatis
1319 2812 1435 2883 ejus
1473 2814 1628 2869 citius
1671 2813 1769 2870 Itu-

176 2899 182 2926 λ
228 2886 387 2955 tisana
423 2901 736 2969 qogilalione
777 2903 1079 2970 percipitur,
1106 2909 1160 2956 et
1202 2903 1433 2960 inﬁrmos
1473 2903 1629 2958 etiam
1649 2902 1768 2958 Lis

1858 2005 1952 2086 sed
1977 2013 2033 2059 et
2059 2006 2296 2074 gaudebo
2327 2015 2570 2076 tanquam
2599 2016 2655 2062 et
2679 2007 2872 2088 ancilla
2904 2007 3141 2077 pariente
3170 2008 3234 2064 de
3261 2009 3408 2074 prole

1861 2094 2222 2149 numerosiore
2248 2094 2448 2149 latata.

2382 2268 2605 2326 CAP-UT
2653 2268 2882 2323 LXXIII.

1861 2358 1940 2413 De
1965 2364 2100 2430 [suo
2123 2357 2278 2414 Iuda
2311 2360 2445 2426 quod
2473 2375 2583 2411 cum
2607 2375 2700 2410 sua
2726 2375 2856 2410 nuru
2884 2357 3171 2426 concubuit,
3200 2372 3264 2411 ea:
3289 2357 3403 2422 eod.

2315 2427 2403 2483 lib.
2435 2443 2544 2483 xm
2574 2441 2746 2482 contra
2771 2427 2968 2480 ἔπαυε.-

2386 2465 2403 2483 ο
2435 2444 2544 2483 XIII
2574 2444 2746 2482 οοιιιω
2771 2444 2968 2480 [αισι.-

1927 2534 2077 2590 Judte
2101 2535 2291 2590 factum
2309 2535 2710 2590 consideremus
2723 2535 2861 2604 quod
2877 2549 2995 2589 eum
3017 2550 3111 2589 sua
3131 2551 3262 2589 nuru
3280 2522 3402 2590 con-

1863 2623 2066 2689 cubuit,
2083 2623 2207 2693 quid
2223 2623 2595 2695 signiﬁcaverit
2610 2623 2918 2682 futurorum.
2934 2624 3036 2680 Sed
3057 2623 3204 2692 prius
3221 2625 3402 2696 praelo-

1863 2711 2127 2780 quendnm
2171 2720 2276 2774 est,
2316 2726 2383 2766 ne
2422 2725 2734 2781 quemquam
2767 2726 2941 2780 parva:
2969 2711 3406 2767 consideratiouis

1863 2792 2094 2857 oﬁendat
2134 2803 2282 2871 quod
2328 2802 2398 2857 de
2440 2786 2748 2872 quihusdam
2797 2802 2954 2856 malis
2999 2803 3260 2871 operibus
3307 2802 3400 2856 ho-

1866 2893 2065 2946 minum
2091 2891 2194 2961 51
2226 2892 2278 2944 in
2307 2891 2596 2959 Scripturis
2621 2893 2818 2946 sanctis
2836 2891 3077 2959 quaedam
3105 2907 3206 2945 non
3236 2892 3369 2944 mala
3387 2931 3405 2955 ,

227 2992 414 3046 oculos
441 3005 545 3045 non
587 2993 876 3058 perturbat.
924 2991 1120 3045 Rachel
1156 3001 1328 3046 autem
1364 2978 1506 3046 clara
1548 2991 1761 3059 aspectu
1790 2990 1837 3052 ο
1865 2981 1959 3034 sed
1999 2980 2137 3035 bona
2178 2979 2352 3035 futura
2380 2980 2779 3050 signiﬁcantur.
2811 2979 3002 3036 Servat
3027 2980 3166 3034 enim
3217 2980 3408 3049 ubique

227 3090 409 3137 mente
447 3081 655 3137 excedit
699 3083 826 3145 Deo,
875 3092 928 3135 et
963 3083 1128 3159 videt_
1156 3085 1204 3135 in
1255 3084 1510 3153 principe
1534 3084 1764 3139 Verbum

194 3172 372 3241 ..spud
404 3166 671 3236 Deum,-et
696 3173 814 3226 vult
828 3186 1010 3240 parere
1034 3182 1087 3226 et
1112 3186 1211 3225 non
1242 3182 1435 3240 ptlIeSl,
1466 3174 1588 3240 quia
1611 3184 1768 3243 gene-

227 3261 492 3336 rationem
513 3260 628 3330 ejus
649 3263 766 3330 quis
782 3261 1080 3316 enarrabit?
1095 3261 1321 3316 Proinde
1336 3264 1438 3317 vita
1458 3278 1574 3333 qua
1593 3263 1713 3318 stud
1734 3277 1768 3319 ο

227 3349 691 3417 contemplationis
725 3351 1072 3417 competit'ut
1095 3364 1158 3404 ea
1185 3365 1302 3419 qua:
1330 3353 1502 3406 carnis
1539 3361 1662 3407 sunt
1690 3354 1772 3407 in-

227 3437 463 3492 visibilis
487 3453 590 3491 non
618 3437 838 3492 inﬁrmis
859 3432 1032 3492 oculis
1054 3436 1275 3502 mentis,
1290 3453 1383 3507 per
1403 3455 1466 3494 ea
1486 3453 1604 3508 qua:
1624 3441 1767 3501 laeta

227 3535 359 3580 sunt
384 3524 662 3582 intellecta.
694 3525 1011 3593 conspiciat,
1059 3534 1115 3580 et
1142 3528 1512 3594 sempiternam
1544 3527 1638 3582 Dei
1665 3529 1772 3582 vir-

230 3628 400 3674 tutem
448 3633 512 3673 ac
557 3604 880 3672 divinitatem
936 3617 1268 3672 ineﬁ'abiliter
1311 3627 1524 3683 cernat,
1580 3633 1786 3673 vacare-

229 3708 348 3761 vult
385 3708 452 3760 ab
495 3708 639 3759 omni
690 3706 898 3775 negotio
939 3715 990 3761 et
1032 3705 1150 3759 ideo
1197 3706 1410 3760 sterilis.
1465 3706 1770 3761 Aﬁeclando

231 3797 428 3864 quippe
455 3796 620 3848 otium
663 3808 765 3862 quo
789 3793 959 3848 studia
987 3794 1448 3862 contemplationis
1476 3795 1769 3867 ignescunt,

230 3899 344 3941 non
366 3879 801 3951 contemperatur
832 3884 1118 3937 inﬁrmitati
1147 3883 1413 3937 hominum
1438 3926 1452 3949 ,
1485 3884 1574 3952 qui
1605 3886 1656 3938 in
1683 3900 1773 3939 va-

230 3976 328 4029 riis
361 3974 618 4041 pressuris
654 3973 755 4026 sibi
790 3973 1090 4027 desiderant
1127 3973 1425 4041 subveniri,
1456 3975 1547 4027 sed
1569 3976 1689 4042 qhia
1719 3983 1774 4030 et

230 4067 349 4135 ipsa
390 4047 699 4132 procreandi
727 4062 982 4118 cha‘ritate
1023 4064 1322 4117 inardescit.
1355 4064 1474 4118 Vult
1500 4065 1638 4119 enim
1678 4067 1774 4120 do-

231 4140 362 4207 oere
403 4150 540 4220 quod
569 4151 722 4213 novit
743 4165 912 4220 neque
941 4167 1059 4207 cum
1101 4152 1290 4206 invidia
1339 4153 1637 4208 tabescente
1675 4158 1774 4208 iter

232 4241 456 4297 habere.
499 4240 652 4293 Videt
679 4254 912 4295 sororem
943 4240 1122 4294 labore
1148 4242 1331 4309 agendi
1360 4253 1515 4310 atque
1544 4243 1773 4310 patiendi

1867 3076 2043 3130 divina
2072 3074 2397 3153 providentia
2424 3074 2665 3129 virtutem
2690 3074 2937 3130 bonitatis
2962 3088 3091 3127 sua.
3124 3072 3192 3128 Ut
3215 3088 3414 3142 quem:

1867 3167 2145 3220 admodum
2197 3181 2262 3222 ex
2309 3166 2666 3220 adulterorum
2718 3165 3006 3227 concubitu
3059 3164 3313 3218 formatur
3359 3170 3430 3218 et'

1867 3259 2107 3312 nascitur
2127 3255 2285 3310 homo
2308 3255 2671 3310 debominum
2687 3269 2849 3323 opere
2878 3236 3037 3317 malo,
3053 3253 3410 3333 ‘bonumppus

1869 3348 1962 3404 Dei
1989 3349 2147 3418 (sicut
2171 3347 2228 3400 in
2247 3345 2565 3414 prandenti
2591 3359 2836 3399 sermone
2846 3344 2952 3412 jam
2974 3343 3224 3405 diximus,
3248 3343 3312 3395 de
3338 3341 3411 3395 fet
3472 3375 3476 3380 η

1870 3439 2136 3493 cunditate
2163 3436 2426 3492 seminum
2451 3478 2466 3504 ,
2496 3428 2604 3488 non
2650 3435 2718 3488 de
2761 3433 3082 3501 turpitudine
3124 3434 3411 3501 vitiorum),

1872 3532 1944 3584 ita
1973 3530 2025 3584 in
2073 3529 2358 3597 Scripturis
2388 3525 2734 3597 propheticis.
2766 3540 2869 3579 non
2908 3534 3106 3578 tantum
3153 3517 3288 3578 bona
3320 3523 3410 3576 bo-

1874 3619 2074 3674 minum
2103 3658 2120 3686 ,
2156 3615 2663 3672 verumetiam‘mala
2702 3613 2842 3668 facta
2885 3614 3243 3679 narrantibus,
3285 3628 3410 3682 quo-

1873 3710 2009 3763 niam
2041 3708 2343 3778 prophetica
2369 3718 2449 3762 est
2490 3708 2603 3774 ipsa
2652 3704 2918 3772 narratio,
2959 3705 3280 3773 signiﬁcetur
3315 3704 3408 3756 ali-

1873 3800 1999 3868 quid
2025 3799 2092 3853 de
2139 3799 2290 3852 malis
2316 3799 2560 3865 operibus
2591 3798 2878 3859 hominum,
2909 3797 3065 3850 etiam
3117 3792 3408 3850 futurorum

1874 3889 2154 3951 bonorum,
2187 3903 2290 3941 non
2317 3888 2580 3954 peccantis
2601 3902 2782 3954 opere,
2805 3887 2897 3940 sed
2918 3886 3211 3940 scribentis.
3236 3887 3414 3955 Neque

1874 3981 2012 4034 enim
2060 3977 2218 4032 ludas
2264 3991 2380 4031 cum
2429 3976 2492 4029 ad
2525 3976 2753 4028 Thamar
2777 3976 3197 4043 concupiscentia
3244 3976 3414 4028 victus

1877 4068 2124 4128 intraret,
2154 4068 2288 4119 hanc
2316 4078 2426 4118 sua
2469 4063 2700 4117 libidinis
2731 4047 3070 4116 intentionem
3098 4062 3328 4131 gerebat,
3363 4073 3415 4117 ut

1873 4157 1996 4210 inde
2023 4153 2216 4223 aliquid
2243 4151 2626 4220 signiﬁcaretur
2647 4151 2783 4220 quod
2807 4151 2870 4203 ad
2894 4153 3115 4204 salutem
3145 4152 3414 4204 hominum

1840 4270 1851 4283 -
1877 4245 2183 4313 pertineret,
2213 4242 2349 4296 sicut
2376 4256 2473 4296 nec
2516 4241 2677 4297 Judas
2706 4241 2792 4294 ille
2822 4240 2912 4309 qui
2941 4239 3219 4294 Dominum
3251 4243 3415 4296 tradi-

234 4336 365 4389 ﬁliis
395 4333 769 4394 abundantem,
810 4341 863 4388 et
899 4332 1043 4386 dolet
1084 4337 1251 4400 potius
1279 4347 1491 4387 currere
1531 4334 1773 4391 homines
1798 4331 1848 4390 υ
1874 4335 1982 4398 dit,
2012 4334 2112 4388 hoc
2150 4333 2372 4386 intendit
2400 4340 2457 4385 ut
2483 4330 2683 4399 aliquid
2713 4329 2836 4384 inde
2873 4338 3149 4398 gereretur
3175 4331 3309 4398 quod
3348 4332 3414 4385 ad

233 4425 302 4477 ad
320 4437 439 4477 eam
461 4423 702 4476 virtutem
723 4436 820 4490 qua
844 4436 1026 4475 eorum
1048 4420 1433 4484 inﬁrmitatibus
1454 4422 1776 4474 necessitati-

229 4518 444 4582 busque
464 4512 771 4577 consulitur,
795 4528 950 4581 quam
970 4512 1032 4564 ad
1052 4512 1191 4565 illam
1219 4513 1353 4565 unde
1371 4511 1598 4565 divinum
1623 4520 1677 4566 et
1700 4514 1776 4566 in-

231 4600 612 4656 commutabile
626 4600 816 4668 aliquid
835 4601 1071 4654 discitur.
1095 4600 1188 4653 IIic
1203 4599 1350 4653 dolor
1371 4601 1619 4668 ﬁguratus
1633 4602 1774 4656 vide-

221 4700 328 4746 tur
343 4692 397 4744 in
418 4704 483 4744 eo
498 4691 633 4759 quod
651 4692 898 4758 scriptum
917 4699 1025 4744 est:
1052 4691 1115 4743 Et
1132 4690 1316 4744 zelavit
1334 4691 1522 4744 Rachel
1540 4706 1774 4767 sororem

231 4796 410 4837 suam.
436 4779 663 4833 Proinde
683 4781 800 4846 quia
827 4779 1051 4846 liquidus
1073 4793 1336 4847 purusque
1364 4779 1678 4844 intellectus,
1710 4780 1776 4833 de

233 4870 330 4924 illa
351 4868 641 4922 substantia
661 4883 778 4932 quae
799 4882 989 4934 corpus
1005 4884 1106 4920 nou
1126 4878 1224 4931 est,
1253 4881 1314 4920 ac
1342 4882 1433 4934 per
1454 4869 1549 4920 hoc
1573 4868 1634 4920 ad
1661 4882 1778 4921 car-

233 4961 323 5013 nis
342 4972 555 5012 sensum
585 4973 686 5011 non
710 4959 959 5026 pertinet,
997 4956 1171 5011 verbis
1197 4970 1353 5010 carne
1372 4955 1526 5009 editis
1552 4957 1772 5023 exprimi

234 5066 347 5104 non
380 5056 585 5118 potest,
608 5047 759 5116 eligit
795 5046 1031 5101 doctrina
1067 5045 1330 5113 sapientiae
1377 5061 1470 5114 per
1516 5048 1773 5114 quaslibet

232 5151 528 5206 eorporeas
569 5134 822 5204 imagines
851 5143 906 5188 et
933 5130 1298 5187 similitudines
1325 5145 1606 5200 utcumque
1635 5134 1775 5200 cogi-

235 5227 400 5280 tanda
424 5226 691 5280 insinuare
715 5225 906 5288 divina,
938 5238 1093 5292 quam
1120 5223 1187 5276 ab
1208 5221 1384 5278 ofﬁcio
1410 5225 1526 5276 talia
1551 5223 1772 5277 docendi

233 5328 475 5377 cessare,
518 5314 652 5367 sicut
679 5314 834 5381 elegit
873 5312 1066 5364 Rachel
1111 5307 1324 5364 ex'viro
1350 5325 1447 5364 suo
1490 5322 1543 5364 et
1583 5311 1774 5364 ancilla

231 5393 510 5473 suscipere
548 5404 680 5458 ﬁlios
719 5417 872 5471 quam
911 5401 1025 5456 sine
1063 5401 1184 5455 ﬁliis
1225 5402 1440 5455 omnino
1477 5417 1770 5455 remanere.

236 5497 365 5552 Bala
390 5497 578 5564 quippe
600 5493 924 5562 interpretari
953 5493 1140 5548 dicitur
1163 5494 1446 5549 inveterata
1473 5510 1487 5548 :
1519 5493 1651 5547 hanc
1681 5493 1772 5546 ba-

1871 4423 2107 4478 eamdem
2129 4423 2349 4476 salutem
2376 4421 2642 4474 hominum
2659 4419 2961 4487 pertineret.
2984 4420 3145 4473 Porro
3159 4424 3199 4472 si
3222 4421 3286 4475 de
3307 4429 3414 4476 tam

1870 4513 2009 4565 malo
2028 4524 2190 4579 opere
2209 4509 2360 4564 Iudae
2391 4509 2532 4562 illius
2564 4519 2666 4561 tam
2692 4509 2882 4562 bonum
2907 4521 3038 4576 opus
3065 4509 3312 4562 Dominus
3341 4510 3416 4565 {e-

1870 4603 1961 4665 cit,
1986 4610 2041 4654 ut
2059 4599 2289 4668 ejusdem
2311 4613 2420 4652 suae
2448 4598 2707 4665 passionis
2725 4598 2976 4665 sanguine
2996 4611 3091 4651 nos
3114 4597 3416 4664 redimeret,

1878 4688 2000 4756 quid
2028 4690 2217 4742 mirum
2240 4690 2281 4741 si
2301 4679 2550 4755 propheta
2573 4688 2704 4754 ejus,
2733 4687 2798 4741 de
2815 4701 2922 4756 quo
2946 4687 3057 4755 ipse
3085 4688 3156 4740 ait
3181 4727 3194 4750 ,
3227 4689 3307 4742 De‘
3329 4704 3416 4744 me

1876 4777 2017 4830 enim
2042 4777 2132 4830 ille
2148 4776 2375 4844 scripsit,
2389 4790 2452 4830 ex
2471 4775 2744 4829 malefacta
2759 4776 2905 4830 Iuda:
2928 4776 3066 4829 illius
3085 4777 3205 4830 boni
3218 4778 3413 4846 aliquid

1876 4869 2210 4936 signiﬁcavit,
2241 4878 2307 4939 ut.
2327 4883 2423 4921 suo
2450 4867 2699 4936 mysterio
2731 4883 2826 4921 nos
2851 4867 3087 4922 doceret.
3123 4868 3196 4921 Ea
3225 4870 3417 4936 quippe

1878 4961 2146 5015 hominum
2169 4961 2300 5015 facta
2319 4961 2513 5027 Spiritu
2534 4971 2713 5014 sancto
2735 4961 3041 5027 disponente
3065 4970 3218 5028 atque
3248 4962 3415 5028 inspi-

1878 5057 2028 5102 rante
2047 5048 2254 5117 collegit
2284 5048 2534 5116 propheta
2566 5058 2821 5111 narrator,
2847 5063 3062 5117 quorum
3086 5048 3416 5116 interpositio

1877 5152 1980 5192 non
2017 5148 2228 5192 vacaret
2262 5153 2289 5190 a
2323 5139 2724 5207 praesignatione
2753 5153 2925 5192 rerum
2948 5151 3079 5205 quas
3120 5139 3416 5193 intenderat

1879 5225 2227 5294 prophetare:
2257 5226 2320 5280 ad
2346 5227 2683 5294 signiﬁcanda
2709 5239 2882 5280 autem
2903 5226 3073 5293 aliqua
3102 5227 3256 5292 bona,
3283 5229 3411 5283 nihil

1879 5313 2097 5368 interest
2117 5314 2245 5369 facta
2269 5315 2354 5368 illa
2377 5354 2395 5379 ,
2424 5317 2613 5384 quibus
2637 5332 2697 5369 ea
2721 5317 3096 5384 signiﬁcantur,
3126 5331 3218 5371 seu
3245 5318 3374 5371 bona
3392 5359 3409 5384 ,

1878 5417 1970 5458 seu
2000 5407 2132 5458 mala
2172 5406 2293 5458 sint.
2323 5407 2457 5471 Quid
2497 5408 2636 5460 enim
2678 5422 2792 5460 mea
2837 5407 3089 5472 interest,
3139 5423 3257 5461 cum
3296 5410 3414 5462 volo

1881 5496 2071 5566 aliquid
2097 5497 2316 5567 legendo
2334 5512 2665 5567 cognoscere,
2692 5507 2860 5553 utrum
2889 5515 2950 5554 cx
2977 5500 3133 5553 minio
3151 5500 3403 5567 reperiam
