3886 6224
1502 196 1562 249 Ι).
1596 196 1912 253 EUGYPI‘II
1954 199 2243 256 ABBATIS
2281 202 2602 262 AFRICANI
3621 210 3723 265 59°

441 306 673 372 scriptos
698 311 878 378 nigros
902 311 1183 379 EtLinpes
1204 353 1219 378 ,
1255 321 1308 368 et
1334 326 1396 367 ex
1427 323 1727 371 atramento
1754 317 2009 372 candidus
2044 325 2090 380 Α
2119 329 2356 384 pretatur
2383 321 2625 377 dimissio
2653 324 2788 393 ejus.
2817 325 2927 380 Non
2969 328 3199 395 pertinet
3227 327 3564 401 [pertinent]
3594 346 3725 381 sane

440 398 657 453 Gallos?
682 400 1057 454 Verumtamen
1086 402 1127 453 si
1160 418 1264 454 nun
1290 404 1609 472 scripturam
1633 406 1728 460 sed
1756 409 2011 475 picturam
2112 412 2178 463 ad
2208 411 2343 465 hanc
2373 414 2815 482 significationem
2852 419 2949 473 viri
2974 421 3143 474 sancti
3173 398 3236 475 eti
3254 422 3384 489 justi
3428 398 3564 487 qui.
3595 420 3725 473 licet

438 492 599 544 talem
624 494 890 557 viderem,
916 493 1032 548 sine
1064 492 1399 549 dubitatione
1424 497 1879 561 reprehenderem
1903 516 1915 549 z
1939 499 2010 551 ita
2115 500 2211 554 illo
2244 512 2482 568 tempore
2514 506 2726 568 fuerint,
2753 508 2817 560 ad
2832 509 3034 563 Novum
3063 521 3238 565 tamen
3263 514 3543 579 pertinent
3581 510 3721 564 ται

438 581 491 635 in
526 581 674 634 factis
704 581 1009 647 hominum,
1052 601 1169 652 quie
1202 586 1267 639 ad
1317 580 1623 640 imitandum
1676 589 2013 645 vitandumve
2118 598 2411 645 tameututn
2454 596 2539 647 cui
2586 598 2948 661 prophetando
2987 602 3218 655 scienter
3249 605 3411 656 miles
3458 604 3720 659 fuerunt.

440 684 810 740 proponuntur
832 715 847 734 .
882 676 1056 745 magni
1086 678 1310 731 interest
1355 679 1566 731 bonane
1609 693 1674 731 an
1706 679 1845 732 mala
1870 680 2009 745 sint;
2110 682 2282 749 qualis
2317 684 2473 736 David
2524 684 2638 738 fuit.
2673 687 2748 739 Eo
2773 703 2901 743 sane
2933 699 3204 758 tempore,
3238 709 3346 758 quo
3363 694 3475 760 jam
3527 692 3721 747 «ἰαύει

440 778 560 831 qua:
582 774 761 817 autem
793 766 857 818 ad
890 767 1291 836 significandum
1318 768 1654 833 scribuntur,
1686 770 1801 822 sive
1822 770 2008 824 dicun-
2112 782 2345 838 coeperat
2380 787 2530 842 reges
2568 790 2631 828 ex
2682 776 2819 829 tribu
2860 778 2990 831 Jmla
3045 795 3147 832 non
3192 782 3418 845 habere,
3470 798 3595 834 non
3637 791 3722 834 est

439 866 561 920 tur,
597 854 729 908 nihil
767 856 931 911 refert
975 858 1026 911 in
1060 859 1294 911 moribus
1336 858 1678 923 facientium,
1711 875 1868 927 quam
1901 861 2010 914 lau.
2110 862 2501 929 cttmputandus
2542 863 2781 920 Herodes
2830 868 2999 937 major
3034 870 3086 922 in
3143 872 3358 938 regibus
3408 871 3539 940 ejus
3589 882 3719 923 tan-

438 944 560 997 dem
587 948 1132 1012 reprehensionetnve
1162 956 1463 1001 mereantur
1483 992 1496 1014 ,
1529 950 1571 1001 si
1616 948 2013 1015 modo,habent
2110 963 2267 1016 quam
2304 953 2524 1005 maritus
2553 952 2805 1022 Thamar,
2835 967 2952 1009 erat
2979 959 3120 1012 enim
3146 961 3467 1028 alienigena.
3516 961 3641 1013 Nec
3669 962 3717 1012 ri

437 1035 666 1103 aiiqnam
714 1038 786 1090 rei
816 1053 915 1107 qua
942 1038 1009 1093 de
1041 1040 1213 1107 agitur
1241 1041 1600 1093 necessariam
1636 1040 2007 1108 prmfigutandt
2110 1052 2445 1093 sacramento
2477 1042 2567 1095 illo
2594 1044 2829 1113 tnySlicae
2855 1047 3114 1101 unctionis
3144 1059 3393 1117 tanquam
3424 1050 3718 1118 conjugafi

437 1129 867 1195 congruentiam.
914 1128 1067 1182 Sicut
1113 1128 1254 1183 enim
1301 1129 1517 1196 Caiphze
1572 1132 1623 1183 in
1681 1132 2007 1201 Evangelia,
2108 1131 2311 1187 foedere
2336 1134 2663 1199 coluerebat,
2691 1136 2783 1189 sed
2831 1146 3079 1204 tanquam
3110 1149 3403 1195 extraneus
3451 1143 3716 1195 domina-

437 1228 695 1286 ψιηιιιιιηι
743 1219 807 1270 ad
856 1217 973 1286 ejus
1017 1218 1236 1272 noxium
1267 1221 1728 1289 perniciosumque
1773 1226 2007 1278 animum
2111 1222 2290 1275 batur.
2320 1225 2489 1288 Quam
2515 1236 2827 1292 pete5tatem
2854 1243 2883 1279 a
2932 1228 3184 1283 Romanis
3214 1242 3267 1284 et
3294 1246 3325 1283 a
3352 1230 3582 1285 Casare
3614 1248 3711 1285 ac-

438 1306 777 1374 pertincbat,
825 1319 1076 1375 quantum
1109 1309 1338 1379 denique
1377 1312 1442 1364 ad
1489 1310 1602 1378 ipsa
1646 1312 1835 1374 verba,
1878 1313 1922 1367 si
1955 1313 2007 1368 in
2109 1324 2359 1381 ceperat,
2406 1318 2483 1371 sic
2524 1329 2578 1371 et
2626 1319 2743 1387 ejus
2786 1320 2877 1373 lilii
2912 1323 3193 1376 tetrarchae
3220 1366 3237 1388 ,
3287 1339 3524 1390 quorum
3584 1333 3711 1377 erat

438 1396 519 1448 eis
548 1397 870 1451 voluntatem
912 1397 1155 1453 attendas
1199 1401 1456 1465 dicentis,
1503 1401 1695 1468 quibus
1737 1403 1923 1471 agebat
1955 1414 2011 1458 ut
2108 1404 2263 1461 unus
2293 1406 2529 1462 Herodes
2581 1412 2743 1478 patris
2793 1414 3007 1467 nomine
3058 1417 3392 1482 appellatus,
3435 1416 3534 1484 qui
3572 1434 3709 1472 cura

434 1484 611 1553 justus
658 1486 849 1554 injuste
892 1500 1191 1551 necaretur.
1224 1491 1403 1557 utique
1432 1490 1568 1544 mala
1606 1502 1759 1545 erant
1784 1532 1799 1557 ,
1832 1500 2006 1547 tamen
2109 1496 2281 1550 Pilato
2308 1499 2359 1551 in
2381 1501 2621 1566 passione
2657 1502 2864 1555 Domini
2892 1507 3259 1560 co:.cordavit.
3293 1507 3382 1561 isti
3403 1522 3538 1577 ergo
3566 1508 3707 1562 alie-

437 1591 684 1641 magnum
716 1580 911 1634 bonum
962 1580 1054 1635 illo
1085 1583 1353 1637 nesciente
1378 1583 1764 1654 significabant,
1797 1587 2008 1655 quando
2110 1589 2314 1658 nigeute
2334 1632 2349 1654 ,
2382 1605 2545 1659 usque
2571 1594 2705 1647 adeo
2738 1611 2840 1649 non
2887 1599 3280 1665 deputahantur
3312 1603 3363 1654 in
3391 1583 3571 1670 regno
3606 1600 3703 1654 illo

441 1666 516 1718 ait
551 1682 563 1719 :
599 1667 820 1735 Expedit
846 1682 899 1723 ut
930 1684 1065 1724 unus
1090 1672 1373 1736 moriatur,
1405 1685 1456 1726 et
1480 1689 1583 1727 non
1618 1684 1723 1728 tota
1754 1691 1883 1746 gens
1914 1693 2001 1745 pe-
2038 1682 2084 1741 B
2114 1682 2335 1751 mystico
2359 1683 2773 1751 Judmorum,-ttt
2822 1687 2919 1755 ipsi
2951 1690 3120 1743 Judaei
3153 1693 3363 1760 publice
3390 1666 3701 1747 clamarent

434 1765 569 1817 rent.
600 1759 907 1831 Dictumque
935 1763 1001 1816 de
1030 1763 1119 1816 illo
1158 1771 1241 1818 est
1271 1779 1286 1817 :
1322 1764 1430 1819 Hoc
1458 1780 1484 1817 δ’
1517 1767 1694 1833 seipso
1722 1784 1827 1820 non
1852 1767 2003 1833 dixit,
2109 1771 2412 1827 frendentes
2436 1776 2692 1829 adversus
2715 1778 2984 1845 Christum
3013 1759 3161 1834 :an
3180 1797 3283 1835 non
3308 1783 3575 1837 habemus
3602 1800 3697 1835 re-

433 185 535 243 605

434 1848 527 1900 sed
556 1863 677 1903 cum
715 1848 858 1905 esset
903 1867 946 1919 pr
971 1853 1136 1907 ntifex
1168 1854 1536 1921 prophetavit,
1581 1857 1701 1924 quia
1726 1860 2008 1927 oportebat

421 1935 615 1999 ,fesnm
662 1942 795 1994 mori
822 1956 918 2010 pro
962 1953 1139 2012 gente.
1183 1942 1254 1997 lta
1287 1944 1483 1998 factum
1514 1945 1671 2000 Iudae
1712 1949 2003 2002 secundum

434 2027 574 2083 illius
593 2031 862 2087 libidinem
886 2036 1082 2089 malum
1107 2035 1225 2101 fuit,
1243 2035 1336 2089 sed
1354 2037 1446 2089 illo
1463 2038 1735 2091 nesciente
1758 2053 2003 2108 magnum

433 2121 632 2176 bonum
656 2125 990 2193 significavit.
1022 2130 1059 2179 A
1084 2130 1274 2195 seipso
1294 2128 1487 2197 quippe
1517 2130 1712 2183 malum
1746 2133 1889 2196 fecit,
1910 2132 2003 2187 sed

434 2228 539 2266 non
570 2228 600 2267 a
628 2214 805 2285 seipso
827 2217 1021 2271 bonum
1046 2216 1379 2286 significavit.
1407 2219 1517 2273 Hoc
1542 2230 1719 2274 autem
1747 2223 1886 2290 quod
1914 2238 2006 2277 ne-

433 2308 666 2361 cessario
697 2309 1127 2378 prteloquendum
1162 2314 1372 2377 putavi,
1404 2325 1507 2365 non
1534 2312 1600 2365 ad
1627 2312 1727 2367 hoc
1770 2322 2004 2367 tantum-

433 2396 592 2455 modo
618 2396 772 2452 Judze
799 2397 993 2453 factum
1020 2441 1059 2462 ,ν
1090 2401 1183 2455 sed
1212 2402 1371 2455 etiam
1414 2402 1479 2454 ad
1507 2410 1698 2456 caetera
1727 2404 1929 2469 valeat,
1959 2405 2004 2459 si

433 2502 534 2554 qua
566 2474 897 2557 occurrerint
948 2491 1085 2543 mala
1134 2506 1293 2559 opeia
1326 2491 1631 2556 hominum,
1677 2493 1869 2559 quibus
1908 2495 2003 2547 bo—

432 2597 559 2636 num
589 2582 786 2653 aliquid
816 2598 843 2636 ι
875 2592 1125 2639 narrante
1158 2584 1529 2654 praphetatum
1556 2593 1660 2639 est.
1687 2583 1743 2638 In
1772 2582 2002 2637 Thamar

433 2687 562 2741 ergo
588 2688 721 2728 nuru
764 2674 915 2731 Judte
951 2676 1263 2745 intelligitur
1306 2676 1453 2744 plebs
1478 2676 1628 2745 regni
1665 2676 2000 2741 Judzorum,

432 2763 515 2819 cui
544 2763 612 2819 de
640 2765 777 2819 tribu
805 2764 941 2821 Juda
986 2782 1138 2835 reges
1169 2775 1419 2837 tanquam
1460 2768 1635 2822 mariti
1678 2766 2003 2822 adhibeban-

431 2862 535 2910 tur.
569 2854 754 2934 ltlerito
775 2871 965 2911 nomen
994 2857 1111 2934 ejus
1134 2858 1433 2912 amaritudo
1456 2847 1857 2927 interpretatur:
1885 2857 2000 2925 ipsa

432 2945 571 2997 enim
603 2926 828 3001 Domino
852 2946 989 3001 fellis
1014 2928 1256 3017 poculum
1278 2949 1443 3003 dedit.
1467 2949 1579 3004 Duo
1598 2958 1772 3005 autem
1799 2962 1999 3019 genera

2107 1875 2223 1929 gem
2247 1902 2263 1925 ,
2291 1862 2389 1915 nisi
2435 1864 2720 1919 Caesarem.
2754 1867 2933 1937 Neque
2967 1872 3066 1924 hoc
3100 1888 3282 1925 verum
3319 1876 3418 1926 nisi
3445 1876 3531 1927 illa
3569 1876 3693 1928 uni-

2106 1952 2297 2005 versali
2336 1953 2717 2020 dominatione,
2755 1956 3113 2013 Rumanorum
3140 1961 3342 2029 quippe
3378 1963 3567 2015 Caesar
3598 1979 3693 2015 rex

2105 2050 2189 2095 est
2217 2041 2405 2114 [erat],
2440 2060 2542 2096 non
2577 2048 2788 2112 prOprie
2815 2046 3153 2115 Iudaeorum,
3184 2048 3280 2104 sed
3327 2062 3384 2104 ut
3412 2053 3691 2106 Christum

2106 2144 2363 2200 negarent
2394 2144 2447 2187 et
2476 2134 2604 2188 huic
2632 2136 2949 2200 adulareut',
2981 2140 3102 2193 ideo
3141 2154 3201 2194 se
3240 2141 3333 2194 tali
3376 2156 3506 2196 voce
3543 2142 3688 2194 dam-

2105 2234 2320 2277 narunt.
2348 2225 2441 2279 Ilio
2461 2241 2590 2295 ergo
2630 2237 2869 2295 tempore
2910 2244 3016 2295 quo
3038 2232 3145 2299 jam
3186 2246 3414 2299 regnum
3444 2234 3511 2285 de
3532 2232 3688 2284 tribu

2104 2314 2237 2369 Juda
2267 2314 2533 2369 defecerat
2566 2356 2581 2379 ,
2612 2318 2925 2384 teuiendum
2956 2331 3071 2375 erat
3098 2319 3312 2376 Christo
3339 2338 3464 2377 vero
3491 2322 3687 2379 Sain-

2105 2413 2220 2458 tore
2253 2406 2476 2459 Domino
2495 2418 2697 2470 nostro,
2724 2411 2809 2474 qui
2843 2426 2945 2463 non
2964 2414 3175 2465 obesset
3203 2414 3537 2482 multumque
3560 2427 3685 2481 pro-

2102 2493 2317 2559 desset;
2360 2494 2438 2548 sie
2464 2498 2603 2550 enim
2635 2497 2807 2550 fuerat
2853 2506 3222 2569 prophetatum
3256 2520 3271 2555 :
3320 2504 3436 2557 Non
3465 2503 3682 2558 deﬁciet

2102 2584 2351 2651 princeps
2389 2600 2455 2638 ex
2476 2584 2631 2652 Juda,
2661 2602 2831 2655 neque
2859 2589 2964 2643 dus
2995 2594 3060 2645 de
3088 2591 3385 2647 femoribus
3412 2594 3548 2661 ejus,
3579 2594 3679 2646 do-

2103 2687 2205 2728 nec
2232 2674 2405 2729 veniat
2447 2676 2534 2755 cui
2562 2679 2852 2752 rep02itutn
2882 2690 2966 2734 est
2999 2688 3018 2732 ;Δ
3047 2681 3111 2734 Ει
3164 2684 3279 2749 ipse
3303 2694 3385 2737 est
3412 2680 3561 2756 [erit]
3583 2697 3677 2737 es-

2108 2767 2375 2837 spectatio
2405 2767 2671 2835 gentium.
2701 2768 2817 2821 .lam
2853 2768 2955 2823 isto
2988 2778 3233 2837 tempore
3260 2784 3425 2825 omne
3455 2786 3673 2840 quoque

2108 2856 2358 2930 [quippe]
2398 2856 2767 2926 magisterium
2813 2856 3123 2912 Judaorum
3162 2864 3218 2911 et
3266 2859 3492 2928 mystica
3525 2859 3672 2914 unde

2106 2948 2309 3004 Christi
2333 2949 2675 3003 vocabantur
2700 2948 2885 3002 unctio
2906 2949 3016 3013 ipsa
3042 2948 3342 3005 defecerat.
3368 2950 3669 3006 secundum

431 3033 731 3103 principum
755 3036 844 3105 qui
869 3053 974 3090 non
1046 3048 1144 3092 :cte
1162 3038 1518 3107 operabantur
1540 3040 1592 3093 in
1624 3038 1808 3108 plebe,
1839 3053 2001 3093 unum
2032 3042 2078 3105 ε
2106 3040 2449 3112 prophetiam
2475 3041 2639 3095 etiam
2658 3040 2908 3095 Danielis.
2928 3040 3082 3094 Tunc
3096 3040 3351 3095 venitcui
3372 3042 3669 3108 repositum

431 3137 617 3179 eorum
662 3125 752 3194 qui
795 3127 1058 3192 oberaut,
1102 3127 1323 3182 alterum
1353 3144 1537 3184 eorum
1582 3130 1833 3200 quinihii
1884 3144 2006 3196 pro-

432 3215 622 3277 derant
643 3255 661 3283 ,
692 3218 1015 3286 significatur
1042 3218 1519 3290 [-igniﬁcabantur]
1565 3222 1615 3273 in
1645 3220 1849 3275 duobus
1882 3218 2006 3274 ﬁliis

433 3307 606 3373 Jmlae,
637 3325 858 3377 quorum
910 3327 1043 3365 unus
1091 3311 1351 3382 malignus
1390 3322 1507 3366 erat
1536 3312 1618 3367 vel
1671 3326 1842 3366 smvus
1881 3322 2004 3366 ante

435 3400 716 3454 Dominum
742 3443 758 3467 ,
790 3402 928 3458 alter
954 3404 1005 3457 in
1041 3416 1234 3458 terram
1270 3404 1527 3459 fundebat
1557 3420 1625 3459 ne
1650 3419 1829 3458 semen
1851 3404 2004 3459 daret

435 3492 503 3559 ad
534 3492 921 3555 fecundaudam
953 3495 1204 3549 Thamar.
1256 3496 1366 3551 Nec
1410 3504 1537 3551 sunt
1582 3498 1813 3565 amplius
1843 3512 2000 3565 quam

432 3584 539 3636 duo
558 3599 751 3652 genera
775 3585 1054 3657 hominum
1080 3586 1282 3640 inutilia
1304 3588 1488 3655 generi
1519 3587 1752 3642 humano
1791 3604 1803 3639 :
1838 3603 2001 3641 unum

435 3676 741 3730 norentimn
760 3716 777 3740 ,
806 3675 1029 3731 alterum
1059 3688 1309 3746 praestare
1356 3681 1649 3733 no’eutium
1669 3722 1683 3745 ,
1718 3688 1773 3733 et
1801 3682 1845 3732 si
1876 3679 2003 3747 quid

433 3767 555 3819 boni
610 3766 805 3821 habent
833 3769 883 3821 in
929 3767 1026 3820 hac
1076 3776 1289 3822 terrena
1332 3771 1440 3821 vita
1496 3770 1854 3838 perdentium,
1890 3779 2007 3823 tan-

432 3869 591 3920 quam
627 3854 679 3911 in
706 3865 839 3911 terra
866 3840 1189 3911 fundetttinm
1214 3898 1230 3923 ,
1257 3866 1313 3912 et
1338 3861 1587 3927 quoniam
1618 3861 1667 3913 in
1696 3860 1833 3913 malo
1863 3860 2007 3928 prior

436 3954 520 3999 est
547 3946 637 4015 qui
659 3962 752 4001 nor
766 3958 821 4003 et
845 3964 1001 4015 quam
1033 3948 1123 4003 ille
1145 3950 1242 4017 qui
1286 3964 1390 4003 non
1422 3950 1654 4017 prodest,
1695 3949 1814 4026 ideo
1837 3952 2026 4018 major'

433 4037 629 4092 dicitur
668 4040 926 4105 malignus
951 4040 1060 4103 ille,
1091 4049 1146 4094 et
1174 4055 1403 4109 sequens
1448 4040 1716 4111 [steviens]
1760 4043 1851 4109 qui
1879 4041 2001 4095 fun-

434 4126 597 4191 debat
622 4128 672 4181 in
706 4138 922 4184 terram.
954 4130 1153 4183 Nomen
1185 4144 1395 4199 quoque
1426 4131 1640 4194 majoris
1670 4132 1758 4197 qui
1781 4131 2005 4185 vocaba-

440 4228 525 4273 tur
554 4218 679 4283 llcr,
707 4218 1116 4282 interpretatur,
1150 4219 1410 4286 pellicius,
1438 4219 1681 4288 qualibus
1707 4219 1901 4273 tunicis
1921 4220 2005 4273 in-

436 4310 548 4361 duti
571 4319 692 4363 sunt
723 4308 878 4377 primi
903 4309 1176 4374 homines,
1202 4311 1252 4363 in
1276 4326 1487 4378 poenam
1514 4310 1871 4364 damnationis
1893 4325 2006 4364 suae

2106 3142 2246 3199 erat,
2282 3133 2620 3202 exspectatio
2655 3131 2921 3201 gentium.
2961 3140 3017 3186 et
3067 3142 3266 3187 unctus
3306 3142 3394 3186 est
3436 3133 3670 3186 Sanctus

2108 3233 2443 3285 sanctorum,
2464 3224 2585 3278 oleo
2608 3222 2991 3278 essultationis
3012 3236 3123 3292 prae
3144 3222 3504 3293 participibus
3530 3218 3673 3275 suis?

2108 3316 2281 3371 Natus
2302 3324 2386 3369 est
2406 3315 2551 3369 enim
2580 3313 2813 3368 Herodis
2834 3314 3054 3382 majoris
3077 3322 3350 3382 tempore.
3376 3327 3566 3381 passus
3580 3320 3670 3363 est

2108 3414 2290 3462 autem
2324 3406 2551 3463 minoris
2574 3405 2804 3460 Herodis
2826 3401 3137 3458 tetrarchae.
3170 3400 3346 3470 Hujus
3377 3402 3557 3470 itaque
3576 3412 3669 3452 ve-

2103 3490 2298 3546 nientis
2334 3491 2398 3545 ad
2428 3505 2555 3546 oves
2580 3506 2698 3561 quin
2744 3492 3013 3559 perierant
3051 3490 3242 3545 domus
3271 3492 3431 3545 Israel
3459 3494 3673 3559 ligarant

2105 3582 2270 3652 gessit
2299 3580 2414 3652 ipse
2441 3580 2635 3646 ludas,
2666 3595 2787 3635 cum
2818 3579 2921 3634 iret
2947 3579 3013 3633 ad
3063 3580 3361 3634 tondendas
3390 3595 3522 3634 oves
3554 3591 3675 3633 suas

2104 3676 2158 3729 in
2184 3674 2443 3738 Tbamna,
2472 3672 2612 3743 quod
2642 3674 3018 3740 interpretatur
3067 3672 3342 3727 deficiens.
3378 3672 3499 3727 Jam
3532 3670 3670 3726 enim

2104 3763 2374 3819 defecerat
2402 3764 2661 3832 princeps.
2691 3778 2756 3818 ex
2795 3762 2959 3824 Juda.
3007 3771 3062 3817 et
3104 3777 3268 3816 omne
3311 3762 3671 3831 magisterium

2107 3864 2269 3923 atque
2311 3852 2489 3907 unctio
2535 3853 2877 3919 Judaeorum,
2908 3864 2966 3907 ut
3010 3854 3218 3908 veniret
3258 3853 3344 3906 cui
3392 3853 3672 3921 repositum

2106 3956 2241 4000 erat.
2281 3945 2434 4000 Venit
2460 3953 2636 3999 autem
2667 3959 2788 3998 cum
2833 3960 2931 3997 suo
2960 3955 3175 4013 pastore
3220 3944 3549 4009 Odolamita,
3592 3941 3671 3997 cui

2107 4050 2301 4090 nomen
2324 4044 2440 4088 erat
2470 4034 2625 4088 Hiras
2654 4074 2669 4099 ,
2692 4012 2745 4086 et
2772 4012 3150 4101 interpretatur
3179 4032 3541 4097 Odolatnites,
3570 4043 3670 4086 tes-

2106 4128 2385 4184 timonium
2409 4129 2460 4182 in
2484 4141 2639 4195 aqua.
2660 4126 2791 4181 Cum
2811 4127 2913 4181 hoc
2929 4126 3083 4193 plane
3094 4127 3410 4180 testimonio
3428 4127 3671 4180 Dominus

2106 4218 2274 4286 venit,
2295 4218 2497 4271 habens
2519 4217 2733 4285 quidem
2760 4217 3122 4270 testimonium
3149 4218 3323 4281 majus
3342 4215 3669 4282 Joanne,scd

2110 4317 2284 4364 tamen
2319 4319 2531 4377 prapter
2559 4324 2686 4362 oves
2717 4307 2952 4361 intirmas
2982 4306 3084 4361 hoc
3107 4308 3419 4362 testimonio
3450 4320 3531 4363 est
3557 4322 3669 4361 usus

437 4398 643 4459 dimissi
673 4415 737 4458 ex
770 4400 1036 4467 paradiso.
1069 4400 1349 4468 Sequentis
1374 4412 1547 4457 autem
1578 4419 1769 4457 nomen
1794 4405 1881 4471 qui
1910 4417 2004 4457 vo—
2031 4409 2084 4468 ι)
2110 4401 2161 4455 in
2191 4414 2345 4469 aqua.
2378 4399 2509 4453 Nam
2539 4408 2594 4452 et
2637 4399 2751 4467 ipse
2775 4398 2969 4462 ‘Hiras,
3004 4396 3147 4466 quod
3192 4400 3564 4453 nomeniflins
3590 4412 3669 4466 pa-

436 4489 656 4546 cabatur
680 4491 884 4550 Atinam
922 4488 1108 4561 [Unas]
1150 4492 1527 4559 interpretatur
1555 4509 1753 4547 maeror
1776 4509 1961 4547 eorum
1986 4512 2001 4559 ;

440 4580 703 4647 quorum?
732 4582 834 4634 nisi
861 4582 1053 4648 quibus
1082 4581 1211 4634 nihil
1238 4582 1481 4650 prodest,
1504 4598 1625 4637 cum
1657 4584 1845 4636 habeat
1868 4584 2006 4636 unde

436 4670 692 4738 prodesse
716 4657 899 4736 possit,
930 4681 1091 4739 atque
1116 4672 1164 4725 id
1192 4672 1377 4740 perdat
1402 4673 1630 4726 interra.
1658 4673 1822 4741 Blajus
1847 4688 2005 4741 porro

438 4764 634 4817 tuame
659 4771 740 4813 est
762 4761 950 4816 ablaLe
973 4764 1093 4815 vita:
1115 4763 1257 4831 quod
1278 4763 1540 4830 significat
1565 4763 1822 4830 pellicias,
1847 4778 2002 4831 quam

438 4868 544 4906 non
575 4851 768 4919 adjutze
800 4851 940 4919 quod
970 4850 1229 4919 significat
1272 4868 1474 4906 matror
1501 4868 1708 4907 eurum.
1754 4854 1889 4905 Deus
1929 4863 2007 4905 ta-

439 4960 560 4998 men
589 4945 777 4998 ambos
824 4942 1085 4997 occidisse
1120 4946 1311 5015 dictus
1339 4955 1415 5000 est
1438 4986 1454 5010 ,
1507 4945 1594 4998 ubi
1644 4948 1897 5012 figuratur
1927 4961 2009 4997 rc-

440 5051 598 5101 gunm
635 5035 830 5088 talibus
861 5032 1163 5087 hominibus
1189 5036 1497 5089 abstulisse.
1527 5035 1743 5088 Tertius
1772 5049 1898 5086 vero
1946 5036 2009 5087 fi-

438 5126 542 5178 lius
567 5122 735 5188 Judte,
781 5124 919 5194 quod
947 5124 1021 5178 illi
1051 5124 1257 5181 mulieri
1287 5141 1388 5179 non
1432 5125 1670 5195 jungitur
1689 5164 1705 5190 ,
1754 5126 2014 5193 significat

439 5228 653 5284 tempus
684 5233 748 5269 ex
789 5232 891 5286 qun
919 5232 1071 5285 rcges
1098 5216 1265 5284 plrbis
1310 5218 1613 5275 .ludzeorum
1641 5226 1921 5283 t-(eperunt
1949 5218 2015 5271 de

448 5313 585 5364 It'ihu
617 5311 751 5364 Juda
814 5327 914 5362 nun
945 5311 1097 5372 ficri,
1146 5320 1200 5363 et
1262 5310 1379 5365 ideo
1439 5323 1553 5365 erat
1594 5314 1807 5380 quidem
1878 5309 2012 5362 filius

443 5404 613 5465 Judae,
654 5400 748 5454 sed
798 5414 919 5451 eum
969 5399 1218 5452 maritum
1260 5399 1489 5453 'Ibatnar
1532 5414 1636 5453 non
1684 5397 2009 5466 accipiebat,

444 5496 564 5557 quia
593 5500 709 5547 erat
750 5489 935 5543 eadem
969 5492 1134 5543 tritus
1166 5490 1296 5543 .Iuda
1320 5536 1331 5557 ,
1360 5491 1455 5544 sed
1505 5491 1615 5558 jam
1670 5490 1861 5558 populo
1890 5486 2011 5541 inde

446 5600 601 5640 uestio
633 5581 907 5650 regnabat,
940 5579 1078 5634 unde
1105 5596 1295 5635 nomen
1328 5582 1462 5651 ejus,
1491 5580 1544 5639 id
1570 5590 1651 5635 est
1674 5580 1817 5646 Sela,
1851 5579 2013 5633 inter-

2108 4493 2268 4548 storis
2297 4492 2416 4555 fuit,
2449 4494 2847 4559 interpretatur,
2881 4490 3061 4544 fratris
3088 4491 3188 4544 mei
3217 4487 3373 4543 visio.
3399 4490 3545 4544 Vidit
3565 4506 3668 4543 om-

2110 4587 2235 4640 nino
2265 4585 2479 4638 fratrem
2502 4580 2931 4645 suumJoannes,
2966 4582 3178 4635 fratrem
3202 4583 3501 4636 secundum
3529 4582 3658 4636 Abra
3717 4588 3724 4597 ‘

2110 4682 2191 4731 ha:
2216 4691 2424 4738 semen,
2450 4674 2740 4727 secundum
2785 4671 3157 4741 cognationem
3201 4674 3391 4727 matris
3422 4675 3539 4741 ejus
3566 4676 3670 4726 Ma-

2110 4767 2230 4831 rizr,
2261 4778 2317 4820 et
2342 4765 2608 4818 Elisabeth
2634 4763 2816 4816 matris
2835 4777 2965 4825 suae,
2997 4764 3355 4831 eumdemqne
3380 4763 3670 4821 Dominum.

2109 4871 2263 4924 quem
2293 4863 2345 4906 ct
2378 4858 2540 4907 Deunt
2569 4867 2720 4905 suum
2753 4849 3053 4921 [Dominum
3076 4850 3309 4905 ctDeum
3338 4850 3540 4923 suum],
3561 4852 3669 4921 quia

2110 4960 2245 4999 S‘Ctll
2274 4944 2385 5011 ipse
2407 4944 2509 5006 ait,
2541 4944 2617 4995 Es
2651 4940 2977 5010 plenitudine
3006 4944 3121 5004 ejus
3148 4943 3377 5009 accep’t.
3414 4943 3551 4995 Vidit
3570 4956 3669 4994 out-

2113 5039 2240 5092 nino
2261 5080 2274 5102 ,
2302 5046 2351 5089 et
2381 5035 2501 5088 ideo
2534 5036 2583 5086 in
2615 5033 2751 5086 natis
2794 5032 3076 5087 mulierum
3102 5032 3272 5101 major
3302 5034 3396 5087 illo
3426 5049 3530 5086 non
3559 5048 3669 5085 sur-

2115 5127 2251 5179 rexit
2279 5141 2292 5189 ;
2325 5126 2448 5193 quia
2492 5138 2619 5191 ergo
2646 5138 2708 5175 ιιι
2738 5121 2984 5174 omnibus
3015 5124 3494 5187 prmntmtian'ibus
3527 5120 3670 5174 Chri-

2117 5227 2254 5269 stum
2286 5216 2398 5283 ipse
2430 5215 2556 5268 vidit
2581 5256 2595 5281 ,
2629 5215 2766 5283 quod
2795 5215 2943 5267 multi
2969 5215 3099 5282 justi
3127 5225 3179 5267 et
3204 5217 3481 5283 propheta:
3504 5212 3669 5280 cupie-

2117 5317 2239 5361 runt
2260 5306 2437 5359 videre
2466 5318 2515 5359 et
2546 5321 2648 5358 non
2683 5306 2954 5370 viderunt,
2986 5305 3237 5358 salutavit
3264 5321 3340 5358 es
3374 5317 3524 5360 utero
3546 5304 3671 5378 [salo

2118 5398 2243 5448 ta~it
2274 5398 2324 5447 in
2354 5393 2546 5465 utero},
2580 5394 2790 5464 agnovit
2814 5396 3096 5461 perfectius
3119 5411 3181 5447 ex
3198 5396 3465 5453 columba.
3494 5395 3670 5449 etidco

2118 5497 2365 5552 tanquam
2396 5482 2719 5536 Utlolamites
2750 5498 2875 5536 vere
2921 5484 3283 5536 testimonium
3325 5486 3587 5553 perhibuit
3622 5485 3668 5535 iu

2118 5594 2271 5647 aqua.
2311 5577 2465 5631 \‘enit
2494 5586 2667 5629 autem
2700 5575 2951 5629 Dominus
2980 5577 3043 5629 ad
3076 5592 3205 5630 oves
3234 5578 3556 5642 tondendas,
3580 5576 3670 5630 ‘tos
