3886 6224
39 270 174 326 697
1290 276 1719 334 THESAURUS.
1758 278 1909 334 CAP.
1951 280 2159 335 LXXV.
3195 335 3200 341 .
3241 284 3347 339 698

39 401 137 439 est
172 391 560 445 exonerandas
587 390 810 444 sarcinis
842 389 1143 453 laboriosis,
1175 405 1237 445 ex
1262 392 1456 458 quibus
1488 393 1660 465 Eccle-
1690 398 1736 453 Λ
1766 394 1995 447 Canticis
2042 398 2371 450 canticorum
2423 414 2615 465 sponsa
2666 402 2752 456 illa
2806 403 3041 458 Ecclesia
3078 410 3192 466 est,
3226 418 3345 469 quae

40 492 165 530 «δτι
218 482 456 535 laudatae
487 481 537 533 in
577 480 808 534 Canticis
847 481 1203 542 canticorum,
1251 482 1442 534 dentes
1485 492 1666 535 essent

46 569 235 623 velut
264 587 393 639 grex
414 570 924 623 detonsaruni..lant
953 570 1187 623 Tltamar
1215 571 1451 625 habitum
1477 583 1663 634 mutet,

45 675 201 712 nam
251 670 307 717 et
338 668 673 713 commutatis
700 660 1078 727 interpretatur
1100 660 1368 723 Thamar,
1399 659 1491 714 sed
1523 663 1573 713 in
1604 674 1666 715 ca

46 764 311 814 prorsus
336 749 925 807 nomenamaritudiuis
953 751 1193 802 maneat!
1220 766 1321 803 non
1353 748 1494 803 illius
1517 761 1693 804 ama-'

54 840 350 893 ritudinis
371 840 424 893 iu
458 855 561 907 qua
594 840 817 893 Domino
847 838 915 893 fel
959 838 1297 901 ministravit,
1323 844 1414 892 sed
1446 841 1583 893 illius
1612 840 1666 894 in

49 950 180 1002 qua
220 935 415 990 Petrus
439 951 618 990 amare
640 934 821 998 licvit;
857 950 985 988 nam
1014 945 1063 989 et
1086 935 1221 990 Juda
1250 937 1436 990 Latine
1455 938 1692 1005 confese'

52 1026 156 1078 sio
187 1037 303 1082 est.
332 1027 661 1081 Confessioni
690 1042 816 1097 ergo
837 1027 1135 1081 amaritudo
1154 1026 1439 1081 misceatur
1463 1036 1519 1080 ut
1540 1043 1666 1082 vera

55 1119 413 1183 paenitentia
436 1115 822 1186 .prmsignetur.
854 1116 963 1171 llac
993 1118 1301 1186 pmnitentia
1340 1120 1448 1190 58
1474 1119 1666 1195 fecitne

54 1210 252 1265 datur
280 1209 611 1272 Ecclesia,in
634 1208 882 1263 erunibus
904 1208 1148 1278 gentibus
1169 1210 1475 1265 cons'ituta.
1499 1211 1668 1278 Opor-

59 1300 403 1353 tebarenim
424 1299 695 1357 Christum
728 1298 867 1368 pati,
895 1309 951 1355 et
990 1314 1271 1370 resurgere
1291 1300 1446 1354 tertia
1476 1300 1582 1365 die,
1614 1310 1668 1355 et

62 1388 374 1455 praedicari
409 1389 460 1443 in
494 1391 708 1443 nomine
747 1389 865 1458 ejus
896 1389 1259 1457 penitentiam
1299 1399 1354 1444 et
1389 1390 1669 1445 remissio-

65 1496 220 1537 nem
253 1493 587 1551 peccatorum
633 1498 727 1551 per
753 1482 1560 1551 omnesgeutesincipientibus
1597 1482 1666 1538 ab

66 1578 451 1632 Hierusalem.
483 1577 612 1631 Nam
642 1587 696 1633 et
736 1579 849 1648 ipse
881 1578 1090 1633 habitus
1120 1580 1490 1643 meretricius,
1532 1594 1668 1635 con;

67 1667 261 1721 fessio
291 1679 623 1737 peccatorum
649 1677 753 1724 est.
786 1669 992 1739 Typnm
1036 1673 1234 1740 quippe
1255 1671 1364 1740 jam
1415 1671 1667 1727 Ecclesia:

1734 558 1740 562 ὁ
1771 498 1994 539 vocatur
2022 498 2209 554 plllt‘lls
2238 504 2388 556 aqum
2417 493 2550 543 viva:
2570 535 2585 556 ,
2613 494 2815 549 etvhnic
2858 504 3015 563 puteo
3054 498 3339 563 septenarii

1770 579 1977 631 numeri
2007 595 2199 633 nomen
2234 582 2285 633 in
2320 581 2546 647 Spiritus
2574 586 2740 639 sancti
2782 587 3171 655 significatione
3208 603 3340 639 con-

1764 669 2002 737 jungitur
2031 680 2244 739 propter
2261 684 2311 724 et
2336 674 2595 726 rationi-nt
2620 674 2970 731 Pentecosmn
3014 695 3118 743 quo
3164 678 3252 731 die
3274 678 3343 729 de

1768 760 1907 815 coelo
1957 761 2150 814 missus
2194 761 2425 829 Spiritus
2450 748 2666 818 sanctus
2698 768 2860 818 venit.
2904 766 2977 821 De
3027 769 3342 835 St-ptimanis

1767 853 1907 914 enim
1938 864 2187 905 constare
2226 855 2469 907 eumdem
2522 855 2711 909 festum
2754 858 2890 911 diem
2925 859 3103 913 Tobire
3133 877 3344 927 quoque

1769 942 2038 1009 Scriptura
2090 953 2331 997 testatur.
2387 948 2466 999 Ad
2521 949 2872 1016 quadraginta
2925 966 3116 1003 novem
3166 960 3340 1003 autem

1769 1032 1908 1100 quod
1942 1044 2022 1085 est
2060 1034 2256 1101 septies
2283 1047 2487 1099 septem
2520 1053 2680 1089 unum
2728 1039 2977 1103 additur,
3018 1056 3123 1108 quo
3170 1043 3344 1092 unitas

1769 1124 2191 1177 Commendattu‘.
2246 1124 2297 1179 In
2352 1126 2450 1179 hac
2496 1130 2698 1180 ratione
2744 1131 2872 1183 vivit
2917 1132 3205 1197 apostolica
3258 1133 3344 1183 illa

1769 1216 2034 1279 sen'entia
2069 1233 2081 1268 :
2111 1216 2423 1270 sollerentes
2454 1218 2698 1285 invicem,
2733 1218 2784 1271 in
2811 1220 3095 1275 dilectione
3125 1222 3347 1275 Studen-

1770 1314 1853 1375 tes
1874 1321 2091 1360 servare
2118 1309 2373 1371 unitatem
2404 1310 2635 1372 Spiritus
2660 1312 2711 1364 in
2742 1311 2954 1365 vinculo
2983 1314 3145 1379 pacis.
3195 1315 3343 1366 Dono

1772 1395 1950 1463 itaque
1980 1398 2229 1466 spiritali,
2265 1399 2363 1453 hoc
2406 1410 2487 1452 est
2517 1404 2840 1468 septenario.
2883 1404 3016 1458 f-cta
3054 1416 3128 1459 est
3165 1406 3346 1458 Eccle-

1769 1487 1846 1540 sia
1870 1496 2062 1559 puteus
2091 1490 2373 1552 satietatis,
2400 1491 2519 1559 quia
2556 1486 2724 1548 lactus
2751 1506 2830 1557 est
2860 1496 2911 1549 in
2938 1512 2997 1549 ea
3034 1497 3147 1549 lous
3191 1511 3345 1564 aquze

1770 1577 2009 1630 salientis
2038 1578 2091 1631 iu
2119 1580 2281 1632 vitam
2325 1592 2601 1644 a-ternatn,
2635 1600 2791 1651 quem
2824 1586 2909 1650 qui
2959 1585 3199 1638 habuerit
3240 1602 3343 1637 non

1770 1668 1914 1721 sitiet
1936 1667 1988 1720 in
2017 1678 2297 1723 :eteruum.
2326 1668 2481 1724 Urias
2506 1687 2630 1725 vero
2654 1673 2741 1739 qui
2771 1675 2938 1726 fuerat
2965 1676 3185 1729 maritus
3206 1676 3343 1743 ejus,

70 1760 237 1823 gerit
264 1759 524 1822 Thamar,
552 1773 623 1813 ex
655 1760 901 1829 gentibus
925 1761 1395 1825 avocatae,sedens
1416 1776 1537 1815 cum
1564 1762 1664 1815 hoc
1696 1761 1739 1827 Β
1766 1759 2064 1827 quidaliud
2099 1776 2262 1831 quam
2305 1762 2574 1815 diabolum
2621 1766 2849 1816 nominis
2895 1766 2978 1817 sui
3024 1765 3343 1833 interprets:

72 1850 283 1904 habitu
308 1851 372 1905 ad
400 1859 605 1918 portam
624 1850 770 1904 Euan
794 1851 875 1906 vel
906 1851 1101 1915 Euain,
1122 1852 1264 1921 quod
1290 1852 1668 1921 interpretatur

73 1940 290 1995 fontes.
338 1940 586 1996 Cucurrit
629 1944 770 1997 enim
804 1943 947 1996 velut
985 1958 1181 1998 cervus
1204 1944 1479 1998 adfontes
1505 1931 1668 2015 aqua.-

75 2048 213 2084 rum
242 2031 517 2101 pervenire
537 2032 836 2088 adseruem
871 2034 1121 2101 Abrahae,
1154 2035 1263 2089 i'lic
1290 2050 1319 2088 a
1348 2051 1453 2089 non
1477 2052 1667 2105 cogno-

78 2134 279 2176 scente
297 2121 518 2186 fetatur,
556 2122 680 2191 quia
710 2122 777 2177 de
807 2124 891 2177 illa
925 2123 1235 2202 prtcdictum
1283 2136 1405 2180 est:
1440 2127 1667 2194 Ροιηιιιη

87 2227 262 2277 quem
293 2227 397 2265 non
422 2214 648 2282 cognovi
689 2214 911 2268 servivit
959 2216 1107 2269 mihi.
1139 2220 1356 2285 Accepit
1376 2219 1428 2272 in
1459 2222 1693 2275 occulto

83 2305 345 2357 annulum
376 2345 393 2369 ,
424 2308 619 2359 moulie
663 2314 718 2360 et
764 2307 963 2377 virgam
995 2323 1015 2360 :
1067 2309 1343 2363 vocatione
1391 2313 1664 2379 signatur,

83 2392 470 2462 jnsdficatioue
542 2396 856 2462 decoratur,
923 2398 1309 2465 glorificatione
1376 2403 1701 2469 exaltatnr._

82 2486 404 2549 Quosenim
437 2486 860 2553 pradesﬁnavit,
895 2487 1015 2540 illos
1042 2497 1097 2542 et
1124 2491 1355 2556 vocavit,
1407 2505 1541 2559 quos
1566 2508 1665 2546 an-

90 2585 205 2627 tem
231 2577 433 2630 vocavit
462 2616 478 2641 ,
508 2577 623 2629 illos
652 2587 705 2631 et
722 2565 1062 2644 jusfiilcavit,
1096 2588 1148 2633 et
1180 2595 1309 2648 quos
1335 2580 1663 2649 justifioavit,

91 2663 226 2718 illos
249 2677 300 2718 et
319 2664 643 2733 glorificavit.
674 2665 779 2719 Sed
807 2665 919 2720 base
945 2676 1002 2719 ut
1025 2668 1129 2721 dixi
1151 2669 1323 2723 adhuc
1350 2669 1402 2722 in
1433 2675 1661 2737 occulto,

99 2754 195 2808 ubi
220 2754 274 2809 lit
301 2767 350 2811 et
378 2758 665 2825 conceptio
689 2767 885 2811 sanctze
903 2760 1187 2813 ubertatis.
1220 2761 1445 2817 Mittitur
1485 2767 1662 2819 autem

94 2844 391 2914 promissus
408 2848 598 2903 bredns
626 2857 872 2919 tanquam
900 2852 1390 2917 meretrici,-haedus
1402 2856 1665 2924 exproba-

98 2935 178 2990 tio
207 2940 433 3004 peccati,
485 2955 580 3009 per
604 2942 847 2997 eumdem
894 2942 1249 2999 Odolamitem
1271 2940 1534 3016 tanquam
1554 2949 1665 3023 '-_in-
1698 2926 1703 2929 l

95 3042 399 3097 crepantem
426 3039 482 3085 et
524 3030 786 3086 dicentem
843 3032 1129 3091 Generatio
1177 3033 1510 3106 viperarum,
1561 3024 1655 3095 sed

1774 1846 1916 1900 tione
1940 1847 2234 1916 significat?
2266 1849 2432 1918 llujus
2462 1862 2614 1903 erant
2658 1854 2892 1918 pessimo
2931 1853 3178 1922 conjugio
3212 1855 3346 1908 deli-

1769 1937 1877 2004 gati
1919 1953 2105 1992 omnes
2134 1954 2267 2006 quos
2308 1941 2478 2008 gratia
2512 1941 2603 1993 Dei
2633 1942 2845 2005 liberat,
2875 1951 2931 1995 ut
2964 1943 3197 1997 Ecclesia
3230 1944 3347 1997 sine

1771 2027 1977 2079 marula
2006 2034 2061 2080 et
2090 2040 2217 2094 ruga
2260 2027 2523 2080 Salvatori
2574 2030 2792 2097 proprio
2840 2032 3136 2099 cepoletur.
3190 2033 3347 2088 Utits

1770 2132 1999 2184 namque
2048 2116 2426 2183 interpretatur
2462 2118 2548 2171 lux
2594 2136 2709 2173 mea
2742 2121 2850 2175 Dei.
2886 2123 3115 2175 Cetheus
3163 2135 3340 2177 autem

1768 2208 2007 2260 ab~cisus
2038 2207 2151 2259 sive
2186 2210 2325 2274 quod
2376 2210 2426 2260 in
2459 2210 2683 2264 veritate
2716 2226 2818 2265 non
2851 2213 3017 2274 stetit,
3050 2214 3143 2267 sed
3174 2230 3201 2265 a
3226 2216 3345 2268 luce

1768 2312 1862 2349 sua
1887 2313 2134 2363 superna,
2166 2312 2321 2364 quam
2353 2296 2419 2350 de
2454 2298 2558 2352 Deo
2592 2300 2822 2353 habebat
2863 2303 3126 2367 Superbiae
3156 2306 3346 2357 merito

1769 2386 2008 2443 abscisus
2036 2399 2136 2455 est,
2168 2391 2279 2443 sive
2310 2390 2450 2456 quod
2477 2390 2893 2457 cadendoveris
2936 2392 3139 2444 viribus
3165 2392 3345 2459 perdi-

1770 2482 1840 2535 tis
1871 2484 2209 2552 trausfigurat
2234 2501 2294 2539 se
2332 2494 2510 2538 tamen
2554 2486 2604 2537 in
2654 2485 2898 2554 angelum
2935 2487 3095 2549 luczs,
3141 2485 3344 2539 audens

1768 2576 1942 2629 adhuc
1982 2574 2159 2628 direre
2192 2592 2207 2627 :
2242 2576 2350 2628 Lux
2379 2589 2497 2629 mea
2530 2575 2619 2628 Dei
2651 2580 2729 2628 est
2763 2574 2946 2643 :-Ergo
2988 2576 3086 2628 iste
3128 2574 3343 2642 quidrm

1768 2664 1931 2720 David
1975 2668 2209 2734 graviter
2256 2667 2625 2734 scelerateque
2678 2665 2939 2733 peccavit,
2982 2664 3123 2732 quod
3168 2665 3345 2719 scelus

1767 2738 1884 2831 ejus
1908 2759 2067 2812 etiam
2104 2772 2197 2827 per
2243 2758 2562 2827 prophetam
2610 2756 2747 2811 Deus
2794 2756 2968 2824 arguit
2998 2755 3343 2824 increpando,

1766 2840 1820 2905 et
1846 2849 1959 2916 ipse
1984 2850 2155 2903 abluit
2183 2849 2510 2917 paenitendo.
2537 2856 2917 2926 verumtamen
2950 2846 3343 2917 ille‘desidera-

1766 2944 1889 2999 bilis
1917 2943 2169 2998 omnibus
2198 2944 2444 3011 gentibus
2475 2942 2739 2994 adamavit
2772 2940 3059 2993 Ecclesiam
3086 2954 3246 3007 super
3266 2947 3344 2991 te-

1767 3047 1909 3093 ctum
1941 3052 2000 3090 se
2029 3036 2316 3100 lavantem,
2344 3035 2393 3087 id
2423 3043 2505 3088 est
2556 3034 2895 3087 mandantem
2934 3048 2993 3086 se
3024 3048 3052 3083 a
3097 3030 3342 3098 sordibus

78 3130 208 3173 non
240 3122 353 3175 eam
398 3121 601 3177 invenit
645 3125 846 3191 peccati
872 3126 1213 3193 exprobratio
1238 3143 1399 3198 quam
1444 3123 1738 3185 mutavitC
1771 3127 1955 3181 saeculi
2013 3133 2069 3179 et
2105 3126 2321 3199 domum
2372 3125 2570 3183 luteam
2624 3122 2845 3190 spiritali
2892 3122 3343 3188 contemplatione

99 3211 447 3267 confessionis
483 3213 800 3268 amaritudo.
833 3216 959 3270 Post
982 3232 1111 3271 vero
1140 3229 1247 3273 tam
1279 3220 1503 3287 publicis
1533 3220 1662 3292 [jam

103 3300 396 3375 publicatis]
411 3303 574 3373 signis
594 3306 793 3373 annuli,
818 3308 1035 3361 monilis
1051 3309 1299 3379 etvirgte,
1320 3309 1451 3365 vicit
1465 3311 1667 3369 temere

103 3390 388 3454 prdicantes
412 3408 527 3455 eos,
553 3399 903 3464 quormnjaut
932 3413 1214 3466 personam
1236 3402 1530 3472 Judas‘ipse
1546 3394 1667 3475 ges-

104 3482 278 3550 tabat,
304 3483 394 3554 qui
422 3486 680 3556 hodieque
706 3487 916 3554 dicunt,
947 3505 1049 3544 non
1082 3491 1221 3548 hunc
1260 3508 1383 3549 esse
1414 3499 1663 3564 populum

105 3572 315 3639 Christi,
347 3591 445 3631 uec
475 3576 674 3634 habere
698 3594 794 3633 nos
818 3595 1002 3637 semen
1023 3584 1415 3647 'Abrahtemed
1446 3589 1665 3656 prolatis

106 3666 404 3722 certissimis
431 3669 766 3729 documentis
805 3680 1001 3728 nostra:
1051 3670 1343 3731 vocationis
1369 3677 1390 3740 ,'
1411 3678 1665 3745 just-lica"-

108 3757 265 3811 tinuis
286 3765 339 3810 et
375 3759 803 3828 gloriﬁcationis,
840 3769 959 3819 sine
998 3765 1160 3819 dubio
1199 3768 1591 3824 c'onl'undentur
1613 3779 1669 3824 et

110 3860 202 3899 nos
231 3846 388 3916 magis
409 3863 567 3918 quam
599 3866 657 3904 se
673 3851 990 3927 justiflcatos
1018 3869 1136 3909 esse
1166 3854 1491 3912 fatebuntur;
1526 3860 1665 3914 Enu-

114 3936 321 3992 cleatius
333 3939 446 4001 huic
471 3950 526 3995 et
547 3940 880 3997 membratim
904 3945 1296 4011 quodammodo
1318 3948 1665 4004 articulatim-

110 4039 203 4091 que
229 4040 493 4086 scrutarer
510 4043 671 4100 atque
695 4034 1012 4088 dissererem
1036 4048 1287 4103 quantum
1315 4040 1663 4094 intentionem

113 4137 272 4179 meam
318 4124 574 4178 Dominus
610 4123 921 4193 adjuvaret',
956 4126 1067 4185 nisi,
1099 4146 1184 4183 me
1210 4133 1276 4184 ab
1302 4132 1400 4186 hac
1438 4133 1665 4186 laborio-

112 4212 240 4268 siore
263 4215 530 4284 diligentia
578 4204 790 4269 ﬁniendi
821 4217 977 4285 hujus
1004 4219 1181 4288 operis
1202 4222 1345 4289 quod
1384 4224 1663 4295 plusquam

114 4304 288 4359 vellem
314 4308 422 4375 jam
445 4306 709 4375 prolixum
740 4316 995 4373 est,'cura
1024 4305 1352 4378 prohiberet.

624 4468 850 4525 CAPUT
889 4470 1120 4527 LXXIV.

174 4582 242 4634 De
270 4592 473 4649 peccato
502 4579 666 4634 David
690 4583 741 4633 in
760 4596 920 4635 uxore
949 4581 1087 4635 Uria:
1107 4583 1298 4649 Cet/lci;
1330 4603 1393 4641 ea:
1411 4588 1585 4641 eodem

648 4694 654 4700 .
725 4650 854 4703 fibra
877 4667 1007 4706 xm.

175 4760 313 4817 Nunc
340 4771 615 4832 peccatum
645 4762 805 4815 David
832 4763 957 4831 quid
1002 4764 1054 4817 in
1082 4766 1354 4832 prophetia
1391 4770 1657 4837 significa-

115 4854 253 4919 verit,
281 4862 470 4920 quanta
496 4868 709 4921 possunt
744 4854 997 4907 brevitate
1024 4858 1398 4925 perstringam.
1434 4858 1656 4913 Numina

116 4942 288 5007 quippe
315 4943 421 5009 ipsa
454 4943 797 5010 interpretata
826 4942 956 4994 satis
986 4945 1297 5010 ostendunt,
1337 4947 1460 5014 quid
1493 4950 1654 5002 etiaui

119 5032 204 5083 hoc
226 5031 873 5100 factumpraliguraverit.
894 5033 1054 5085 David
1076 5032 1469 5103 interpretatur,
1498 5051 1657 5091 manu

118 5121 273 5187 fortis,
302 5124 414 5177 sive
439 5123 828 5178 desiderabilis.
858 5124 921 5177 Et
942 5126 1065 5193 quid
1094 5126 1282 5179 fortius
1305 5128 1461 5182 leone
1484 5129 1572 5181 illo
1589 5130 1656 5183 de

120 5214 237 5267 tribu
257 5214 404 5280 Jutla,
432 5216 517 5285 qui
548 5214 675 5269 vicit
699 5215 990 5268 mundum?
1016 5217 1081 5268 Et
1098 5217 1221 5283 quid
1249 5218 1654 5273 desiderabilius

122 5305 202 5357 illo
229 5306 292 5360 de
319 5324 420 5374 quo
452 5309 707 5381 propheta
739 5307 869 5361 dicit
899 5325 911 5359 :
958 5307 1145 5377 Veniet
1175 5310 1509 5364 desideratus
1543 5329 1658 5364 mn-

122 5395 257 5450 uibus
276 5401 533 5471 gentibus.
566 5400 1451 5473 Bersabea:interpretaturputeus
1488 5403 1655 5475 δτιιίοτ

124 5488 247 5550 tatis,
275 5490 381 5543 sive
406 5502 594 5559 puteus
616 5493 891 5559 septimus.
921 5491 1223 5557 Quamlibet
1261 5501 1435 5543 autem
1472 5492 1656 5545 harum

126 5580 327 5635 nominis
352 5580 505 5650 hujus
549 5581 1044 5651 iuterpretatiouum
1096 5584 1144 5635 in
1192 5583 1240 5635 id
1288 5584 1426 5650 quod
1475 5585 1659 5637 dicere

125 5667 415 5731 intendimus
464 5691 795 5731 assumamus
842 5677 970 5730 satis
1012 5676 1274 5747 congrui.
1340 5676 1466 5730 Nam
1518 5689 1567 5729 ct
1607 5678 1657 5749 iu

1770 3217 2234 3294 transcendentem
2254 3226 2413 3284 atque
2428 3214 2746 3280 calcantem,
2771 3224 2823 3265 et
2846 3211 3088 3264 inchoata
3112 3226 3228 3262 cum
3255 3210 3342 3263 illa

1767 3311 1953 3378 piimaa
1980 3290 2347 3361 conventionis
2371 3305 2575 3370 notitia,
2615 3312 2735 3370 post
2759 3302 2825 3354 ab
2854 3316 2916 3354 ea
2946 3301 3153 3367 penitus
3185 3315 3343 3368 sepa-

1768 3388 1940 3471 ratum
1974 3399 2243 3454 diabolum
2274 3397 2497 3471 orcidit,
2526 3412 2752 3462 eamque
2782 3396 2882 3448 sibi
2930 3408 3185 3461 perpetuo
3214 3408 3342 3447 con-

1764 3466 1929 3543 nubio
1956 3472 2248 3561 coiiullvit.
2278 3467 2564 3540 Oderimus
2591 3501 2717 3554 ergo
2748 3484 3055 3552 peccatum,’
3079 3484 3175 3560 sed,
3216 3498 3339 3549 pro-

1768 3565 1978 3648 phetias
2033 3594 2138 3632 non
2191 3578 2926 3646 exstinguamus._Amemus
2968 3574 3113 3627 illum
3171 3574 3339 3626 David

1765 3660 2019 3740 quantum
2043 3668 2303 3722 amandus
2330 3678 2411 3722 est
2438 3669 2526 3735 qui
2554 3654 2653 3721 nos
2695 3682 2726 3739 a
2746 3666 2971 3737 diabolo
3005 3681 3096 3732 per
3127 3666 3339 3718 mi~eri—

1765 3761 2003 3813 cordiam
2030 3759 2293 3812 liberavit.
2323 3758 2578 3811 Amemus
2600 3767 2656 3811 et
2701 3744 2858 3811 istum
2909 3758 3068 3809 David
3112 3756 3200 3825 qui
3233 3765 3336 3809 tam

1762 3865 1926 3923 grave
1956 3852 2008 3904 in
2038 3866 2097 3906 se
2125 3836 2319 3906 vulnus
2348 3850 2640 3917 iniquitatis
2668 3850 2991 3918 pmnitentiae
3040 3849 3339 3903 humilitate

1766 3941 1997 3997 sanavit.

2319 4029 2545 4084 CAPUT
2570 4029 2783 4084 LXXV.

1768 4123 1843 4179 De
1865 4122 2156 4179 Salomonis
2199 4123 2600 4245 ρι’ἰιηυηῖἐιοηὶε
2638 4132 2811 4189 postea
2841 4124 3021 4188 malis;
3058 4139 3120 4177 ex
3163 4126 3336 4179 eodem

2423 4210 2437 4244 ι
2475 4210 2531 4245 ro
2574 4209 2703 4245 xxii.

2423 4209 2531 4246 ιυτο
2574 4209 2703 4247 XXII.

1834 4305 1947 4360 Jam
1968 4307 2036 4359 de
2067 4307 2352 4387 Salomone
2389 4305 2513 4373 quid
2557 4305 2753 4371 dicam,
2794 4321 2949 4375 quem
2992 4306 3331 4361 vehementer

1763 4402 1937 4470 arguit
1957 4408 2140 4454 sancta
2159 4400 2431 4469 Scriptura
2453 4410 2608 4469 atque
2632 4400 2972 4465 condemnat,
3005 4402 3240 4466 nihilque
3263 4406 3329 4456 de

1590 4518 1593 4519 ν
1686 4480 1737 4540 D
1764 4490 2066 4559 pwnitentia
2094 4490 2230 4558 ejus,
2256 4490 2341 4544 vel
2372 4489 2423 4544 iu
2454 4505 2574 4565 eum
2618 4490 2993 4559 indulgentiam
3023 4480 3326 4561 [indulgeu-

1767 4583 1877 4654 tich
1908 4586 1995 4639 Dei
2024 4587 2241 4638 omnino
2265 4586 2681 4640 commemorat?
2708 4599 2806 4637 nec
2835 4585 2961 4636 mihi
2991 4597 3208 4650 prorsus
3239 4600 3333 4635 nc-

1763 4676 1930 4743 eurrit
1968 4676 2092 4743 quid
2143 4676 2331 4728 saltem
2361 4676 2412 4726 in
2445 4676 2695 4742 allegoria
2731 4675 2861 4728 boni
2905 4675 3171 4742 signiﬁcet
3219 4675 3332 4727 brec

1765 4765 1883 4834 ejus
1914 4765 2085 4818 ﬂenda
2116 4766 2391 4817 subversio
2423 4764 2522 4817 nisi
2551 4766 2685 4818 f0rte
2715 4765 2836 4832 quis
2869 4764 3048 4824 dicat,
3083 4765 3333 4817 mulieres

1764 4856 2113 4923 alienigenas,
2142 4871 2363 4924 quarum
2396 4869 2577 4909 amore
2603 4864 2877 4925 exarserat
2906 4856 3204 4926 significare
3230 4854 3332 4905 En-

1763 4932 1957 5001 elesias
1986 4947 2180 5000 electas
2209 4948 2274 4999 de
2304 4928 2568 5013 gentibus.
2615 4946 2801 4999 Posset
2832 4945 2930 4998 hoc
2973 4946 3197 5018 fortasse
3229 4962 3330 4998 non

1762 5037 1991 5093 absurde
2015 5037 2257 5103 intelligi,
2282 5036 2327 5088 si
2353 5037 2451 5089 illa:
2486 5039 2701 5102 propter
2726 5040 3063 5091 Salomouem
3110 5038 3328 5089 (li-sere-

1765 5137 1885 5181 rent
1908 5128 2038 5181 deos
2065 5143 2211 5189 suos,
2234 5138 2289 5180 et
2307 5130 2543 5181 colerent
2560 5130 2720 5191 Deum
2743 5129 2878 5196 ejus.
2908 5128 3038 5180 Cum
3072 5143 3197 5179 vero
3221 5129 3331 5195 ipse

1764 5229 1979 5286 propter
2010 5219 2126 5271 illas
2155 5218 2377 5273 oll'eadit
2416 5219 2580 5271 Deum
2609 5234 2782 5280 suum,
2816 5229 2869 5272 et
2895 5225 3054 5271 C‘oluit
3086 5220 3214 5270 duos
3246 5236 3332 5270 ea-

1763 5326 1901 5372 rutn,
1935 5325 2038 5362 non
2080 5320 2155 5362 est
2187 5311 2310 5379 quid
2357 5312 2477 5364 inde
2511 5311 2633 5363 boni
2683 5311 2981 5379 crnjoctare
3016 5327 3326 5376 possemus;

1765 5416 1860 5454 nec
1895 5411 2067 5454 tamen
2096 5403 2225 5454 nihil
2254 5402 2481 5454 arbitror
2504 5402 2821 5470 significare,
2844 5402 2935 5453 sed
2953 5404 3170 5463 malum,
3195 5404 3330 5455 sicut

1770 5474 1835 5565 de
1868 5509 2035 5546 uxore
2069 5494 2383 5562 filiabusque
2416 5494 2547 5547 Loth
2578 5496 2823 5547 diximus.
2852 5499 3084 5561 Apparet
3109 5495 3246 5546 enim
3277 5494 3327 5547 in

1769 5602 1993 5653 personat
2028 5587 2183 5654 hujus
2213 5588 2513 5641 Salomonis
2545 5590 2673 5640 mira
2715 5590 3027 5641 excellentia
3057 5631 3070 5651 ,
3113 5596 3167 5640 et
3195 5592 3327 5642 mira

1767 5680 2060 5731 subversae.
2112 5680 2257 5743 Quod
2302 5678 2457 5750 igitur
2504 5680 2555 5732 in
2600 5679 2687 5731 illo
2717 5678 2941 5732 diversis
2990 5680 3316 5749 temporibus
