3886 6224
616 303 718 357 699

1657 295 1717 349 D.
1749 293 2066 349 EUGYPPII
2103 289 2390 348 Αθωτιε
2422 286 2739 344 ΑιδιιεεΑΝι

3731 285 3816 340 ττι

614 415 835 482 exstitit,
870 408 1012 482 prius
1033 415 1224 469 bonum
1247 421 1298 466 et
1320 401 1580 479 postei'ius
1621 409 1839 473 malum,
1865 408 1965 462 hoc
1992 407 2041 460 in
2067 405 2165 460 Ec-
2193 406 2242 465 Λ
2272 401 2411 454 niam
2438 417 2541 453 non
2565 398 2756 468 estqui
2785 411 2844 452 se
2863 395 3150 452 abscondat
3178 410 3208 449 a
3251 396 3432 450 calore
3470 397 3608 464 ejus,
3630 397 3759 450 dua
3785 401 3818 449 is

613 506 774 558 clesia
797 506 849 557 in
869 507 970 558 isto
991 507 1161 558 adhuc
1187 502 1401 566 strculo,
1422 499 1714 566 sitnuiuno
1738 508 1973 567 tempore
1994 507 2168 550 osten-

615 595 913 648 ditur.Nam
931 594 1063 648 bono
1077 593 1210 647 illius
1224 592 1391 645 bonos
1410 591 1825 653 Ecclesize,malo
1843 599 2014 643 autem
2031 588 2173 642 illius

615 685 782 736 malos
815 683 1063 737 Ecclesia:
1095 682 1424 753 sigtiiiicatos,
1452 694 1596 748 puto,
1633 693 1875 751 tanquam
1899 683 1949 732 in
1975 683 2173 734 unitate

619 775 772 826 unius
798 785 960 836 areae,
989 773 1126 826 sicut
1148 774 1197 825 in
1227 773 1314 826 illo
1337 788 1442 826 uno
1463 773 1676 826 homine
1699 772 1866 826 bonos
1890 772 1941 824 in
1975 770 2170 840 granis,

613 866 780 918 malos
809 864 858 915 in
883 863 1065 931 paleis,
1095 873 1152 916 ut
1182 864 1232 917 in
1260 864 1463 918 unitate
1492 865 1648 917 unius
1676 863 1894 930 segetis,
1924 861 2091 914 bonos
2120 861 2172 914 in

613 951 810 1016 tritico,
838 953 1004 1007 malos
1028 953 1081 1007 in
1110 954 1346 1008 silaniis.
1382 953 1441 1008 Si
1487 953 1608 1021 quid
1660 952 1783 1006 binc
1828 952 2048 1005 sane-in
2091 953 2175 1004 itis

614 1056 732 1108 qua!
757 1040 826 1095 de
856 1042 948 1095 illo
973 1043 1170 1112 scripta
1198 1052 1324 1098 sunt
1345 1043 1648 1112 diligentius
1672 1044 2034 1111 pertractatis,
2062 1043 2177 1098 sive

615 1132 767 1195 mihi,
799 1133 912 1188 sive
941 1134 1042 1187 hoc
1071 1135 1378 1189 doctoribus
1408 1130 1778 1204 [doctioribus]
1805 1144 1963 1202 atque
1991 1133 2188 1187 mclin-.

616 1223 766 1278 ribus
794 1225 936 1278 aliud
967 1225 1289 1293 probabilius
1313 1225 1526 1278 elucere
1549 1225 1798 1293 potuerit.
1822 1225 1971 1279 Nunc
2001 1233 2178 1280 tamen

616 1330 723 1370 non
757 1319 872 1371 eam
897 1332 1007 1372 rem
1038 1317 1106 1372 ita
1134 1317 1461 1384 dimisimus,
1489 1327 1542 1372 ut
1571 1320 1913 1398 intentionem
1938 1328 2178 1376 nostram

618 1407 671 1460 in
701 1408 801 1461 alia
828 1415 1214 1476 properantem,
1243 1419 1489 1478 tauquam
1516 1401 1811 1482 interrupta
1836 1413 2004 1470 series
2048 1430 2180 1472 con-

623 1498 851 1552 tcsionis
871 1498 1143 1566 impediat.

1151 1609 1376 1665 CAPUT
1406 1611 1641 1666 LXXVI.
1713 1617 1716 1620 ’

621 1687 696 1740 De
721 1689 865 1769 uituli
885 1691 1046 1769 capite
1065 1696 1319 1769 combusto
1341 1697 1460 1769 etin
1483 1714 1664 1766 aquam
1685 1716 1883 1769 sparso,
1912 1711 2181 1769 potumque

689 1760 878 1829 populo
903 1764 1044 1825 dato;
1069 1779 1135 1816 ea:
1153 1766 1325 1816 eodem
1354 1766 1481 1818 libro
1509 1760 1614 1820 isti
1641 1760 1815 1822 contra
1837 1760 2108 1838 Faustum.

689 1848 826 1912 Quid
849 1850 1006 1902 etiam
1035 1851 1359 1919 prapheticae
1387 1855 1784 1924 significationis
1827 1858 2185 1917 babuerit’re-

620 1941 935 2006 quirendum
971 1952 1080 2006 est,
1111 1945 1253 2012 quod
1281 1960 1344 2000 ex
1375 1946 1452 2001 eis
1483 1946 1673 2002 inultos
1700 1951 1788 2019 qui
1819 1950 1918 2006 sibi
1963 1953 2185 2009 absente

621 2031 757 2098 ipso,
809 2032 858 2085 id
887 2042 971 2087 est
1012 2033 1213 2104 Moyse,
1247 2036 1446 2090 idolum
1493 2038 1909 2108 fabricaverunt,
1938 2044 2054 2098 sine
2080 2025 2184 2099 ulla

621 2123 934 2191 cujusquam
954 2130 1356 2192 necessitudinis
1377 2129 1719 2187 distinctione
1734 2134 1896 2202 jussit
1915 2135 2187 2190 interimi?

623 2212 800 2268 Facile
821 2227 903 2270 eat
938 2226 994 2270 ut
1014 2218 1336 2288 intelligatur
1367 2220 1638 2276 hominum
1671 2223 1882 2279 illorum
1926 2227 2186 2281 interem-

623 2301 856 2369 ptinnein
900 2306 1474 2374 signiticare'vitiorum
1514 2312 1696 2366 talium
1735 2315 1979 2382 qualibus
2011 2316 2087 2370 ἰ.Ιὶ
2116 2304 2183 2372 τλά

623 2393 863 2448 eamdem
896 2396 1626 2460 idololatriam-detlnxerunt.
1659 2405 1712 2458 in
1741 2407 1862 2460 talia
1892 2410 2083 2477 quippe
2103 2411 2188 2463 vi-

625 2485 698 2536 tia
723 2482 916 2538 saevire
951 2499 1045 2541 nos
1068 2487 1219 2557 jubet
1250 2489 1512 2556 Psalmus,
1536 2507 1656 2546 cum
1699 2493 1866 2549 dicit:
1901 2496 2187 2552 irascimini

595 2593 598 2595 λ
622 2581 673 2626 et
700 2572 865 2628 mlite
885 2590 1126 2643 pccz-are.
1156 2579 1211 2631 in
1235 2579 1358 2632 talia
1383 2579 1504 2635 vitia
1533 2582 1724 2638 saevire
1750 2598 1847 2640 nos
1865 2585 2014 2655 jubet
2043 2589 2187 2658 Apo-
2277 2633 2279 2635 .

624 2663 815 2729 stolus,
831 2678 950 2719 eum
962 2665 1088 2719 dicit
1109 2683 1124 2719 :
1143 2666 1451 2724 Hortiiicate
1471 2673 1708 2726 membra
1721 2667 1919 2742 vestra,
1933 2691 2050 2746 qua:
2065 2686 2189 2734 sunt

625 2767 790 2822 super
838 2763 1072 2820 terram,
1110 2751 1530 2829 fonnicationem,
1584 2752 2007 2834 immunditiam,
2039 2769 2191 2825 luxu-

627 2847 786 2911 riam,
810 2849 1284 2916 concupiscentiam
1314 2854 1530 2915 malam.
1554 2864 1607 2910 et
1626 2855 1897 2913 avaritiam
1911 2875 2074 2931 ,~qu:e
2107 2866 2191 2918 est

576 2978 578 2980 τ
626 2935 886 2992 idolorum
917 2932 1292 3017 servitus.'Sed
1321 2945 1448 3013 quid
1471 2946 1572 3000 sibi
1609 2948 1740 3003 velit
1766 2950 1906 3019 quod
1934 2954 2082 3022 prius
2110 2953 2189 3010 fe-

559 3053 562 3056 -
625 3028 721 3094 cit,
747 3037 804 3080 ut
830 3029 1000 3097 ipsum
1016 3031 1236 3086 vitulum
1256 3034 1373 3103 igne
1393 3037 1752 3101 combureret,
1775 3039 2188 3114 minutatimque

625 3087 1005 3174 conciderent
1030 3120 1082 3173 in
1123 3087 1310 3189 aquam
1353 3087 1752 3194 spargeret,

2289 3098 2578 3201 pulumque
2601 3095 2718 3161 ejus
2746 3093 2860 3149 sive
2889 3091 3268 3201 prum-iisan“
3315 3088 3554 3194 ﬁguratis

624 3204 800 3272 daret,
828 3209 1082 3276 majorem
1111 3211 1463 3267 intentionem
1501 3218 1892 3286 perscrutanda
1925 3219 2189 3290 signiﬁca-

627 3297 791 3353 tionis
813 3299 1050 3368 inquirit.
1075 3301 1131 3356 Si
1159 3303 1310 3358 enim‘
1339 3304 1543 3360 tabulas
1577 3318 1709 3376 quas
1735 3310 1914 3388 digito
1942 3311 2058 3378 Dei,
2089 3314 2191 3369 hoc

515 3440 532 3454 ,
628 3397 712 3442 est
730 3392 1036 3458 operatione
1054 3391 1091 3447 S
1130 3394 1280 3446 iritus
1300 3396 1490 3461 sancti,
1509 3387 1744 3467 scriptas
1754 3387 2053 3469 acceperat,
2074 3403 2192 3458 ideo

588 3508 591 3509 ν
631 3478 806 3547 fregit,
833 3485 952 3547 quia
977 3481 1217 3551 indignos
1237 3498 1331 3539 eos
1358 3486 1547 3553 quibus
1570 3501 1661 3541 eas
1690 3489 1886 3558 legeret
1911 3490 2188 3558 judicavit.

630 3566 686 3623 Si
715 3571 941 3640 denique
963 3582 1018 3625 ut
1041 3575 1106 3626 ab
1132 3575 1209 3627 eis
1238 3575 1328 3629 ille
1365 3575 1560 3630 vitulus
1607 3578 1814 3646 penitus
1859 3580 2189 3650 aboleretur,

632 3659 871 3714 incendit
899 3676 1045 3726 cum,
1075 3665 1343 3730 contrivit,
1378 3665 1432 3720 in
1463 3680 1596 3736 aqua
1646 3670 1842 3736 sparsit
1883 3679 2042 3740 atque
2069 3674 2194 3729 sub-

635 3753 860 3817 mersit,
894 3756 1074 3822 utquid
1116 3766 1169 3810 et
1217 3759 1403 3824 potum‘
1427 3758 1526 3813 boc
1575 3759 1768 3828 populo
1807 3760 1988 3816 dedit?
2033 3778 2192 3833 quem

638 3858 745 3897 nun
775 3843 974 3898 excitet
1022 3844 1214 3898 factum
1239 3847 1361 3910 hoc,
1400 3847 1463 3899 ad
1494 3847 1857 3916 inquirendam
1903 3857 1957 3902 et
2002 3850 2198 3904 intelli-

634 3931 858 4000 gendum
888 3932 1248 4001 proplteticam
1284 3934 1722 4003 signiﬁcationem
1742 3938 1765 3988 ‘i
1789 3937 2045 3991 Occurrat
2066 3953 2196 4008 ergo

634 4023 741 4093 jam
768 4025 982 4095 intentis
1005 4025 1266 4078 mentibus
1296 4036 1542 4095 tanquam
1585 4026 1779 4081 diaboli
1808 4042 1998 4096 corpus
2028 4031 2079 4082 in
2115 4031 2196 4083 vi-

637 4110 768 4173 tuio,
800 4109 852 4165 id
880 4118 966 4164 est
1006 4111 1246 4167 homines
1271 4113 1324 4166 in
1351 4115 1596 4168 omnibus
1635 4117 1877 4182 gentibus
1913 4117 2102 4185 quibus
2130 4119 2196 4173 ad

641 4204 753 4258 haec
781 4204 1054 4274 sacrilegia
1093 4214 1273 4274 caput,
1305 4206 1405 4260 hoc
1444 4218 1523 4259 est
1571 4219 1754 4262 auctor
1800 4216 1884 4262 est
1931 4209 2193 4264 diabolus.

638 4298 873 4350 Aureum
921 4307 1196 4365 propterea
1240 4299 1360 4366 quia
1412 4299 1656 4354 videntur
1706 4301 2018 4355 idololatria:
2063 4304 2198 4357 ritus

609 4387 786 4440 -t'e'ut
830 4402 858 4438 a
902 4388 1226 4455 sapientibus
1273 4388 1513 4442 instituti.
1563 4389 1638 4444 De
1673 4389 1867 4458 quibus
1893 4391 2020 4445 dicit
2051 4390 2196 4460 Apo-

638 4472 807 4527 stolus
831 4489 845 4525 :
875 4472 982 4545 59
1009 4473 1264 4540 Quoniam
1293 4487 1670 4545 cognoscentes
1702 4478 1898 4544 Deum,
1928 4494 2031 4532 nun
2056 4479 2196 4533 sicut

641 4562 803 4616 Deum
829 4562 1261 4632 gloriﬁcaverunt
1285 4573 1376 4618 aut
1416 4568 1612 4634 gratias
1656 4578 1897 4636 egerunt,
1942 4569 2036 4624 sed
2070 4569 2228 4624 eva-'

641 4663 870 4707 nuerunt
893 4655 942 4706 in
973 4655 1380 4722 cogitationibus
1407 4655 1518 4709 suis
1554 4665 1611 4709 et
1644 4657 1981 4711 obscuratum
2009 4667 2090 4713 est
2114 4659 2194 4712 in-

641 4744 838 4811 sipiens
857 4760 950 4800 cor
978 4742 1162 4800 eorum
1189 4745 1427 4800 dicentes
1451 4762 1509 4800 se
1556 4762 1676 4802 esse
1727 4750 1996 4817 sapientes
2042 4751 2189 4804 stulti

645 4835 768 4889 facti
799 4847 944 4903 sunt,
968 4847 1021 4892 et
1047 4845 1390 4892 mutaverunt
1410 4839 1631 4906 gloriam
1664 4840 2073 4907 incorruptibilis
2099 4841 2192 4896 Dei

642 4925 696 4978 in
746 4925 1430 4996 similitudinemimaginis
1477 4930 1838 4997 corruptibilis
1880 4930 2108 4984 hominis
2137 4939 2193 4985 et

647 5017 920 5070 volucrum
957 5029 1010 5072 et
1051 5006 1448 5096 quadrupedum
1488 5030 1542 5074 et
1591 5031 1917 5087 serpentum.
1971 5021 2044 5076 Ex
2094 5023 2194 5077 bac

642 5106 794 5175 quasi
840 5107 1094 5176 sapientia
1131 5110 1229 5163 iste
1280 5109 1477 5163 vitulus
1519 5124 1708 5164 aureus
1746 5111 1919 5179 qualia
1949 5111 2192 5165 solebant

644 5195 1019 5266 Egyptiorum
1048 5199 1205 5250 etiam
1239 5199 1336 5266 ipsi
1384 5198 1633 5266 primates
1662 5210 1714 5253 et
1761 5207 2004 5267 tanquam
2050 5198 2190 5263 docti

643 5286 886 5340 homines
914 5285 1137 5339 adorare
1167 5286 1429 5354 ﬁgmenta.
1456 5287 1565 5341 Hoc
1590 5301 1716 5355 ergo
1739 5289 1907 5340 vitulo
1929 5286 2194 5354 signiﬁca-

642 5384 750 5427 tum
773 5381 859 5429 est
876 5388 1036 5428 omne
1062 5387 1273 5441 corpus,
1290 5375 1340 5428 id
1357 5385 1436 5430 est
1456 5377 1628 5430 omnis
1643 5378 1867 5430 societas
1889 5377 2184 5445 gentilium,

651 5465 964 5520 idololatria:
997 5465 1318 5519 deditorum.
1350 5466 1494 5521 Hanc
1521 5469 1832 5536 sacrilegam
1876 5468 2185 5522 societatem

646 5555 897 5610 Dominus
925 5555 1168 5610 Christus
1194 5557 1284 5610 illo
1299 5556 1425 5625 igne
1445 5557 1706 5612 comburit
1729 5558 1796 5613 de
1813 5573 1918 5626 quo
1941 5560 1991 5612 in
2018 5559 2186 5613 Eran-

641 5637 777 5712 g'rlio
801 5647 928 5700 dicit
957 5662 972 5701 :
1005 5645 1179 5714 lgracm
1225 5645 1340 5702 veni
1391 5645 1601 5700 mittere
1628 5646 1679 5700 in
1722 5653 1935 5720 terram,
1966 5655 2022 5702 ut
2053 5661 2182 5716 quo-

2272 505 2391 545 eum
2417 489 2640 542 credunt
2658 498 2861 556 gentes,
2893 486 3016 556 igne
3037 487 3245 540 virtutis
3258 485 3374 553 ejus
3403 483 3668 539 diabolica
3692 487 3746 538 in
3768 489 3824 538 ea

2275 578 2447 632 forma
2477 579 2733 641 solvatur,
2765 585 2932 631 totum
2963 576 3152 630 deinde
3203 589 3398 642 corpus
3438 574 3569 628 illud
3621 590 3822 628 comni-

2273 669 2468 732 nuitur,
2502 667 2552 721 id
2580 677 2664 722 est
2686 669 2750 720 ab
2777 667 2864 721 illa
2895 668 3047 721 maiae
3074 665 3483 736 conspirationis
3513 665 3818 718 cnnﬂatica:

2273 759 2548 813 discissum
2587 759 2746 813 verbo
2775 758 3010 812 veritatis
3032 759 3430 824 inimiliatur,et
3455 759 3824 811 comminuta:

2275 849 2326 904 in
2353 865 2540 917 aquam
2569 849 2810 912 mittitur,
2838 858 2894 901 ut
2921 863 3017 903 eos
3047 850 3294 904 Israelitze
3319 890 3334 914 ,
3368 850 3418 903 id
3448 859 3531 904 est
3564 849 3824 918 Evangeiir

2276 940 2654 1010 praedicatores
2674 954 2739 993 ex
2766 939 3028 1006 baptismo
3055 938 3106 992 in
3135 954 3228 993 sua
3257 939 3516 1001 membra.
3543 938 3648 992 hoc
3677 951 3760 991 est
3783 939 3828 990 ia

2276 1045 2471 1100 corpus
2498 1029 2819 1084 dominicum
2844 1028 3185 1094 transferant,
3236 1044 3460 1098 quorum
3485 1029 3828 1084 istas-litare-

2281 1121 2443 1176 Petro
2471 1121 2537 1174 de
2564 1121 2691 1189 ipsis
2739 1120 2986 1189 gentibus
3020 1120 3230 1174 dictum-
3258 1128 3340 1173 est
3369 1136 3383 1173 ;
3409 1122 3578 1175 Macta
3605 1129 3660 1173 et
3707 1133 3830 1171 nas-

2283 1210 2446 1265 duca.
2471 1209 2526 1264 Si
2550 1219 2718 1262 macta
2740 1218 2793 1263 et
2810 1209 3090 1275 manduca,
3117 1223 3280 1276 quare
3301 1224 3406 1260 non
3429 1211 3593 1263 etiam
3623 1210 3828 1263 alia“

2279 1308 2334 1352 et
2360 1299 2512 1353 bibe?
2541 1300 2607 1352 ita
2632 1299 2719 1353 ille
2748 1315 2778 1351 ν
2802 1303 2940 1352 tu'us
2969 1314 3061 1368 per
3082 1299 3254 1366 ignem
3276 1297 3400 1362 zeli,
3429 1306 3486 1350 et
3506 1300 3681 1352 acies-
3715 1298 3830 1352 Ver-

2281 1390 2355 1456 bi,
2383 1397 2439 1444 et
2464 1403 2649 1457 aquam
2677 1389 2946 1457 baptismi,
2977 1388 3044 1441 ab
3070 1389 3146 1442 eis
3176 1389 3350 1456 potius
3377 1401 3516 1454 quos
3556 1389 3830 1441 absorbere

2282 1478 2576 1532 conabatur
2603 1478 2887 1546 absorptus
2913 1485 3014 1533 est.
3061 1477 3116 1532 Si
3157 1492 3301 1546 ergo,
3337 1478 3453 1531 hate
3492 1493 3708 1546 quoque
3735 1480 3830 1530 ita

2284 1566 2678 1635 Scripturarum
2708 1567 2775 1621 de
2811 1567 3001 1636 quibus
3029 1566 3249 1622 Veisdem
3305 1565 3599 1633 Sciipturis
3648 1569 3830 1618 calum-

2287 1661 2500 1712 n'antur
2517 1657 2754 1711 ltmretici
2788 1659 3113 1724 perscrutaia
3137 1664 3193 1711 et
3212 1656 3607 1724 quodammodo
3629 1657 3834 1708 interro-

2215 1759 2260 1820 Β
2291 1757 2433 1816 gata,
2463 1757 2662 1818 quanto
2691 1747 2938 1800 videntur
2964 1745 3292 1808 obscuriora,
3325 1754 3476 1798 tanto
3501 1745 3831 1798 mirabilis-ra

2287 1837 2340 1890 in
2394 1851 2456 1890 se
2519 1836 2892 1905 mysteriorum
2951 1839 3231 1888 thesauros
3285 1833 3452 1888 latere
3507 1832 3834 1900 rapiendas.

2287 1926 2499 1993 Quanto
2517 1927 2685 1995 magis
2714 1926 2994 1993 impiorum
3025 1925 3334 1994 blaspheme
3355 1939 3449 1977 om
3477 1926 3837 1979 obmutescere

2286 2018 2868 2097 omniuodebentcum
2895 2018 3205 2085 oppilantur
3229 2015 3577 2083 apertissima
3605 2019 3830 2076 veritate,

2240 2131 2243 2135 ·
2285 2119 2472 2165 contra
2515 2122 2674 2180 quam
2729 2105 3018 2176 praefocan
3056 2102 3244 2174 spiritu
3286 2103 3412 2172 quid
3442 2104 3834 2158 mussitentnea

2279 2194 2598 2259 inveniunt,
2613 2206 2667 2249 et
2688 2195 2894 2250 malunt
2921 2191 3103 2247 miseri
3140 2192 3571 2247 maniiestatione
3590 2193 3705 2261 ejus
3726 2205 3834 2246 sua

2289 2286 2472 2346 fauces
2517 2282 2746 2350 obtutari
2792 2279 3097 2353 [obturari],
3142 2280 3619 2349 quam-suavitate
3671 2290 3836 2348 pectus
3884 2319 3886 2353 ξ

2289 2375 2503 2444 implere
2529 2370 3086 2442 (_impieri].t2bristum
3117 2371 3274 2436 igitur
3291 2380 3486 2422 sonam
3511 2369 3626 2422 tunc
3646 2371 3832 2430 mia,

2290 2474 2448 2532 caput
2465 2463 2591 2518 illud
2615 2462 2752 2531 quod
2768 2461 2876 2530 jam
2901 2459 3144 2518 ascendit
3167 2460 3222 2516 in
3237 2459 3458 2523 emtum,
3472 2469 3532 2512 et
3546 2459 3646 2511 hoc
3661 2472 3839 2524 corpu

2288 2551 2428 2620 ejus,
2456 2551 2595 2620 quod
2623 2564 2787 2617 usque
2817 2551 2870 2603 in
2897 2551 3053 2602 linem
3083 2547 3291 2601 laborat
3319 2547 3370 2599 in
3399 2554 3546 2600 terra
3566 2587 3582 2611 ,
3613 2547 3837 2612 scriben-

2291 2642 2422 2706 tium
2451 2642 2677 2696 Litteras
2709 2653 3044 2698 veresacras
3071 2638 3246 2693 omnis
3283 2638 3574 2705 parturivit
3612 2638 3838 2692 inte-tia.

2293 2746 2396 2786 nec
2419 2745 2539 2786 esse
2567 2731 2851 2800 quidquam
2877 2728 3202 2798 credendum
3237 2736 3320 2783 est
3344 2727 3603 2782 librorum
3630 2730 3838 2798 papae

2292 2823 2516 2878 ticorutn
2563 2821 2910 2875 contestione
2953 2827 3246 2886 narratum,
3275 2817 3418 2888 quod
3450 2833 3560 2873 non
3596 2818 3842 2889 signiﬁcet
3884 2829 3886 2850 ί

2291 2913 2488 2983 aliquid
2518 2912 2838 2978 futurorum,
2887 2911 2990 2964 nisi
3017 2926 3136 2980 qua:
3185 2910 3306 2964 ideo
3334 2909 3502 2977 posita
3535 2921 3682 2971 sunt,
3707 2920 3763 2964 at
3784 2924 3838 2962 es
3884 2909 3886 2983 ξ

2292 3005 2373 3064 eis
2393 3001 2783 3072 quodammodo
2816 3001 3107 3070 religentur
3130 3013 3191 3053 ea
3212 3013 3330 3067 qua
3365 2997 3513 3076 illum
3542 3012 3724 3067 regem
3753 3012 3840 3066 po-

2289 3185 2389 3242 ints
2429 3185 2656 3239 rebusve
2694 3183 3076 3252 praenuntient.
3104 3180 3254 3236 Sicut
3277 3183 3419 3235 enim
3463 3182 3516 3236 in
3553 3180 3774 3234 citharis
3798 3187 3840 3230 et

2289 3277 2660 3349 hujuscemodi
2687 3276 2906 3346 organis
2925 3274 3141 3328 musicis
3170 3289 3274 3328 non
3294 3275 3508 3343 quidem
3536 3273 3722 3327 omnia
3741 3283 3842 3338 qua
3884 3315 3886 3349 ἱ

2290 3377 2578 3438 tanguntur
2629 3380 2886 3421 canorum
2937 3362 3140 3432 aliquid
3175 3374 3482 3428 resonant,
3529 3362 3632 3414 sed
3684 3371 3839 3411 tamen

2290 3457 2529 3523 cliordm,
2558 3466 2749 3510 caetera
2791 3464 2970 3507 tamen
3012 3453 3064 3506 in
3095 3461 3206 3506 toto
3235 3451 3454 3505 citharae
3481 3463 3715 3517 corpore
3738 3448 3842 3500 ideo

2291 3549 2543 3603 fabricata
2572 3555 2718 3613 sunt,
2747 3555 2805 3600 ut
2830 3559 2970 3600 esset
3002 3542 3089 3597 ubi
3119 3543 3470 3606 _vincirentur,
3502 3542 3650 3595 unde
3675 3551 3728 3594 et
3754 3551 3839 3607 qua

2297 3637 2640 3691 tenderentur
2660 3635 2765 3689 illa:
2791 3649 2923 3702 quas
2945 3632 3008 3685 ad
3031 3632 3310 3685 cantilena
3331 3627 3648 3684 suavitatem
3677 3629 3839 3682 modu-

2295 3717 2567 3781 laturus'et
2598 3737 2944 3793 percussurus
2973 3729 3054 3775 est
3075 3718 3268 3773 artifex
3297 3735 3312 3772 :
3342 3719 3412 3772 ita
3433 3719 3484 3772 in
3515 3718 3599 3771 bis
3625 3715 3837 3786 propias.

2297 3815 2417 3868 ticis
2464 3812 2856 3867 narrationibus
2900 3824 3020 3880 quae
3047 3807 3137 3863 'de
3182 3809 3340 3862 rebus
3378 3807 3540 3876 gemis
3582 3807 3839 3860 hominum

2297 3904 2608 3973 prophetico
2635 3901 2821 3966 spiritu
2843 3899 3171 3968 deliguntur,
3194 3908 3286 3951 aut
3309 3899 3507 3965 aliquid
3524 3899 3641 3964 jam
3666 3906 3835 3950 sonant

2295 3993 2677 4061 significatione
2704 3990 3024 4052 futurorum,
3046 3999 3137 4040 aut
3161 3989 3207 4041 si
3235 3987 3368 4042 nihil
3397 3990 3506 4041 tate
3533 3987 3836 4054 signiﬁcant,

2297 4085 2362 4138 ad
2407 4085 2507 4138 ltoc
2551 4085 2982 4150 interponuntur,
3013 4088 3068 4133 ut
3095 4079 3162 4131 sit
3193 4077 3332 4132 unde
3375 4077 3464 4130 illa
3504 4075 3836 4139 signiﬁcantis

2299 4183 2547 4244 tanquam
2579 4173 2820 4228 sonantia
2864 4177 3269 4224 connectentur.
3310 4167 3416 4221 Has
3455 4177 3637 4221 autem
3680 4178 3834 4220 rerum

2297 4275 2564 4337 gestarum
2608 4263 2920 4332 allegoricas
2948 4260 3282 4316 narrationes
3309 4261 3353 4312 si
3386 4260 3575 4312 nolunt
3618 4254 3834 4311 lia-retiis

2298 4355 2435 4408 sicut
2457 4371 2484 4406 a
2513 4352 2664 4406 nobis
2689 4360 3030 4419 exponuntur
3053 4350 3312 4415 accipere,
3332 4348 3414 4400 vel
3439 4347 3596 4402 e;iam
3620 4346 3835 4399 nihileas

2224 4461 2273 4521 ι)
2297 4446 2396 4498 nisi
2419 4443 2557 4508 quod
2586 4442 2792 4510 proprie
2819 4449 3010 4495 sonant
3036 4440 3334 4506 signiﬁcare
3353 4436 3718 4497 contendunt,
3747 4448 3836 4486 non

2299 4534 2600 4588 luctandum
2622 4547 2741 4585 cum
2775 4529 3078 4583 hominibus
3095 4529 3181 4596 qui
3209 4527 3427 4581 dicunt:
3461 4526 3573 4579 Non
3600 4527 3736 4594 sapit
3759 4538 3835 4592 pa-

2297 4622 2406 4676 lato
2434 4636 2556 4676 meo
2583 4619 2720 4688 quod
2748 4631 2943 4686 sapere
2968 4617 3104 4670 dicis
3129 4625 3242 4678 tuo,
3269 4617 3412 4691 ~dum
3444 4625 3617 4668 tamen
3659 4626 3834 4680 eaqua:

2298 4710 2554 4764 divinitus
2581 4699 2963 4776 precip'iuntur
2988 4715 3080 4759 aut
3119 4718 3294 4756 mores
3350 4704 3706 4771 pietatemque
3745 4699 3833 4751 ior-

2299 4796 2469 4862 mare,
2493 4808 2587 4851 aut
2606 4796 2803 4864 aliquid
2843 4795 3064 4864 iigurate
3112 4791 3411 4861 signiﬁcare
3450 4793 3535 4844 vel
3569 4791 3832 4845 credantur

2298 4891 2381 4945 vel
2407 4890 2530 4944 intel
2556 4889 2894 4956 igantur,'aut
2916 4894 3199 4950 utrumque
3218 4885 3386 4948 potius
3402 4897 3559 4951 quam
3583 4892 3827 4938 neutrum,

2298 4983 2424 5037 dum
2453 4991 2628 5034 tamen
2652 4989 2708 5032 et
2734 4979 2846 5045 ipsa
2875 4991 2994 5045 qua:
3043 4976 3260 5042 ﬁgurate
3311 4973 3452 5027 dicta
3497 4973 3580 5026 vel
3610 4975 3738 5027 facta
3766 4971 3829 5022 in.

2300 5074 2629 5140 telliguntur,
2648 5069 2712 5123 ad
2737 5069 2950 5124 eosdem
2979 5080 3156 5120 mores
3185 5069 3351 5119 bonos
3389 5065 3735 5133 pietatemque
3758 5075 3829 5115 re-

2296 5161 2551 5216 ferantur.

2814 5282 3035 5338 CAPUT
3076 5280 3328 5337 LXXVII.

2294 5378 2370 5432 De
2407 5377 2593 5431 sentina
2631 5374 2918 5429 susitando
2961 5375 3104 5441 fratri
3149 5373 3416 5441 defuncto;
3452 5387 3514 5425 ex
3549 5370 3677 5423 libro
3702 5378 3820 5422 usu

2832 5453 3004 5496 contra
3035 5439 3298 5494 Faustum.

2360 5555 2412 5609 Si
2434 5556 2707 5622 quaesitum
2729 5570 2758 5607 a
2779 5555 2926 5607 nobis
2953 5553 3113 5606 fuerit
3130 5567 3224 5606 cur
3245 5551 3384 5605 illius
3399 5549 3718 5608 Testamenti
3739 5558 3816 5599 au-

2292 5648 2586 5702 ctoritatem
2611 5655 2882 5700 teneamus
2911 5643 3062 5712 cujus
3092 5645 3248 5697 ritum
3280 5655 3384 5696 non
3401 5640 3818 5703 observamus.ei
3884 5685 3886 5698 ,
