3886 6224
103 337 217 391 701

1257 321 1702 384 τιιεεωιιυε.
1742 320 1893 378 (Ἀρ.
1925 291 2178 377 ιχχνηζ

3235 315 3345 372 πε

104 455 178 508 ad
215 453 333 509 hoc
353 469 416 509 es
443 453 630 508 litteris
666 450 972 520 apostolicis
1000 446 1397 516 respondemus.
1427 443 1513 497 Ait
1534 441 1676 496 enim
1706 444 1756 502 Α
1784 437 1903 491 ﬁdei
1925 436 2380 500 Christianisunt,
2410 447 2517 488 non
2565 433 2620 488 in
2660 433 2925 490 fermento
2968 429 3168 487 veteris
3197 432 3342 494 vita,

105 544 461 611 Apostolus:
493 545 656 596 Nemo
679 555 808 609 ergo
849 538 1158 607 vosjudicet
1186 536 1241 588 in
1269 534 1388 587 cibo
1430 543 1484 584 et
1528 541 1678 599 potu,

108 648 213 694 aut
235 638 296 693 iu
330 647 477 708 parte
498 637 598 692 diei
627 637 766 700 festi,
807 643 896 690 aut
943 633 1263 694 Neomenlze,
1311 637 1400 681 aut
1425 627 1680 682 Sabbato-

110 745 272 794 rum,
299 727 442 794 quod
465 736 543 781 est
573 727 754 780 umbra
785 725 1097 778 futurorum.
1125 723 1194 772 Ita
1217 717 1409 787 quippe
1434 727 1486 770 et
1510 730 1604 769 cur
1621 728 1680 764 ea

113 821 231 889 legi
255 828 421 888 atque
447 820 610 888 accipi
633 818 872 887 epor'teat
898 812 1146 876 ostendit,
1191 809 1239 864 id
1267 819 1347 863 cst
1368 824 1432 862 ne
1455 806 1682 876 prophe-

117 914 263 967 tiam
294 913 712 982 exstinguamus,
739 910 856 978 quia
885 909 935 962 in
961 906 1145 960 umbra
1177 903 1309 956 facta
1338 912 1455 955 sunt
1484 900 1685 952 futuro—

117 1017 274 1071 rum,
301 1011 359 1058 et
385 1017 570 1057 curare
596 1015 692 1054 nos
713 1015 813 1053 non
836 998 1027 1052 debere
1057 1011 1148 1051 eos
1173 994 1261 1063 qui
1291 1007 1385 1046 nos
1407 991 1529 1045 hinc
1545 989 1686 1057 judi-

119 1105 260 1148 care
293 1093 581 1158 voluerint,
632 1090 768 1159 quod
817 1089 1156 1157 corporaliter
1172 1086 1279 1154 jam
1309 1100 1410 1137 non
1432 1083 1685 1135 observe-

122 1198 280 1252 mus,
312 1186 452 1238 sicut
481 1184 602 1238 alibi
633 1183 736 1238 tale
781 1181 1027 1250 quiddam
1070 1177 1215 1231 dixit.
1267 1175 1388 1229 Hzec
1432 1175 1482 1228 in
1523 1173 1686 1240 ﬁgura

123 1275 518 1344 contingebant
545 1274 670 1336 illis,
716 1272 912 1339 scripta
952 1278 1074 1322 sunt
1114 1276 1289 1321 autem
1337 1273 1549 1334 propter
1572 1278 1686 1317 cor-

125 1366 441 1434 reptiunem
463 1374 719 1428 nostram,
739 1363 789 1416 in
815 1376 947 1430 quos
975 1360 1092 1413 ﬁnis
1117 1360 1427 1413 saeculorum
1451 1355 1685 1410 obvenit.

127 1451 277 1513 Cum
311 1460 442 1524 ergo
470 1455 570 1506 tale
598 1453 793 1519 aliquid
827 1451 1014 1519 legitur
1036 1451 1086 1502 in
1112 1450 1459 1502 instrumento
1485 1445 1693 1499 Veteris

129 1537 499 1605 Testamenti,
532 1542 686 1610 quale
715 1557 744 1594 a
771 1541 920 1593 nobis
964 1539 1043 1592 vel
1071 1538 1362 1602 observari,
1387 1536 1467 1588 vel
1489 1537 1692 1600 jussutn

134 1651 251 1689 non
273 1644 360 1689 est
386 1635 438 1687 in
462 1632 609 1688 Novo
637 1633 993 1694 Testamento,
1046 1629 1126 1682 vel
1165 1629 1321 1682 etiam
1353 1625 1691 1695 prohibitum,

131 1724 272 1794 quid
321 1722 583 1791 signiﬁcet
619 1720 960 1787 quaerendum
1007 1727 1089 1771 est
1113 1755 1129 1780 ,
1171 1731 1274 1768 non
1305 1712 1695 1782 reprehenden-

1785 533 1886 584 hoc
1911 543 1994 583 est
2021 530 2254 595 ma‘itia,
2284 529 2377 582 sed
2403 531 2452 581 iu
2482 529 2647 595 ip‘sius
2687 527 2806 582 ﬁdei
2839 525 3062 581 veritate
3089 532 3147 578 et
3172 525 3350 580 since-

1782 621 1939 673 ritate
1968 618 2304 683 custodiunt;
2351 633 2456 671 non
2484 625 2689 685 septem
2717 616 2908 702 diebus
2932 615 3025 670 sed
3066 615 3215 700 omni.
3238 616 3350 678 die,

1784 710 1921 779 quod
1969 710 2321 778 signiﬁcatum
2366 717 2448 762 est
2484 705 2712 763 numero
2756 706 2958 762 dierum
3006 707 3345 774 septenario,

1745 817 1888 882 'quo
1939 801 2172 869 quotidie
2220 801 2397 854 omnis
2443 800 2674 853 volvitur
2725 799 2862 853 dies.
2893 800 3043 866 Quod
3095 801 3195 853 etsi
3243 797 3347 851 ali-

1786 903 2038 962 quantum
2097 893 2419 945 laboriosum
2466 901 2547 946 est
2588 893 2638 946 in
2681 891 2781 945 hoc
2829 894 3043 954 saeculo,
3097 893 3344 958 quoniam

1785 991 2004 1049 angusta
2035 990 2089 1035 ot
2117 991 2260 1035 arcta
2292 990 2374 1034 est
2403 982 2487 1033 via
2517 995 2632 1049 quae
2663 980 2805 1033 ducit
2835 981 2898 1033 ad
2929 982 3110 1045 vitam,
3141 993 3348 1033 merces

1787 1084 1962 1127 tamen
2008 1083 2148 1127 certa
2192 1081 2452 1126 servatur.
2499 1071 2628 1124 Nam
2667 1071 2783 1138 ipse
2829 1072 2979 1125 labor
3021 1070 3348 1140 signiﬁcatus

1788 1175 1871 1217 est
1910 1165 2014 1218 illis
2057 1164 2296 1233 pigridiis
2330 1163 2467 1229 quod
2494 1164 2872 1232 aliquantulum
2904 1165 3183 1224 subamara
3215 1165 3346 1217 sint.

1790 1257 2137 1310 Pentecosteu
2169 1255 2359 1320 etiam,
2407 1254 2459 1308 id
2499 1267 2580 1309 est
2615 1271 2645 1308 a
2688 1255 2932 1324 passione
2972 1267 3039 1313 et,
3073 1269 3349 1309 resurrec—

1792 1348 1935 1401 tione
1987 1347 2193 1400 Domini
2245 1345 2735 1415 quinquagesimum
2780 1346 2919 1398 diem
2974 1344 3346 1409 celebramus,

1791 1453 1896 1505 quo
1924 1435 2077 1490 nobis
2104 1434 2356 1504 Spiritum
2387 1449 2628 1489 sanctum
2661 1435 2980 1502 paracletum
3031 1448 3188 1503 quem
3227 1449 3351 1499 pro-

1793 1528 2013 1582 miserat
2047 1526 2230 1592 misit,
2275 1525 2417 1594 quod
2462 1525 2692 1578 futurum
2725 1525 2882 1577 etiam
2927 1539 3018 1592 per
3045 1523 3348 1578 Judmorum

1795 1618 1987 1688 pascha
2013 1611 2363 1685 signiﬁcatum
2395 1623 2496 1680 cst,
2521 1629 2641 1668 cum
2664 1615 3099 1684 quinquagesimo
3120 1615 3205 1668 die
3232 1621 3354 1682 post

1795 1692 2209 1783 celebrationem
2237 1709 2351 1762 ovis
2377 1708 2565 1760 occisa:
2592 1707 2763 1762 Moses
2785 1708 2947 1770 digito
2977 1706 3069 1760 Dei
3101 1706 3353 1774 scriptam

133 1808 444 1884 duin,‘quia
471 1828 535 1868 eo
554 1813 672 1882 ipso
695 1825 798 1882 quo
820 1811 927 1875 jam
954 1823 1054 1863 non
1081 1809 1407 1869 observatur,
1428 1820 1532 1858 non
1548 1805 1694 1884 damf
1725 1810 1772 1870 Β
1799 1801 1965 1870 legem
1993 1800 2200 1869 accepit
2225 1801 2276 1854 in
2305 1809 2503 1854 monte.
2524 1799 2705 1868 Legite
2730 1799 3070 1867 Evangelium
3091 1809 3147 1854 et
3165 1801 3356 1852 adver-

138 1917 358 1970 nltom,
387 1906 479 1961 sed
509 1906 778 1974 impletum
803 1904 1069 1972 probatur.
1117 1900 1263 1957 Unde
1289 1900 1449 1952 multa
1481 1906 1535 1951 et
1555 1909 1697 1963 saepe

139 1993 254 2067 jam
282 1995 545 2058 diximus,
571 1994 714 2049 velut
739 1993 839 2046 hoc
878 1993 1044 2060 ipsum
1084 1989 1349 2058 quomodo
1394 2001 1497 2040 non
1542 1985 1699 2038 intel-

140 2086 345 2157 ligens;
377 2084 600 2138 Faustus
652 2079 915 2136 mandatis
970 2079 1175 2135 Veteris
1226 2075 1548 2133 Testamensi
1604 2087 1701 2143 pro

141 2174 378 2230 eri-sine
399 2172 633 2246 obiecit,
662 2172 804 2242 quod
835 2186 1051 2225 uxorem
1097 2168 1274 2224 intris
1301 2167 1366 2222 ad
1408 2166 1507 2220 hoc
1537 2164 1700 2219 frater

147 2266 336 2335 illius
357 2273 442 2319 est
467 2264 683 2329 ducere,
712 2266 768 2316 bt
797 2276 900 2316 non
932 2259 1053 2325 sibi,
1096 2260 1186 2313 sed
1217 2259 1293 2312 illi
1319 2257 1554 2311 sobolem
1583 2247 1701 2308 sua;

138 2355 383 2426 ‘e‘ttaret,
410 2352 630 2422 ejusque
654 2360 872 2407 vocaret
911 2349 1124 2405 nomine
1168 2348 1304 2417 quod
1350 2346 1472 2401 inde
1516 2357 1702 2399 nasce-

153 2453 340 2508 retur;
365 2442 494 2512 quid
523 2443 662 2496 aliud
709 2442 764 2495 in
807 2441 972 2511 ﬁgura
1016 2447 1385 2509 prtemonstrat
1428 2435 1530 2490 nisi
1577 2435 1703 2503 quia

154 2527 805 2602 «usqum-Evangelii
834 2529 1146 2606 prndicator
1185 2527 1429 2581 ita'dcbet
1446 2528 1496 2580 in
1515 2526 1704 2581 Eccle-

112 2675 114 2677 .
152 2623 235 2676 sia
265 2623 529 2686 laborare,
583 2628 640 2674 ut
685 2618 936 2673 defuncto
983 2617 1154 2683 fratri,
1194 2618 1298 2672 hoc
1344 2627 1437 2672 est-
1468 2617 1700 2685 Christo,

153 2711 381 2766 suscitet
409 2725 590 2764 semen
615 2709 704 2778 qui
734 2723 827 2777 pro
855 2696 1007 2762 nobis
1051 2720 1291 2767 mortuus
1329 2717 1428 2770 est,
1485 2718 1539 2762 et
1567 2708 1704 2776 quod

155 2804 471 2858 suscitatum
498 2800 660 2854 fuerit
686 2800 802 2868 ejus
831 2811 1022 2853 nomen
1053 2799 1299 2864 accipiat.
1344 2798 1578 2869 Denique
1606 2798 1708 2857 hoc

156 2890 388 2959 impleas
417 2889 722 2956 Apostolus,
753 2902 856 2940 non
878 2886 986 2956 jam
1015 2887 1312 2952 carnaliter
1332 2887 1384 2939 in
1434 2886 1707 2955 praemissa
1741 2876 1743 2878 ’

158 2979 571 3050 signiﬁcatione,
619 2976 711 3032 sed
759 2977 1064 3042 spiritaliter
1088 2977 1141 3030 in
1171 2977 1704 3058 complctaveritate,

159 3084 296 3140 quos
316 3069 370 3123 in
395 3069 610 3123 Christo
635 3067 763 3123 Jesu
793 3064 882 3134 per
913 3062 1254 3137 Evangelium
1289 3081 1348 3122 se
1388 3061 1711 3122 commemo-

1801 1892 1893 1946 tite
1923 1892 2179 1962 Spiritum
2210 1904 2449 1945 sanctum
2502 1893 2820 1959 appellatum
2871 1891 3091 1960 digitum
3125 1891 3237 1947 Dei.
3281 1891 3352 1945 Ea

1798 1984 1992 2053 quippe
2013 1983 2376 2038 anniversario
2398 1984 2450 2036 in
2479 1983 2718 2036 Ecclesia
2741 1982 3097 2047 celebrantur,
3128 1998 3246 2052 qua
3270 1982 3357 2036 in-

1798 2073 2019 2141 signiter
2040 2071 2356 2127 excellentia
2383 2073 2548 2126 certis
2570 2070 2754 2124 diebus
2772 2072 2908 2124 facta
2930 2080 3074 2138 sunt,
3098 2083 3152 2126 ut
3173 2087 3358 2126 eorum

1799 2167 2152 2221 necessariam
2167 2164 2540 2233 salubremque
2561 2163 2869 2217 memoriam
2891 2154 3151 2218 festivitas
3169 2178 3249 2218 eo:
3272 2179 3361 2219 ce-

1801 2254 2004 2310 lebrata
2015 2253 2300 2309 custodiat.
2316 2255 2372 2308 Si
2385 2254 2540 2308 vultis
2552 2269 2678 2323 ergo
2693 2268 2846 2308 nosse
2859 2269 3021 2323 quare
3031 2254 3362 2310 celebremus

1800 2345 2025 2411 Pascha,
2059 2346 2179 2414 quia
2210 2355 2334 2399 tunc
2355 2360 2452 2414 pro
2485 2343 2962 2399 nobis’immolatus
2985 2353 3066 2398 est
3092 2343 3384 2400 Christus.‘

1800 2436 1911 2506 60
1935 2435 1992 2490 Si
2022 2436 2179 2491 vultis
2206 2449 2333 2503 ergo
2359 2449 2518 2489 nosse
2540 2448 2706 2502 quare
2725 2449 2831 2488 non
2862 2433 2990 2488 illud
3021 2435 3124 2487 ritu
3146 2433 3362 2502 judaico

1802 2525 2158 2592 celebremus,
2185 2524 2306 2593 quia
2335 2523 2425 2576 illa
2466 2533 2581 2576 crat
2608 2525 2816 2576 venturi
2848 2523 2957 2576 veri
2980 2523 3360 2592 praeﬁguratio,

1804 2615 1918 2668 haec
1938 2604 2184 2683 completi
2203 2617 2638 2669 commemoratio
2677 2613 2931 2671 Futurum
2953 2624 3128 2669 autem
3151 2625 3204 2670 et
3226 2614 3386 2685 pra?

1807 2706 2020 2760 teritum
2047 2719 2147 2760 nec
2173 2705 2302 2773 ipsis
2329 2704 2506 2758 verbis
2553 2719 2648 2759 uos
2675 2705 2748 2759 ris
2776 2706 2962 2775 eodem
2993 2704 3154 2759 modo
3195 2719 3365 2766 enun-

1807 2794 1988 2861 tiatur,
2019 2795 2158 2848 unde
2179 2793 2290 2862 jam
2318 2793 2448 2846 satis
2478 2793 2532 2846 in
2561 2790 2665 2847 hoc
2688 2783 2852 2863 opere
2882 2793 3041 2851 locuti
3069 2808 3276 2850 sumus.
3304 2795 3365 2851 Si

1807 2877 1983 2958 autem
2005 2895 2060 2941 et
2083 2878 2201 2940 hac
2225 2882 2382 2958 [hoc]
2406 2887 2664 2952 quaeritis,
2695 2900 2789 2941 cur
2809 2900 2876 2940 ea
2908 2885 3151 2940 omnibus
3173 2885 3305 2941 cibis
3331 2894 3363 2940 a

1809 2975 2074 3053 quibusin
2105 2971 2291 3030 umbra
2323 2976 2619 3033 futurorum
2644 2974 2866 3043 populus
2893 2987 2974 3031 est
2995 2976 3086 3031 ille
3124 2975 3367 3039 prohibi-

1811 3078 1918 3135 tus,
1949 3084 2044 3130 nos
2069 3068 2350 3122 morticioo
2377 3079 2428 3122 et
2456 3067 2792 3122 immtrlatitio
2823 3083 2927 3121 non
2975 3068 3241 3123 vescimur
3261 3059 3367 3123 ἳέι

159 3170 246 3215 rat
262 3157 530 3228 genuisse,
559 3165 838 3211 succenset
861 3157 962 3221 eis,
993 3164 1047 3209 et
1071 3170 1164 3210 eos
1190 3157 1469 3224 increpans
1492 3155 1705 3225 corrigit
1735 3151 1786 3229 ς’
1813 3160 1915 3215 hoo
1941 3159 2122 3214 audite
2143 3169 2198 3214 et
2232 3159 2512 3213 calumniis
2566 3160 2810 3213 vanitatis
2855 3173 3035 3213 verum
3081 3160 3367 3229 aliquando

148 3248 404 3303 -voleutes
430 3261 552 3303 esse
572 3246 741 3302 Pauli.
771 3245 1012 3315 Nunquid
1043 3247 1258 3312 Paulus,
1281 3249 1465 3316 inquit,
1491 3263 1585 3316 pro
1613 3263 1709 3301 vo-

164 3341 248 3395 bis
267 3339 550 3415 cruciﬁxus
567 3339 684 3396 est?
701 3349 791 3392 aut
814 3339 865 3393 in
893 3338 1034 3393 Pauli
1062 3339 1275 3407 nomine
1289 3338 1532 3407 baptizati
1550 3339 1733 3394 estis?-

165 3435 414 3500 tanquam
464 3429 662 3483 diceret
686 3446 706 3481 :»
729 3419 990 3482 Defuncto
1038 3426 1187 3487 fratri
1230 3442 1322 3480 vos
1348 3427 1526 3496 genui,
1557 3428 1713 3483 Citri-

165 3519 324 3572 s'iani
353 3511 633 3581 vocamini,
657 3533 760 3571 non
792 3516 1048 3572 Pauliani.
1076 3520 1143 3571 At
1172 3533 1297 3572 vero
1318 3517 1407 3586 qui
1429 3518 1629 3572 electus
1649 3518 1716 3572 ab

168 3610 402 3667 Ecclesia
427 3610 777 3671 ministerium
806 3608 1203 3679 evangelizandi
1235 3611 1491 3674 renuerit,
1516 3599 1583 3664 ab
1603 3610 1714 3678 ipsa

170 3698 408 3755 Ecclesia
432 3699 625 3754 merito
652 3700 913 3768 digneque
951 3699 1324 3754 contemni'ur.
1349 3699 1458 3754 Hoc
1476 3709 1556 3752 est
1575 3714 1715 3752 enim

169 3789 310 3858 quod
339 3789 389 3841 iu
417 3789 533 3856 ejus
559 3789 742 3842 [aciem
768 3788 981 3856 jubetur
1022 3803 1300 3857 exspuere,
1329 3802 1429 3842 non
1454 3802 1582 3842 sane
1605 3787 1718 3841 sine

169 3882 323 3950 signo
334 3879 490 3949 hujus
507 3878 776 3948 opprobrii
795 3886 849 3932 ut
866 3880 1210 3934 calciamento
1230 3879 1375 3949 pedis
1396 3879 1550 3932 unius
1571 3890 1722 3932 exuao

173 3982 285 4037 tur,
315 3987 378 4024 ne
398 3972 470 4024 sit
494 3972 543 4023 in
576 3985 760 4046 eorum
785 3979 927 4023 sorte
954 3971 1144 4038 quibus
1167 3969 1277 4038 ipse
1306 3969 1586 4046 Apostolus
1610 3969 1716 4023 ait:

173 4061 244 4116 Et
267 4061 464 4115 calciatl
491 4061 652 4129 pedes
681 4043 1201 4126 invpra'par'ationem
1245 4043 1512 4126 Evangelii
1549 4057 1720 4125 pacis,

173 4163 231 4207 et
250 4153 319 4203 de
339 4150 530 4218 quibus
559 4157 938 4203 commemorat
987 4147 1234 4216 propheta
1267 4166 1278 4200 :
1305 4149 1468 4214 Quam
1498 4148 1720 4216 speciosi

174 4242 549 4313 pedeS‘eorum
575 4241 664 4309 qui
685 4244 992 4294 annuntiaut
1032 4255 1232 4308 pacem,
1259 4238 1355 4308 qui
1407 4235 1747 4293 annuntian‘t.

177 4333 337 4398 bona,
364 4332 452 4400 qui
482 4331 621 4386 enim
644 4332 720 4385 sic
741 4333 1103 4398 evangeliorum
1155 4330 1310 4383 ﬁdem
1353 4338 1517 4393 tenet,
1571 4338 1628 4382 ut
1671 4335 1727 4382 ει

176 4421 280 4477 sibi
300 4422 483 4490 prosit,
516 4431 571 4474 et
601 4420 853 4503 Ecclesia:
899 4419 1153 4487 prodmse
1201 4435 1303 4473 non
1347 4427 1556 4485 renuat,
1587 4419 1724 4473 bene

1812 3250 2125 3319 prrepunite.
2150 3246 2264 3302 Cur
2290 3249 2432 3303 enim
2459 3263 2567 3302 non
2591 3248 2836 3316 expediat
2861 3248 3368 3307 immolatitio..vesci

1812 3339 2112 3394 Christiano
2140 3337 2426 3407 Apostolus
2453 3337 2616 3392 dicit:
2642 3338 2781 3414 ﬂcio
2810 3353 2924 3406 vos,
2958 3339 3160 3407 inquit,
3189 3338 3368 3393 socios

1815 3427 1929 3484 ﬁeri
1966 3426 2375 3501 daemoniorum.
2421 3415 2610 3494 Neque
2645 3427 2786 3482 enim
2808 3425 3004 3493 _-ipsam
3047 3427 3368 3481 immolatio-

1815 3529 1935 3570 nem
1982 3513 2328 3584 reprehendit
2380 3528 2536 3582 quam
2588 3514 2853 3569 faciebant
2902 3525 3076 3584 patres
3126 3516 3372 3586 prefigu-

1817 3617 1996 3662 rantes
2022 3607 2331 3676 sanguinem
2363 3606 2607 3660 sacriﬁcii
2636 3623 2742 3677 quo
2787 3620 2886 3662 nos
2925 3607 3174 3664 Christus
3217 3610 3372 3666 rede-

1817 3697 1932 3760 mit,
1955 3695 2050 3750 sed
2077 3710 2194 3764 qua
2230 3695 2506 3749 immolant
2559 3706 2767 3764 gentes.
2825 3696 3106 3752 Dtemoniis
3127 3741 3143 3765 ,
3174 3697 3371 3767 inquit,

1818 3786 2112 3850 immolant,
2139 3790 2193 3838 et
2221 3799 2323 3837 non
2353 3784 2483 3838 Deo.
2515 3783 2712 3839 Deinde
2731 3785 3079 3854 aderitquod
3099 3785 3240 3843 disi:
3267 3788 3374 3842 No-

1821 3878 1873 3932 lo
1895 3892 1993 3932 vos
2021 3878 2197 3933 socios
2223 3877 2335 3930 ﬁeri
2362 3875 2764 3931 dmmouiorum.
2795 3876 2926 3930 Nam
2951 3878 2994 3930 si
3038 3887 3224 3932 natura
3257 3879 3372 3948 ipsa

1820 3967 2165 4029 immoltitie
2226 3967 2402 4020 carnis
2440 3976 2580 4019 esset
2623 3968 2910 4032 immunda,
2962 3968 3144 4038 utique
3189 3978 3246 4024 et
3279 3985 3377 4027 ne.

1821 4059 2076 4111 scientem
2097 4056 2499 4109 contaminaret.
2534 4054 2718 4123 Neque
2756 4061 2897 4109 enim
2942 4071 3007 4110 eo
3048 4058 3224 4112 minus
3263 4057 3396 4126 ipsa:

1823 4155 1967 4202 esset
1995 4146 2370 4225 quominuiah
2399 4146 2603 4199 sciente
2641 4147 2988 4215 acciperetur,
3021 4146 3114 4201 sed
3163 4159 3378 4216 propter

1824 4238 2200 4290 conscientiam
2225 4250 2291 4290 ne
2314 4235 2641 4289 dmmuuibus
2667 4225 3089 4292 communicasse
3116 4237 3381 4295 rideatur.

1825 4325 2163 4379 Morticinum
2192 4333 2367 4378 autem
2395 4334 2540 4391 puto,
2563 4325 2701 4392 quod
2723 4327 2786 4379 ad
2807 4341 2982 4380 escam
3021 4342 3153 4381 usus
3204 4328 3379 4383 homi-

1827 4430 1950 4468 num
1973 4429 2076 4468 non
2103 4413 2336 4478 admisit,
2353 4429 2417 4468 eo
2436 4414 2575 4482 quod
2598 4430 2706 4469 non
2720 4418 3015 4470 occisorum
3036 4416 3128 4472 sed
3147 4427 3381 4472 mortuo-

183 4511 493 4578 intelligitur
541 4498 774 4575 utroque
823 4515 954 4576 pede
999 4508 1275 4578 calciatus.
1302 4509 1399 4575 Qui
1430 4520 1604 4562 autem
1626 4509 1724 4564 sibi
1757 4513 1806 4572 ι)
1831 4520 1948 4557 rum
1973 4503 2276 4557 animalium
2305 4498 2546 4559 niorbda
2574 4519 2702 4559 caro
2738 4515 2821 4560 est
2851 4520 2950 4561 nec
2986 4516 3108 4575 apta
3136 4508 3201 4560 ad
3241 4508 3383 4563 salu-

181 4609 328 4669 putat
375 4600 498 4665 quia
540 4598 757 4652 credidit
785 4601 1074 4673 'satis,esse
1103 4600 1393 4652 consultum
1421 4599 1720 4664 consilium,

181 4706 361 4749 curam
389 4705 518 4745 vero
543 4691 913 4745 lucranderum
943 4689 1137 4757 refugit
1169 4690 1412 4753 aliorum,
1435 4689 1723 4744 discalciati

183 4785 325 4839 illius
354 4799 456 4836 non
489 4781 763 4852 ﬁguratum
788 4782 1125 4849 signiﬁcabit,
1158 4782 1247 4835 sed
1281 4781 1330 4834 in
1369 4797 1426 4836 se
1455 4782 1722 4848 impletum

185 4872 414 4941 gortabit
453 4873 817 4940 opprobrium.
855 4870 988 4943 Quid
1014 4913 1029 4935 ,
1059 4870 1195 4936 quod
1225 4909 1241 4932 ,
1273 4880 1323 4923 et
1355 4873 1546 4936 pascha
1574 4870 1725 4924 nobis

183 4961 380 5029 objecit
405 4961 686 5025 celebrari,
719 4973 818 5013 nec
846 4943 988 5026 quia~
1006 4960 1074 5012 ita
1106 4968 1162 5010 ut
1187 4958 1346 5028 Judtei
1399 4959 1726 5012 celebramus

185 5051 417 5106 insultat.
445 5048 576 5103 Cum
609 5051 784 5101 autem
817 5049 981 5117 magis
1009 5063 1105 5101 nos
1126 5047 1406 5101 habeamus
1430 5047 1480 5099 in
1507 5062 1566 5101 re
1592 5061 1729 5115 prm-

184 5141 348 5196 sentis
379 5140 650 5207 Evangelii
687 5154 790 5192 non
822 5140 874 5193 in
905 5139 1085 5214 umbra
1116 5139 1271 5192 futuri
1300 5179 1315 5204 ,
1343 5139 1562 5206 ejusque
1587 5139 1728 5193 occi-

185 5236 386 5290 sionem
415 5249 532 5288 cum
560 5233 798 5302 quotidie
827 5241 934 5285 tum
986 5231 1211 5284 maxime
1250 5231 1605 5284 anniversaria
1636 5244 1726 5284 so-

186 5325 455 5380 lemnitate
500 5339 604 5378 non
658 5333 936 5378 venturam
987 5323 1386 5390 przesignemus,
1421 5322 1513 5375 sed
1537 5321 1727 5376 factam

185 5429 676 5471 commemoremus.
713 5414 838 5469 ideo
863 5428 988 5466 sane
1009 5413 1122 5467 dies
1151 5412 1360 5466 Paschxe
1381 5413 1726 5467 soletnn'ttatis

187 5510 376 5559 nostra:
402 5503 467 5555 ad
498 5502 638 5556 diem
669 5501 1038 5556 celebrationis
1078 5501 1382 5554 umbratica:
1423 5501 1754 5554 Jndaeurums

193 5607 292 5647 non
321 5590 569 5653 occurrit,
598 5601 654 5644 ut
701 5601 754 5645 et
806 5590 1125 5644 dominicum
1166 5589 1304 5643 diem
1349 5589 1731 5657 Qtw‘Christus

1832 4604 1935 4649 tem
1967 4593 2228 4661 corporis.
2255 4596 2409 4662 cujus
2436 4607 2591 4647 causa
2622 4593 2872 4649 suminua
2889 4596 3216 4649 alimentum.
3249 4597 3384 4651 Nam

1829 4683 1968 4750 quod
1998 4669 2066 4737 de
2087 4669 2408 4737 eﬂundendo
2430 4685 2687 4751 sanguine
2713 4685 2943 4748 antiquis
2969 4683 3025 4734 in
3049 4685 3213 4753 figura
3244 4699 3380 4752 pra-

1830 4782 2042 4841 ceptum
2069 4782 2172 4838 est,
2206 4773 2257 4826 id
2275 4772 2477 4839 estﬂipsi
2500 4772 2609 4826 Noe
2639 4781 2758 4840 post
2803 4772 3086 4836 diluvium,
3113 4773 3252 4842 quod
3273 4775 3386 4841 jam

1831 4866 1954 4932 quid
1981 4866 2302 4934 signiﬁcaret
2339 4865 2698 4931 ostendimus;
2727 4864 2965 4933 plerique
2991 4864 3306 4936 intelligunt,
3333 4874 3389 4921 et

1831 4960 1884 5012 in
1913 4958 2130 5013 Actibus
2154 4957 2510 5025 apostolorum
2539 4957 2639 5012 hoe
2661 4959 2772 5026 lege
2795 4967 3116 5026 praeceptum
3144 4959 3212 5010 ah
3232 4972 3390 5025 apos-

1829 5049 1975 5112 tolis,
2000 5057 2057 5102 ut
2076 5050 2404 5103 abstinerent
2446 5059 2631 5116 gentes
2656 5056 2857 5100 tantum
2881 5064 2910 5102 a
2938 5047 3309 5115 fornicatione,
3334 5057 3388 5103 et

1829 5139 1896 5193 ab
1926 5139 2226 5205 immolatis,
2249 5149 2304 5193 et
2321 5153 2348 5190 a
2379 5138 2654 5207 sanguine,
2677 5137 2731 5192 id
2750 5145 2924 5193 estne
2943 5138 3230 5206 quidquam
3257 5139 3389 5194 ede—

1830 5239 1949 5282 rent
1974 5228 2150 5282 carnis
2179 5228 2527 5299 [nequaquam
2540 5227 2758 5282 ederent
2780 5224 2987 5296 carnes]
3005 5228 3162 5293 cujus
3176 5229 3400 5297 sanguis-

1833 5335 1936 5372 non
1967 5328 2110 5372 esset
2130 5318 2350 5385 eﬂ'usus,
2379 5319 2516 5386 quod
2540 5318 2628 5372 alii
2656 5334 2761 5373 non
2785 5319 2862 5374 sic
2891 5310 3213 5387 intelligunt,
3240 5319 3332 5372 sed
3355 5333 3391 5373 a

1832 5411 2086 5478 sanguine
2106 5420 2425 5478 praeceptum
2453 5424 2574 5484 esse
2614 5408 3014 5476 abstinendum,
3046 5423 3112 5462 ne
3139 5407 3260 5475 quis
3285 5406 3380 5461 ho-

1833 5500 2046 5554 micidio
2074 5514 2132 5553 se
2168 5499 2514 5555 contaminet.
2546 5499 2656 5554 Hoc
2685 5507 2826 5554 nunc
2855 5499 3120 5554 discutere
3167 5498 3388 5565 longum

1834 5599 1917 5644 est
1942 5600 1995 5644 et
2016 5579 2117 5643 non
2143 5590 2532 5654 newssarium,
2563 5589 2686 5657 quia
2721 5589 2823 5644 etsi
2850 5587 2950 5643 hoc
2995 5595 3118 5642 tunc
3154 5586 3391 5656 apostoli

189 5676 473 5740 resurrexit
500 5681 992 5750 complecteremur.
1047 5680 1246 5748 Azyma
1276 5693 1421 5745 vero,
1453 5679 1540 5752 qui
1573 5690 1732 5736 recta:
1823 5689 2198 5748 prmceperunt
2229 5688 2282 5734 ut
2321 5680 2389 5734 ab
2425 5678 2728 5736 animalium
2762 5684 3018 5751 sangn'ne
3051 5677 3381 5736 abstinerent
