3886 6224
650 252 751 304 703

1699 274 1757 326 D.
1804 275 2110 332 eucvrru
2150 266 2433 342 Annuus
2465 287 2773 347 AFRICANI
3735 318 3809 367 at

648 361 927 416 Christiani
947 407 960 424 ,
998 377 1061 422 ne
1089 371 1376 436 praefocatis
1406 377 1651 431 carnibus
1682 394 2043 449 vescerentur,
2087 387 2190 440 cle-
2225 392 2271 448 Α
2300 394 2526 447 animam
2555 398 2821 454 hominis?
2850 405 2927 458 An
2950 422 3159 463 omnem
3193 412 3463 468 hominem
3494 419 3696 473 fratrem
3724 440 3807 473 az;-

649 451 790 516 gisse
820 455 946 507 mihi
984 459 1221 511 videntur
1252 478 1343 527 pro
1377 472 1611 531 tempore
1656 484 1766 522 rem
1797 472 2000 527 facilem
2028 487 2081 529 et
2103 493 2196 530 nc-

648 556 913 608 quaquam
939 547 1337 604 observantibus
1368 570 1662 622 onerosam,
1695 562 1743 613 in
1766 578 1864 629 qua
1894 581 2012 617 cum
2032 567 2195 621 Israe-

649 633 754 685 l.tis
776 639 929 688 etiam
967 650 1147 704 gentes
1178 657 1389 711 propter
1419 651 1729 715 angularem
1773 656 1916 707 illum
1967 658 2190 723 lapidem

646 724 778 774 duos
810 726 859 775 in
882 742 939 777 se
969 730 1308 795 condeiitem,
1340 736 1534 803 aliquid
1568 746 1918 797 enminuniter
1946 747 2190 799 ob-ervav

646 824 759 862 rnut
802 815 955 867 simul
988 819 1145 872 etiam
1181 840 1453 881 monerent
1483 831 1557 901 [et
1586 834 1948 905 admonerent]
1979 838 2027 889 iu
2079 840 2188 905 ipsa

640 903 920 970 M’t'ﬂ'NOC,
951 912 1157 974 quando
1185 914 1320 968 Deus
1346 919 1441 971 hoc
1460 920 1611 987 jussit
1644 925 1929 978 Ecclesiam
1953 930 2186 984 nimium

637 992 868 1054 gentium
901 996 1059 1050 fuisse
1092 1002 1360 1068 ﬁguratam
1394 1007 1847 1083 [prp‘liguratam].
1881 1017 2029 1082 Cujus
2065 1019 2184 1074 facti

640 1083 908 1145 prophetia
936 1087 1043 1153 jam
1076 1097 1317 1158 gentibus
1348 1100 1410 1149 ad
1455 1093 1607 1153 ﬁdem
1636 1105 2003 1161 accedentibus
2058 1112 2187 1162 inci-

640 1170 815 1233 piebat
843 1176 1067 1241 impleri.
1103 1182 1392 1239 Transacto
1425 1206 1545 1243 vero
1585 1193 1671 1244 illo
1703 1205 1939 1264 tempore
1963 1215 2066 1265 quo
2111 1202 2183 1253 illi

638 1260 741 1311 duo
773 1267 1022 1334 parietes,
1056 1287 1189 1326 unus
1221 1292 1279 1327 ex
1324 1276 1751 1346 circumcisione,
1784 1286 1914 1338 alter
1938 1303 2003 1340 ex
2047 1305 2180 1353 pra:-

638 1354 785 1415 putio
815 1360 1105 1426 venientis,
1156 1370 1396 1431 quamvis
1430 1371 1477 1421 in
1501 1374 1737 1441 angnlari
1774 1378 1942 1439 lapide
1972 1395 2183 1436 concor-

635 1440 850 1507 darent,
883 1456 1055 1502 tamen
1084 1455 1190 1506 Suis
1216 1459 1525 1521 quibusdam
1568 1466 1971 1531 preprictatibus
1997 1472 2181 1527 distin-

631 1533 768 1583 rtius
793 1538 1113 1593 eminebam.
1142 1545 1215 1595 Ac
1243 1546 1327 1597 ubi
1362 1548 1597 1603 Ecclesia
1623 1555 1861 1620 gentium
1891 1560 2007 1612 talis
2024 1562 2181 1617 επιτο-

631 1626 678 1667 ta
711 1632 809 1680 est,
855 1626 979 1677 utin
1010 1643 1067 1680 ea
1114 1634 1286 1686 nullus
1342 1636 1573 1693 Israelita
1621 1647 1849 1700 carnalis
1902 1664 2171 1717 appareat,
2211 1666 2215 1671 '

629 1708 743 1772 quis
770 1710 873 1776 jam
903 1712 999 1767 hoc
1028 1717 1360 1777 Christianus
1384 1728 1631 1784 observat
1655 1743 1707 1786 ut
1740 1738 1919 1790 turdos
1964 1741 2043 1793 vcl
2077 1743 2174 1795 mi-
2205 1725 2249 1783 Β

631 1798 868 1853 nutiores
898 1805 1133 1862 aviculas
1164 1827 1265 1863 non
1316 1819 1555 1886 attingat,
1585 1822 1680 1875 nisi
1710 1839 1926 1891 quarum
1956 1832 2170 1898 sanguis
2202 1866 2205 1867 ν

624 1884 823 1939 elinsus
853 1902 965 1954 est,
994 1906 1085 1947 aut
1116 1897 1347 1965 leporem
1380 1920 1481 1957 non
1512 1908 1633 1960 edat
1663 1911 1707 1962 si
1738 1929 1891 1966 manu
1922 1920 2170 1972 acervice

624 1988 902 2036 percussus
934 1986 1079 2038 nuIIo
1134 2000 1351 2044 cruento
1380 1998 1595 2051 vulnere
1621 2003 1824 2054 occisus
1852 2006 1973 2057 est?
2003 2018 2053 2059 et
2083 2011 2167 2075 qui

623 2061 758 2116 forte
789 2072 935 2133 pauci
966 2074 1137 2128 adhuc
1165 2088 1376 2148 tangere
1418 2084 1514 2138 ista
1575 2088 1859 2145 formidant
1889 2109 1914 2144 a
1960 2099 2167 2149 caeteris

623 2152 868 2209 videntur
895 2160 1245 2237 [irridentur].
1266 2172 1332 2222 Ita
1358 2176 1587 2227 omnium
1619 2180 1821 2234 animos
1845 2183 1894 2235 in
1919 2183 2013 2236 hac
2042 2189 2167 2240 reti-

621 2244 733 2296 nuit
765 2247 849 2298 illa
871 2257 1129 2307 sententia
1160 2262 1391 2314 veritatis
1421 2282 1434 2316 :
1469 2265 1581 2319 Non
1619 2273 1759 2337 quod
1820 2275 1979 2328 intrat
2026 2281 2074 2331 in
2105 2294 2164 2332 os

619 2343 845 2387 vestrum
880 2354 972 2392 vos
1018 2346 1337 2414 coinquinat,
1371 2356 1461 2406 sud
1508 2360 1643 2423 quod
1669 2364 1795 2425 exit,
1831 2366 2027 2419 nullam
2060 2369 2160 2422 cibi

617 2428 853 2475 naturam
885 2441 1039 2493 quam
1089 2436 1314 2490 societas
1359 2444 1550 2496 amittit
1595 2447 1864 2520 [admittit]
1898 2453 2157 2522 humana,

614 2514 701 2559 sed
734 2527 847 2578 quae
881 2517 1124 2586 iniquitas
1149 2530 1427 2582 committit
1451 2546 1659 2600 peccata
1691 2540 2067 2600 condemnatis.

1116 2630 1336 2714 CAPUT
1363 2663 1639 2725 Lxxvm.

613 2728 687 2778 De
714 2747 769 2783 ιιι
793 2738 927 2819 quod
964 2744 1203 2808 scriptum
1228 2759 1297 2799 est
1333 2769 1363 2801 α
1400 2757 1687 2810 tofo/ilibus
1728 2763 1929 2815 mir-dir
1979 2775 2026 2817 et
2063 2768 2156 2819 im-

679 2805 881 2895 :nnndis
906 2805 1121 2886 intrasse
1141 2816 1189 2865 in
1215 2833 1407 2895 arcum;
1439 2840 1499 2875 ex
1520 2826 1648 2879 libro
1698 2830 2046 2895 Qua’stionum
2092 2840 2153 2891 tle

678 2868 877 2935 (Imm,
900 2876 1026 2930 inter
1046 2893 1225 2936 cwtera
1252 2888 1318 2938 ad
1343 2868 1531 2947 locum.
1698 2868 1705 2901 1

674 2960 820 3024 Quod
851 2967 1103 3034 scriptum
1133 2985 1241 3028 e8ta
1276 2979 1571 3036 volatilibus
1613 2989 1845 3048 mundis.
1878 3000 1932 3044 et
1986 3008 2015 3045 a
2066 3009 2151 3046 vo-

606 3046 841 3106 latilibus
872 3055 1174 3129 immundis,
1198 3078 1248 3119 et
1276 3084 1303 3119 a
1330 3074 1603 3136 pecoribus
1636 3082 1863 3144 mundis,
1891 3092 1945 3135 et
1996 3100 2024 3137 a
2054 3101 2144 3152 pe-
2176 3071 2221 3133 Ε

603 3140 811 3194 corib‘us
864 3145 1175 3217 immundis,
1209 3166 1260 3208 et
1312 3160 1378 3211 ab
1429 3165 1671 3219 omnibus
1714 3172 2045 3237 serpentibus
2091 3178 2143 3229 in

537 3262 546 3269 ο
604 3237 765 3294 terra,
795 3237 934 3301 quod
964 3240 1154 3303 deinde
1178 3262 1279 3300 non
1307 3250 1516 3306 additur
1538 3260 1845 3315 subauditur
1867 3267 2070 3321 mundis
2093 3280 2144 3321 et

602 3320 908 3387 immundis,
933 3337 986 3380 et
1014 3334 1334 3403 adjungitur,
1367 3342 1470 3394 duo
1496 3354 1549 3397 et
1570 3348 1673 3399 duo
1724 3356 2050 3409 intraverunt
2078 3359 2141 3412 ad

600 3403 708 3458 Noe
727 3410 775 3459 iu
794 3428 990 3478 arcam,
1010 3423 1273 3478 masculus
1290 3437 1337 3479 et
1364 3428 1576 3485 femina.
1598 3438 1858 3498 Qumritur
1880 3450 2143 3507 quomodo

599 3492 897 3551 diStinxerit
926 3509 1163 3570 superius
1189 3510 1291 3563 duo
1329 3524 1382 3567 ct
1416 3518 1518 3572 duo
1548 3524 1611 3572 ab
1651 3526 1929 3581 immundis
1952 3573 1966 3594 ,
2005 3548 2148 3587 uth

598 3595 776 3637 autem
803 3590 913 3642 sive
953 3606 979 3642 a
1023 3600 1229 3651 mundis
1260 3602 1374 3658 sive
1404 3607 1684 3665 immundis
1715 3616 1818 3669 duo
1848 3629 1901 3671 et
1927 3621 2031 3675 duo
2058 3624 2138 3677 di-

596 3764 909 3819 muudorum
936 3772 1013 3823 vel
1049 3774 1427 3835 immundorum
1454 3789 1774 3852 animalium,
1801 3799 1890 3848 sed
1916 3800 1977 3851 ad
2003 3816 2139 3855 mas-

594 3850 764 3902 Cttitlm
790 3864 843 3905 et
890 3860 1157 3926 feminam,
1188 3868 1306 3930 quia
1363 3869 1413 3921 in
1454 3878 1715 3939 omnibus,
1748 3882 1860 3937 sive
1906 3891 2133 3959 mundis,

595 3951 706 3994 s:ve
737 3942 1019 4001 immundis
1046 3951 1151 4005 duo
1178 3965 1319 4020 sunt,
1348 3966 1609 4018 maanlus
1633 3978 1681 4020 cl
1713 3970 1922 4030 femina.

1122 4083 1343 4143 CAPUT
1367 4091 1595 4151 LXXIX.

596 4157 732 4223 Quid
758 4162 976 4232 sitquod
1010 4170 1251 4261 Do‘mimrs
1277 4180 1346 4229 at"
1372 4197 1392 4232 :
1422 4184 1538 4236 Non
1569 4188 1805 4256 adjiciam
1837 4198 2132 4261 maledicere

729 4242 860 4261 mn,
883 4250 895 4261 ,
927 4253 981 4261 η,
1014 4254 1080 4261 ,,,
1356 4250 1390 4261 ιι
1524 4257 1533 4261 -

726 4242 895 4293 [ενι-,ις
921 4253 981 4287 ra:
1006 4243 1176 4292 eodem
1199 4246 1325 4299 libra
1349 4242 1685 4312 ρειαιιήοηιιῖη
1711 4263 1772 4311 de
1798 4264 1993 4319 Grncai.

656 4316 787 4377 Quid
811 4319 911 4373 sibi
936 4326 1044 4376 vult
1079 4332 1215 4393 quod
1268 4334 1514 4394 Dominus
1541 4344 1704 4399 dicit:
1732 4350 1842 4405 Non
1885 4316 2124 4424 adjiciam

1939 4405 1968 4424 ν,

585 4405 752 4459 adhuc
783 4412 1102 4471 maledicere
1149 4437 1307 4489 super
1364 4440 1553 4487 terram
1588 4450 1803 4505 propter
1831 4458 1986 4511 Opera
2034 4452 2126 4503 ho-

586 4497 805 4559 iuiuum,
835 4516 958 4567 qua
991 4513 1231 4575 apposita
1258 4527 1338 4568 est
1374 4534 1521 4575 mens
1550 4525 1775 4583 hominis
1804 4533 1867 4585 ad
1899 4537 2124 4606 maligna

1957 4585 2124 4606 suo..-

582 4597 609 4632 a
634 4585 922 4659 jtuentute,
951 4593 1063 4647 Non
1087 4598 1327 4665 adjiciam
1360 4620 1485 4672 ergo
1515 4613 1682 4666 adhuc
1713 4631 1983 4681 percutere
2012 4630 2149 4678 0tn-’

580 4687 702 4722 netu
730 4690 941 4732 carnem
966 4685 1132 4738 vivam
1193 4699 1631 4757 quemadmodum
1665 4705 1780 4757 feci.
1825 4710 1887 4761 Et
1933 4714 2123 4770 deinde

578 4762 816 4831 adiungit
846 4784 958 4833 qua:
984 4781 1269 4832 secundum
1303 4784 1593 4851 largitatem
1622 4794 1868 4851 bonitatis
1895 4816 2001 4855 snze
2027 4805 2122 4858 do-

576 4866 659 4903 nat
686 4855 984 4912 hominibus
1008 4864 1248 4935 indignis.
1280 4873 1460 4927 Utrum
1509 4880 1592 4932 hic
1619 4883 1744 4935 Novi
1795 4889 2114 4949 Tcstaruenti

579 4941 905 5010 indulgentia
929 4950 1140 5016 ﬁgurata
1176 4961 1259 5020 sit,
1288 4974 1337 5014 et
1386 4972 1647 5030 pra~terita
1674 4975 1801 5026 ultio
1846 4981 1907 5029 ad
1957 4982 2113 5038 \‘etus

574 5032 831 5093 pertint-at
862 5035 1272 5109 'I‘cs:auieutmn,
1297 5052 1391 5103 hoc
1418 5068 1494 5107 est
1520 5057 1643 5111 illud
1667 5064 1727 5114 ad
1760 5065 1885 5133 legis
1909 5074 2112 5125 severi-

572 5128 753 5181 tatctn,
785 5125 883 5177 hoc
914 5128 977 5179 ad
1002 5134 1180 5195 gratia:
1214 5136 1514 5195 bonitatcm.

1115 5264 1335 5320 CAPITT
1367 5272 1570 5329 LXXX.

568 5342 697 5401 Quid
720 5357 825 5395 cst:
858 5346 931 5397 De
955 5368 1104 5403 manu
1137 5358 1312 5419 fratris
1340 5365 1594 5423 exquirunt
1625 5374 1842 5426 animum
1865 5384 2103 5445 hominis;

789 5432 846 5445 η.-
879 5422 1045 5445 ,.ι.,.1,...
1078 5426 1189 5445 1:94,.
1232 5433 1268 5445 ιι
1393 5433 1421 5445 .-
1623 5438 1631 5445 .
1694 5441 1721 5445 ..

786 5432 846 5466 ατ
874 5422 1047 5471 codem
1074 5426 1196 5475 lit’ro
1228 5422 1570 5489 thsliommt
1599 5438 1659 5488 dc
1684 5441 1877 5497 (ἱινηπεί.

631 5520 763 5584 Quid
798 5539 874 5577 est
904 5546 913 5577 :
944 5531 1001 5581 I‘Zt
1036 5535 1097 5583 tit,‘
1137 5550 1289 5587 manu
1336 5539 1512 5593 fratris
1572 5544 1793 5602 hominis
1835 5561 2099 5624 ρλσμιὶεςιηι

2300 483 2380 533 nis
2410 484 2633 540 hominis
2670 490 2885 562 intelligi
2933 498 3091 552 voluit
3144 504 3439 558 secundum
3478 510 3808 576 agitatione:

2294 582 2357 621 ex
2390 587 2492 624 uno
2522 574 2768 630 ductam?

2828 713 3050 773 CAPUT
3078 722 3308 779 LXXXI.

2293 792 2455 847 Cltam
2495 815 2726 869 peccans,
2768 820 2865 856 non
2895 808 2943 859 in
2971 813 3131 884 seipse
3160 819 3247 867 sed
3274 820 3325 869 in
3356 821 3468 884 lilio
3504 823 3805 881 maledicum

2836 890 2897 927 ea:
2931 881 3099 931 eodem
3130 884 3277 938 libro.

2361 970 2642 1036 Quzeritnr,
2674 992 2839 1044 quare
2863 996 3084 1045 peccans
3115 989 3277 1044 Cbam
3322 995 3568 1062 in‘patris
3608 1000 3805 1063 etiam.

2286 1074 2388 1110 non
2423 1062 2471 1113 in
2503 1064 2698 1130 seipse,
2729 1070 2819 1120 sed
2854 1073 2902 1124 in
2936 1073 3039 1127 lilio
3069 1093 3165 1132 suo
3192 1079 3442 1137 Chanaan
3479 1091 3802 1155 maledicum,

2220 1195 2223 1198 ,
2286 1152 2384 1203 nisi
2416 1155 2535 1219 quia
2568 1159 2928 1223 proiibetatum
2959 1176 3035 1217 est
3062 1170 3452 1232 quodammodo
3484 1185 3670 1231 terram
3691 1181 3801 1232 Cin-

2283 1254 2315 1290 n
2337 1256 2436 1302 ian,
2472 1244 2654 1309 ejectis
2680 1248 2799 1302 inde
2823 1250 3133 1309 Chananzeis
3165 1271 3215 1311 et
3243 1262 3544 1330 debellatis,
3576 1283 3800 1339 accepti:-

2282 1332 2370 1381 ms
2430 1332 2593 1390 fuisse
2666 1338 2802 1403 filios
2872 1343 3028 1398 Israel
3071 1352 3160 1415 qui
3215 1355 3454 1409 venirent
3507 1360 3571 1413 de
3623 1366 3799 1415 semita:

2280 1419 2424 1476 Setn.

2794 1561 3015 1619 CAPUT
3046 1567 3297 1625 LXXXII.

2280 1636 2406 1692 Erat
2425 1645 2586 1695 enini:
2640 1656 2771 1701 terra
2800 1652 2983 1703 labium
3015 1672 3165 1733 unum
3226 1678 3314 1733 per
3360 1668 3797 1733 recapitulationaa

2717 1720 2926 1786 dictum,
2959 1740 3019 1775 ex
3032 1728 3200 1778 eodem
3226 1720 3382 1785 "libro.

2345 1816 2408 1869 Et
2431 1832 2541 1874 erat
2568 1827 2741 1879 omnis
2768 1839 2908 1881 terra
2935 1832 3127 1886 labium
3154 1852 3312 1891 unum
3341 1845 3603 1906 quomodo
3648 1860 3796 1913 potest

2273 1905 2492 1977 intelligi
2526 1916 2738 1979 quando
2764 1922 3007 1985 superius
3036 1924 3231 1979 dictum
3265 1905 3369 1993 est,
3400 1936 3537 1999 quod
3568 1905 3663 1987 lilii
3704 1938 3791 1991 Nnc

2271 1998 2352 2050 vel
2382 1998 2610 2056 liliorum
2640 2007 2752 2075 ejus
2772 2010 3229 2070 distributiessent
3259 2036 3355 2087 per
3380 2032 3594 2086 terram,
3627 2043 3793 2079 smun-

2267 2088 2392 2143 dum
2436 2095 2636 2161 tribus,
2665 2111 2718 2151 et
2746 2104 3031 2157 secundum
3061 2120 3273 2174 gentes,
3314 2123 3369 2165 et
3396 2118 3681 2167 secundum
3707 2120 3789 2169 lio.

2267 2193 2395 2246 guas
2415 2186 2561 2237 snas?
2587 2188 2683 2238 nisi
2712 2191 2830 2255 quia
2860 2209 2950 2254 per
2972 2198 3458 2263 recapitulationcm
3476 2218 3653 2269 postea
3676 2223 3790 2255 rom-

2265 2286 2521 2328 memoret
2543 2278 2981 2354 [commemorat],
3011 2290 3147 2352 quod
3178 2292 3324 2359 prius
3348 2306 3479 2353 erat.
3505 2297 3594 2347 Sed
3626 2299 3791 2350 olm

2264 2364 2471 2419 ritatem
2506 2369 2632 2440 [hic]
2664 2353 2819 2437 facit,
2853 2379 2991 2443 quod
3036 2396 3100 2434 eo
3144 2400 3339 2450 genete
3389 2390 3669 2442 locutionis
3710 2396 3788 2441 ista

2263 2456 2502 2508 contexit
2526 2463 2675 2525 quaSi
2708 2468 2935 2519 narratio
2963 2468 3027 2522 de
3052 2469 3135 2524 his
3164 2489 3281 2541 quae
3312 2486 3493 2542 postea
3527 2480 3659 2531 facta
3685 2494 3791 2533 sunt

2260 2558 2630 2615 consequatur.

2765 2690 2982 2748 CAPUT
3006 2694 3284 2754 LXXXIII.

2260 2769 2530 2865 Quomod:
2562 2776 2693 2859 Sara
2731 2797 2841 2861 cum
2872 2784 3076 2865 aliquot
3105 2787 3210 2841 diu
3233 2794 3372 2857 apud
3396 2812 3558 2864 regem
3592 2797 3786 2865 ngyp-‘x

2324 2857 2469 2892 sacra
2498 2845 2688 2913 fecerit,
2718 2851 2827 2917 ejus
2868 2845 3131 2908 concubitu
3172 2845 3276 2911 non.
3303 2845 3536 2916 rredaiur
3564 2845 3783 2935 ρωὲἷιὲι-

2326 2911 2427 2935 tuo-

2322 2911 2446 2963 luta.

2322 3020 2432 3072 Erit
2453 3038 2597 3088 ergo,
2616 3041 2731 3079 cum
2754 3036 2804 3083 te
2820 3031 3046 3087 viderint
3067 3035 3319 3106 Egyptii,
3334 3042 3504 3096 dicent
3524 3051 3648 3113 quia
3669 3064 3782 3100 uxor

2253 3107 2394 3162 illius
2418 3111 2528 3166 hmc
2562 3131 2575 3165 :
2608 3115 2799 3169 factum
2828 3130 2908 3174 est
2928 3134 3125 3189 autem,
3170 3133 3345 3182 statim
3387 3142 3443 3185 ut
3485 3135 3697 3189 intravit
3723 3138 3779 3190 Δ·

2252 3196 2472 3252 braham
2496 3203 2545 3254 iu
2562 3205 2866 3274 Aigyptum,
2885 3213 3121 3269 videntes
3134 3205 3368 3287 Ευρύί
3386 3224 3660 3279 mulierem
3676 3230 3779 3294 quia

2247 3288 2482 3353 speciosa
2506 3303 2619 3345 erat
2645 3297 2813 3350 valde.
2844 3300 3118 3364 Quomodo
3149 3309 3437 3375 accipiatur
3465 3316 3605 3379 quod
3635 3317 3776 3368 Abra-

2245 3372 2363 3427 ham
2390 3380 2605 3434 veniens
2629 3384 2676 3434 in
2702 3384 3193 3456 ASgyptum,celare
3222 3399 3384 3451 voluit
3405 3418 3621 3456 uxorem
3644 3422 3774 3457 suam

2243 3480 2359 3520 esse
2371 3468 2549 3522 Sarain
2562 3479 2861 3534 ,srcundum
2876 3483 3045 3535 omnia
3061 3501 3175 3551 quae
3186 3488 3253 3541 de
3266 3491 3362 3542 hac
3375 3507 3432 3545 re
3443 3495 3581 3561 scrip
3606 3512 3633 3545 a
3646 3509 3772 3561 suut,

2242 3568 2413 3609 Utrum
2447 3558 2545 3612 hoc
2574 3571 2885 3621 cenveuerit
2916 3580 3018 3625 tam
3042 3587 3224 3629 sancto
3257 3581 3387 3644 viro,
3411 3597 3475 3635 an
3498 3585 3597 3637 sub
3616 3588 3769 3639 defcc-

2241 3648 2319 3697 lin
2351 3648 2689 3725 [defectione]
2720 3656 2838 3711 ﬁdei
2867 3662 2980 3726 ejus
3006 3655 3354 3736 intelligatur.
3388 3673 3520 3726 Sicut
3548 3677 3770 3728 nonnulti

2238 3738 2474 3791 arbitrati
2505 3753 2644 3796 sunt.
2664 3745 2777 3799 .latn
2800 3749 3010 3811 quidem
3032 3764 3084 3806 et
3106 3769 3291 3810 contra
3316 3759 3567 3816 Faustum
3594 3767 3656 3818 de
3684 3766 3769 3816 hac

2238 3839 2295 3877 re
2323 3827 2611 3893 disputavi,
2643 3845 2694 3887 et
2726 3836 3022 3905 diligentius
3049 3856 3076 3893 a
3109 3850 3422 3916 presbytero
3464 3853 3769 3925 Hieronymo

2236 3919 2531 3981 expositum
2559 3930 2659 3985 e.-t,
2685 3940 2846 3991 quare
2877 3944 2979 3982 non
3002 3931 3071 3985 sit
3092 3948 3425 4008 consequens
3453 3953 3511 3996 ut
3539 3961 3654 3998 cum
3683 3948 3767 3999 ati-

2234 4016 2361 4069 quot
2389 4006 2501 4060 dies
2532 4012 2664 4075 apud
2699 4029 2871 4081 regem
2900 4016 3111 4089 [Egypti
3134 4006 3453 4084 Saraﬁfuerit
3481 4037 3637 4087 etiam
3665 4037 3765 4103 ejus

2234 4093 2514 4148 concubitu
2547 4100 2793 4155 credatur
2820 4118 2937 4159 esse
2966 4110 3184 4175 polluta.
3231 4114 3491 4180 Quoniam
3524 4139 3639 4176 mos
3662 4135 3762 4177 erat

2232 4178 2409 4247 regius
2436 4182 2635 4236 vicibus
2674 4188 2737 4239 ad
2768 4203 2825 4242 se
2858 4196 3152 4251 ammittere
3184 4198 3508 4277 [admittere]
3536 4212 3760 4264 mulieres

2230 4282 2373 4329 suas,
2391 4278 2443 4322 et
2466 4271 2565 4324 nisi
2585 4275 2828 4329 lomcntis
2846 4278 3133 4357 [fomentis]
3150 4298 3204 4340 et
3225 4300 3508 4359 unguentis
3531 4300 3614 4352 diu
3636 4301 3758 4367 prius

2229 4368 2475 4411 accurato
2506 4376 2724 4431 corpore
2746 4369 2883 4420 nulla
2914 4371 3143 4429 intrabat
3183 4378 3246 4431 ad
3276 4396 3451 4449 regem
3478 4404 3492 4436 :
3516 4402 3629 4454 qua:
3649 4390 3758 4442 dum

2232 4447 2415 4501 tierent
2436 4450 2664 4507 amictus
2692 4467 2773 4510 est
2798 4458 3005 4515 Pharao
3033 4478 3187 4520 manu
3219 4447 3420 4534 Dei,—ut
3448 4478 3560 4529 viro
3598 4480 3755 4531 redhi-

2229 4537 2380 4592 beret
2407 4541 2677 4609 intactam,
2708 4563 2863 4615 quam
2911 4553 3007 4620 ipsi
3038 4556 3145 4610 Deo
3175 4563 3401 4617 maritus
3444 4571 3753 4623 commiserat

2229 4633 2404 4681 tacens
2427 4632 2561 4697 quod
2592 4648 2725 4687 uxor
2744 4648 2903 4701 esset,
2929 4643 3020 4694 sed
3043 4660 3144 4698 non
3168 4651 3432 4707 mentiens
3459 4660 3596 4724 quod
3617 4674 3751 4712 soror

2225 4726 2395 4778 esset,
2434 4726 2487 4769 ut
2516 4731 2727 4775 caveret
2756 4729 2894 4792 quod
2928 4740 3130 4795 poterat
3154 4778 3167 4799 ,
3204 4751 3458 4803 quantum
3487 4745 3639 4798 homo
3665 4762 3749 4813 po»

2228 4808 2382 4863 terat,
2412 4814 2460 4855 et
2489 4804 2595 4858 Deo
2623 4814 3015 4869 commendaret
3042 4822 3178 4885 quod
3206 4838 3399 4880 cavere
3431 4846 3533 4884 non
3566 4841 3748 4900 poterat

2222 4900 2286 4935 ne
2314 4891 2355 4939 si
2384 4902 2433 4942 et
2468 4892 2551 4944 illa
2584 4910 2699 4962 qua:
2726 4912 2915 4955 cavere
2944 4913 3145 4970 poterat
3194 4910 3305 4965 Deo
3348 4924 3547 4974 tantum
3589 4923 3747 4975 dimit-

2225 4982 2391 5036 teret,
2451 4995 2551 5032 non
2609 4987 2657 5035 in
2708 4986 2867 5042 Deum
2913 4994 3168 5062 credere,
3216 5002 3314 5067 sed
3359 5006 3523 5062 Deum
3564 5019 3743 5064 tentare

2222 5065 2395 5127 potius
2426 5067 2767 5125 inveniretur.

2719 5203 2939 5260 C\I’UT
2975 5212 3251 5271 LXXXIV.

2214 5302 2621 5388 GLQuomot-Io
2665 5313 2973 5391 inti-ligatur
3014 5336 3260 5380 retentum
3306 5339 3441 5390 quod
3481 5339 3580 5390 ait:
3613 5339 3731 5391 Dabo

2826 5373 2846 5382 ,,
3039 5373 3042 5374 ν
3306 5373 3437 5390 ...η-
3481 5373 3575 5390 .....
3613 5373 3702 5391 υ..-

2250 5373 2334 5422 tibi
2357 5385 2535 5426 terram
2558 5381 2607 5430 in
2628 5387 2979 5445 possessionem
2996 5402 3267 5460 (εἶεο·ηιιοη;
3293 5418 3358 5453 ex
3377 5408 3552 5459 eodem
3571 5408 3702 5461 libro.

2283 5484 2423 5535 Dabo
2458 5488 2547 5540 tibi
2575 5500 2625 5542 ct
2649 5506 2673 5543 s
2696 5496 2834 5548 ‘Illini
2862 5508 2951 5549 tito
2979 5514 3092 5568 post
3124 5514 3173 5559 te
3211 5519 3406 5567 terrain
3460 5520 3507 5570 in
3534 5537 3627 5588 qua
3650 5520 3725 5572 ha-

2212 5574 2361 5635 bitis,
2398 5600 2399 5615 ς
2431 5590 2601 5631 uincat
2640 5592 2829 5637 terram
2854 5592 3045 5644 cultam
3076 5595 3125 5647 in
3166 5609 3556 5665 ιιοδςεςιεῆυηοω
3597 5619 3724 5664 mlef-
