  <div class='ocr_page' id='page_1' title='image "/cluster/home/n/w/nwhite01/storage/ocr_20150623/61-62/uva.x000827102/941.png"; bbox 0 0 3886 6224; ppageno 0'>
   <div class='ocr_carea' id='block_1_1' title="bbox 607 185 709 241">
    <p class='ocr_par' dir='ltr' id='par_1_1' title="bbox 607 185 709 241">
     <span class='ocr_line' id='line_1_1' title="bbox 607 185 709 241; baseline -0.02 -2"><span class='ocrx_word' id='word_1_1' title='bbox 607 185 709 241; x_wconf 76' lang='lat'><strong>707</strong></span> 
     </span>
    </p>
   </div>
   <div class='ocr_carea' id='block_1_2' title="bbox 1631 135 2688 235">
    <p class='ocr_par' dir='ltr' id='par_1_2' title="bbox 1631 135 2688 235">
     <span class='ocr_line' id='line_1_2' title="bbox 1631 135 2688 235; baseline -0.003 -2"><span class='ocrx_word' id='word_1_2' title='bbox 1631 181 1692 233; x_wconf 79' lang='grc' dir='ltr'><strong>ι).</strong></span> <span class='ocrx_word' id='word_1_3' title='bbox 1727 135 2039 235; x_wconf 71' lang='lat' dir='ltr'><strong>suavem</strong></span> <span class='ocrx_word' id='word_1_4' title='bbox 2070 176 2356 233; x_wconf 73' lang='lat' dir='ltr'><strong>ABBATIS</strong></span> <span class='ocrx_word' id='word_1_5' title='bbox 2377 174 2688 232; x_wconf 74' lang='lat' dir='ltr'><strong>AFRICANI</strong></span> 
     </span>
    </p>
   </div>
   <div class='ocr_carea' id='block_1_3' title="bbox 3714 183 3804 236">
    <p class='ocr_par' dir='ltr' id='par_1_3' title="bbox 3714 183 3804 236">
     <span class='ocr_line' id='line_1_3' title="bbox 3714 183 3804 236; baseline 0 -2"><span class='ocrx_word' id='word_1_6' title='bbox 3714 183 3804 236; x_wconf 74' lang='grc' dir='ltr'><strong>πι</strong></span> 
     </span>
    </p>
   </div>
   <div class='ocr_carea' id='block_1_4' title="bbox 672 291 3804 361">
    <p class='ocr_par' dir='ltr' id='par_1_4' title="bbox 672 291 3804 361">
     <span class='ocr_line' id='line_1_4' title="bbox 672 291 3804 361; baseline -0.001 -12"><span class='ocrx_word' id='word_1_7' title='bbox 672 294 864 349; x_wconf 79' lang='lat' dir='ltr'><strong>Iacobo</strong></span> <span class='ocrx_word' id='word_1_8' title='bbox 907 295 1124 349; x_wconf 75' lang='lat' dir='ltr'><strong>dicente:</strong></span> <span class='ocrx_word' id='word_1_9' title='bbox 1165 294 1297 347; x_wconf 78' lang='lat' dir='ltr'><strong>Deus</strong></span> <span class='ocrx_word' id='word_1_10' title='bbox 1344 295 1586 346; x_wconf 79' lang='lat' dir='ltr'><strong>neminem</strong></span> <span class='ocrx_word' id='word_1_11' title='bbox 1636 303 1823 358; x_wconf 76' lang='lat' dir='ltr'><strong>tentet;</strong></span> <span class='ocrx_word' id='word_1_12' title='bbox 1870 310 1932 352; x_wconf 80' lang='lat' dir='ltr'><strong>ea;</strong></span> <span class='ocrx_word' id='word_1_13' title='bbox 1974 296 2147 349; x_wconf 76' lang='lat' dir='ltr'><strong>eodem</strong></span> <span class='ocrx_word' id='word_1_14' title='bbox 2174 296 2224 353; x_wconf 80' lang='grc' dir='ltr'>Α</span> <span class='ocrx_word' id='word_1_15' title='bbox 2248 292 2477 359; x_wconf 70' lang='grc' dir='ltr'><strong>(ιιιεειίο</strong></span> <span class='ocrx_word' id='word_1_16' title='bbox 2515 302 2618 348; x_wconf 80' lang='lat' dir='ltr'><strong>est.</strong></span> <span class='ocrx_word' id='word_1_17' title='bbox 2649 293 2726 349; x_wconf 83' lang='lat' dir='ltr'><strong>Eo</strong></span> <span class='ocrx_word' id='word_1_18' title='bbox 2757 307 2978 361; x_wconf 76' lang='lat' dir='ltr'><strong>namque</strong></span> <span class='ocrx_word' id='word_1_19' title='bbox 3023 294 3252 360; x_wconf 77' lang='lat' dir='ltr'><strong>pertittet</strong></span> <span class='ocrx_word' id='word_1_20' title='bbox 3278 291 3420 361; x_wconf 85' lang='lat' dir='ltr'><strong>quod</strong></span> <span class='ocrx_word' id='word_1_21' title='bbox 3443 293 3707 348; x_wconf 77' lang='lat' dir='ltr'><strong>dicuntur</strong></span> <span class='ocrx_word' id='word_1_22' title='bbox 3732 312 3804 361; x_wconf 67' lang='lat' dir='ltr'><strong>qui</strong></span> 
     </span>
    </p>
   </div>
   <div class='ocr_carea' id='block_1_5' title="bbox 679 367 828 419">
    <p class='ocr_par' dir='ltr' id='par_1_5' title="bbox 679 367 828 419">
     <span class='ocr_line' id='line_1_5' title="bbox 679 367 828 419; baseline -0.013 0"><span class='ocrx_word' id='word_1_23' title='bbox 679 367 828 419; x_wconf 77' lang='lat' dir='ltr'><strong>libra.</strong></span> 
     </span>
    </p>
   </div>
   <div class='ocr_carea' id='block_1_6' title="bbox 681 471 2155 541">
    <p class='ocr_par' dir='ltr' id='par_1_6' title="bbox 681 471 2155 541">
     <span class='ocr_line' id='line_1_6' title="bbox 681 471 2155 541; baseline 0 -15"><span class='ocrx_word' id='word_1_24' title='bbox 681 475 746 527; x_wconf 83' lang='lat' dir='ltr'><strong>Et</strong></span> <span class='ocrx_word' id='word_1_25' title='bbox 776 475 984 527; x_wconf 84' lang='lat' dir='ltr'><strong>tentavit</strong></span> <span class='ocrx_word' id='word_1_26' title='bbox 1013 472 1149 524; x_wconf 89' lang='lat' dir='ltr'><strong>Deus</strong></span> <span class='ocrx_word' id='word_1_27' title='bbox 1173 471 1460 525; x_wconf 76' lang='lat' dir='ltr'><strong>Abraham.</strong></span> <span class='ocrx_word' id='word_1_28' title='bbox 1491 473 1665 539; x_wconf 66' lang='grc' dir='ltr'><strong>θυαετί</strong></span> <span class='ocrx_word' id='word_1_29' title='bbox 1713 475 1850 531; x_wconf 86' lang='lat' dir='ltr'><strong>solet</strong></span> <span class='ocrx_word' id='word_1_30' title='bbox 1894 473 2155 541; x_wconf 88' lang='lat' dir='ltr'><strong>quomodo</strong></span> 
     </span>
    </p>
   </div>
   <div class='ocr_carea' id='block_1_7' title="bbox 611 560 2151 631">
    <p class='ocr_par' dir='ltr' id='par_1_7' title="bbox 611 560 2151 631">
     <span class='ocr_line' id='line_1_7' title="bbox 611 560 2151 631; baseline 0.001 -18"><span class='ocrx_word' id='word_1_31' title='bbox 611 563 709 615; x_wconf 88' lang='lat' dir='ltr'><strong>hoc</strong></span> <span class='ocrx_word' id='word_1_32' title='bbox 735 578 920 614; x_wconf 67' lang='lat' dir='ltr'><strong>verum</strong></span> <span class='ocrx_word' id='word_1_33' title='bbox 952 560 1054 625; x_wconf 86' lang='lat' dir='ltr'><strong>sit,</strong></span> <span class='ocrx_word' id='word_1_34' title='bbox 1084 575 1201 612; x_wconf 85' lang='lat' dir='ltr'><strong>cum</strong></span> <span class='ocrx_word' id='word_1_35' title='bbox 1229 561 1370 613; x_wconf 88' lang='lat' dir='ltr'><strong>dicat</strong></span> <span class='ocrx_word' id='word_1_36' title='bbox 1399 562 1452 615; x_wconf 89' lang='lat' dir='ltr'><strong>in</strong></span> <span class='ocrx_word' id='word_1_37' title='bbox 1497 563 1729 631; x_wconf 87' lang='lat' dir='ltr'><strong>Epistola</strong></span> <span class='ocrx_word' id='word_1_38' title='bbox 1759 579 1849 618; x_wconf 80' lang='lat' dir='ltr'><strong>sua</strong></span> <span class='ocrx_word' id='word_1_39' title='bbox 1878 561 2110 615; x_wconf 82' lang='lat' dir='ltr'><strong>Iacobus</strong></span> <span class='ocrx_word' id='word_1_40' title='bbox 2136 602 2151 625; x_wconf 87' lang='lat'><strong>,</strong></span> 
     </span>
    </p>
   </div>
   <div class='ocr_carea' id='block_1_8' title="bbox 610 650 2154 720">
    <p class='ocr_par' dir='ltr' id='par_1_8' title="bbox 610 650 2154 720">
     <span class='ocr_line' id='line_1_8' title="bbox 610 650 2154 720; baseline 0.002 -19"><span class='ocrx_word' id='word_1_41' title='bbox 610 653 741 719; x_wconf 85' lang='lat' dir='ltr'><strong>quod</strong></span> <span class='ocrx_word' id='word_1_42' title='bbox 772 651 904 702; x_wconf 59' lang='lat' dir='ltr'><strong>Deus</strong></span> <span class='ocrx_word' id='word_1_43' title='bbox 930 651 1190 703; x_wconf 88' lang='lat' dir='ltr'><strong>neminem</strong></span> <span class='ocrx_word' id='word_1_44' title='bbox 1223 660 1408 717; x_wconf 89' lang='lat' dir='ltr'><strong>tentet,</strong></span> <span class='ocrx_word' id='word_1_45' title='bbox 1442 653 1542 704; x_wconf 84' lang='lat' dir='ltr'><strong>nisi</strong></span> <span class='ocrx_word' id='word_1_46' title='bbox 1568 653 1687 720; x_wconf 83' lang='lat' dir='ltr'><strong>quia</strong></span> <span class='ocrx_word' id='word_1_47' title='bbox 1716 650 1982 704; x_wconf 88' lang='lat' dir='ltr'><strong>locutione</strong></span> <span class='ocrx_word' id='word_1_48' title='bbox 2009 651 2154 704; x_wconf 83' lang='lat' dir='ltr'><strong>Scri-</strong></span> 
     </span>
    </p>
   </div>
   <div class='ocr_carea' id='block_1_9' title="bbox 609 739 2151 812">
    <p class='ocr_par' dir='ltr' id='par_1_9' title="bbox 609 739 2151 812">
     <span class='ocr_line' id='line_1_9' title="bbox 609 739 2151 812; baseline 0.003 -23"><span class='ocrx_word' id='word_1_49' title='bbox 609 753 880 804; x_wconf 80' lang='lat' dir='ltr'><strong>pturarum</strong></span> <span class='ocrx_word' id='word_1_50' title='bbox 908 740 1044 793; x_wconf 85' lang='lat' dir='ltr'><strong>solet</strong></span> <span class='ocrx_word' id='word_1_51' title='bbox 1071 739 1172 794; x_wconf 91' lang='lat' dir='ltr'><strong>dici</strong></span> <span class='ocrx_word' id='word_1_52' title='bbox 1195 781 1211 804; x_wconf 89' lang='lat'><strong>,</strong></span> <span class='ocrx_word' id='word_1_53' title='bbox 1245 751 1436 809; x_wconf 88' lang='lat' dir='ltr'><strong>tentat,</strong></span> <span class='ocrx_word' id='word_1_54' title='bbox 1467 757 1561 812; x_wconf 88' lang='lat' dir='ltr'><strong>pro</strong></span> <span class='ocrx_word' id='word_1_55' title='bbox 1584 757 1647 796; x_wconf 91' lang='lat' dir='ltr'><strong>eo</strong></span> <span class='ocrx_word' id='word_1_56' title='bbox 1672 741 1809 808; x_wconf 89' lang='lat' dir='ltr'><strong>quod</strong></span> <span class='ocrx_word' id='word_1_57' title='bbox 1837 749 1918 795; x_wconf 89' lang='lat' dir='ltr'><strong>est</strong></span> <span class='ocrx_word' id='word_1_58' title='bbox 1944 742 2151 810; x_wconf 88' lang='lat' dir='ltr'><strong>probat.</strong></span> 
     </span>
    </p>
   </div>
   <div class='ocr_carea' id='block_1_10' title="bbox 608 829 2158 898">
    <p class='ocr_par' dir='ltr' id='par_1_10' title="bbox 608 829 2158 898">
     <span class='ocr_line' id='line_1_10' title="bbox 608 829 2158 898; baseline 0.001 -16"><span class='ocrx_word' id='word_1_59' title='bbox 608 829 849 882; x_wconf 87' lang='lat' dir='ltr'><strong>Tentatio</strong></span> <span class='ocrx_word' id='word_1_60' title='bbox 880 844 1005 883; x_wconf 84' lang='lat' dir='ltr'><strong>vero</strong></span> <span class='ocrx_word' id='word_1_61' title='bbox 1036 829 1124 883; x_wconf 86' lang='lat' dir='ltr'><strong>illa</strong></span> <span class='ocrx_word' id='word_1_62' title='bbox 1153 829 1221 884; x_wconf 90' lang='lat' dir='ltr'><strong>de</strong></span> <span class='ocrx_word' id='word_1_63' title='bbox 1249 846 1349 898; x_wconf 89' lang='lat' dir='ltr'><strong>qua</strong></span> <span class='ocrx_word' id='word_1_64' title='bbox 1396 832 1620 885; x_wconf 86' lang='lat' dir='ltr'><strong>Iacobus</strong></span> <span class='ocrx_word' id='word_1_65' title='bbox 1647 830 1796 894; x_wconf 93' lang='lat' dir='ltr'><strong>dicit,</strong></span> <span class='ocrx_word' id='word_1_66' title='bbox 1825 845 1930 884; x_wconf 89' lang='lat' dir='ltr'><strong>non</strong></span> <span class='ocrx_word' id='word_1_67' title='bbox 1960 831 2158 884; x_wconf 85' lang='lat' dir='ltr'><strong>intelli-</strong></span> 
     </span>
    </p>
   </div>
   <div class='ocr_carea' id='block_1_11' title="bbox 608 915 2156 986">
    <p class='ocr_par' dir='ltr' id='par_1_11' title="bbox 608 915 2156 986">
     <span class='ocr_line' id='line_1_11' title="bbox 608 915 2156 986; baseline 0.003 -19"><span class='ocrx_word' id='word_1_68' title='bbox 608 922 768 985; x_wconf 81' lang='lat' dir='ltr'><strong>gitur,</strong></span> <span class='ocrx_word' id='word_1_69' title='bbox 813 918 912 969; x_wconf 86' lang='lat' dir='ltr'><strong>nisi</strong></span> <span class='ocrx_word' id='word_1_70' title='bbox 961 915 1079 986; x_wconf 88' lang='lat' dir='ltr'><strong>quia</strong></span> <span class='ocrx_word' id='word_1_71' title='bbox 1127 919 1351 986; x_wconf 89' lang='lat' dir='ltr'><strong>quisque</strong></span> <span class='ocrx_word' id='word_1_72' title='bbox 1389 927 1602 985; x_wconf 86' lang='lat' dir='ltr'><strong>peccato</strong></span> <span class='ocrx_word' id='word_1_73' title='bbox 1651 917 1963 985; x_wconf 79' lang='lat' dir='ltr'><strong>implicatur.</strong></span> <span class='ocrx_word' id='word_1_74' title='bbox 2008 917 2156 973; x_wconf 83' lang='lat' dir='ltr'><strong>Unde</strong></span> 
     </span>
    </p>
   </div>
   <div class='ocr_carea' id='block_1_12' title="bbox 609 1005 2155 1075">
    <p class='ocr_par' dir='ltr' id='par_1_12' title="bbox 609 1005 2155 1075">
     <span class='ocr_line' id='line_1_12' title="bbox 609 1005 2155 1075; baseline -0.001 -16"><span class='ocrx_word' id='word_1_75' title='bbox 609 1007 895 1072; x_wconf 79' lang='lat' dir='ltr'><strong>Apostolus</strong></span> <span class='ocrx_word' id='word_1_76' title='bbox 923 1006 1050 1063; x_wconf 86' lang='lat' dir='ltr'><strong>dicit</strong></span> <span class='ocrx_word' id='word_1_77' title='bbox 1083 1023 1096 1058; x_wconf 89' lang='lat'><strong>:</strong></span> <span class='ocrx_word' id='word_1_78' title='bbox 1122 1007 1197 1059; x_wconf 69' lang='lat' dir='ltr'><strong>Ne</strong></span> <span class='ocrx_word' id='word_1_79' title='bbox 1215 1008 1346 1058; x_wconf 78' lang='lat' dir='ltr'><strong>forte</strong></span> <span class='ocrx_word' id='word_1_80' title='bbox 1373 1005 1650 1058; x_wconf 86' lang='lat' dir='ltr'><strong>tentaverit</strong></span> <span class='ocrx_word' id='word_1_81' title='bbox 1676 1019 1770 1059; x_wconf 84' lang='lat' dir='ltr'><strong>vos</strong></span> <span class='ocrx_word' id='word_1_82' title='bbox 1792 1005 1835 1058; x_wconf 87' lang='lat' dir='ltr'><strong>is</strong></span> <span class='ocrx_word' id='word_1_83' title='bbox 1860 1005 1949 1075; x_wconf 90' lang='lat' dir='ltr'><strong>qui</strong></span> <span class='ocrx_word' id='word_1_84' title='bbox 1971 1015 2155 1059; x_wconf 87' lang='lat' dir='ltr'><strong>tentat.</strong></span> 
     </span>
    </p>
   </div>
   <div class='ocr_carea' id='block_1_13' title="bbox 611 1081 2157 1164">
    <p class='ocr_par' dir='ltr' id='par_1_13' title="bbox 611 1081 2157 1164">
     <span class='ocr_line' id='line_1_13' title="bbox 611 1081 2157 1164; baseline -0.001 -14"><span class='ocrx_word' id='word_1_85' title='bbox 611 1099 739 1150; x_wconf 74' lang='lat' dir='ltr'><strong>Nam</strong></span> <span class='ocrx_word' id='word_1_86' title='bbox 789 1109 843 1152; x_wconf 88' lang='lat' dir='ltr'><strong>et</strong></span> <span class='ocrx_word' id='word_1_87' title='bbox 884 1098 1009 1152; x_wconf 83' lang='lat' dir='ltr'><strong>alibi</strong></span> <span class='ocrx_word' id='word_1_88' title='bbox 1053 1081 1310 1164; x_wconf 29' lang='lat' dir='ltr'><strong>scriptum.</strong></span> <span class='ocrx_word' id='word_1_89' title='bbox 1358 1105 1478 1149; x_wconf 87' lang='lat' dir='ltr'><strong>est:</strong></span> <span class='ocrx_word' id='word_1_90' title='bbox 1523 1096 1711 1152; x_wconf 86' lang='lat' dir='ltr'><strong>Tentat</strong></span> <span class='ocrx_word' id='word_1_91' title='bbox 1755 1083 1848 1149; x_wconf 80' lang='lat' dir='ltr'><strong>vos</strong></span> <span class='ocrx_word' id='word_1_92' title='bbox 1902 1096 2157 1149; x_wconf 83' lang='lat' dir='ltr'><strong>Dominus</strong></span> 
     </span>
    </p>
   </div>
   <div class='ocr_carea' id='block_1_14' title="bbox 611 1185 2158 1255">
    <p class='ocr_par' dir='ltr' id='par_1_14' title="bbox 611 1185 2158 1255">
     <span class='ocr_line' id='line_1_14' title="bbox 611 1185 2158 1255; baseline -0.001 -14"><span class='ocrx_word' id='word_1_93' title='bbox 611 1189 749 1242; x_wconf 84' lang='lat' dir='ltr'><strong>Deus</strong></span> <span class='ocrx_word' id='word_1_94' title='bbox 794 1199 984 1253; x_wconf 81' lang='lat' dir='ltr'><strong>vester,</strong></span> <span class='ocrx_word' id='word_1_95' title='bbox 1026 1197 1082 1240; x_wconf 91' lang='lat' dir='ltr'><strong>ut</strong></span> <span class='ocrx_word' id='word_1_96' title='bbox 1123 1187 1253 1239; x_wconf 86' lang='lat' dir='ltr'><strong>sciat</strong></span> <span class='ocrx_word' id='word_1_97' title='bbox 1295 1186 1338 1238; x_wconf 90' lang='lat' dir='ltr'><strong>si</strong></span> <span class='ocrx_word' id='word_1_98' title='bbox 1380 1185 1598 1255; x_wconf 73' lang='lat' dir='ltr'><strong>diligitis</strong></span> <span class='ocrx_word' id='word_1_99' title='bbox 1642 1200 1809 1250; x_wconf 88' lang='lat' dir='ltr'><strong>eum;</strong></span> <span class='ocrx_word' id='word_1_100' title='bbox 1847 1186 2004 1240; x_wconf 85' lang='lat' dir='ltr'><strong>etiam</strong></span> <span class='ocrx_word' id='word_1_101' title='bbox 2058 1186 2158 1240; x_wconf 88' lang='lat' dir='ltr'><strong>hoc</strong></span> 
     </span>
    </p>
   </div>
   <div class='ocr_carea' id='block_1_15' title="bbox 611 1273 2159 1354">
    <p class='ocr_par' dir='ltr' id='par_1_15' title="bbox 611 1273 2159 1354">
     <span class='ocr_line' id='line_1_15' title="bbox 611 1273 2159 1354; baseline -0.002 -23"><span class='ocrx_word' id='word_1_102' title='bbox 611 1295 801 1349; x_wconf 78' lang='lat' dir='ltr'><strong>genere</strong></span> <span class='ocrx_word' id='word_1_103' title='bbox 830 1277 1103 1354; x_wconf 76' lang='lat' dir='ltr'><strong>locutionis</strong></span> <span class='ocrx_word' id='word_1_104' title='bbox 1153 1284 1208 1330; x_wconf 87' lang='lat' dir='ltr'><strong>ut</strong></span> <span class='ocrx_word' id='word_1_105' title='bbox 1254 1274 1417 1340; x_wconf 82' lang='lat' dir='ltr'><strong>sciat,</strong></span> <span class='ocrx_word' id='word_1_106' title='bbox 1449 1273 1646 1327; x_wconf 89' lang='lat' dir='ltr'><strong>dictum</strong></span> <span class='ocrx_word' id='word_1_107' title='bbox 1678 1285 1794 1340; x_wconf 88' lang='lat' dir='ltr'><strong>est,</strong></span> <span class='ocrx_word' id='word_1_108' title='bbox 1825 1287 1887 1328; x_wconf 87' lang='lat' dir='ltr'><strong>ac</strong></span> <span class='ocrx_word' id='word_1_109' title='bbox 1927 1274 1975 1327; x_wconf 84' lang='lat' dir='ltr'><strong>si</strong></span> <span class='ocrx_word' id='word_1_110' title='bbox 2017 1274 2159 1328; x_wconf 88' lang='lat' dir='ltr'><strong>dice-</strong></span> 
     </span>
    </p>
   </div>
   <div class='ocr_carea' id='block_1_16' title="bbox 611 1362 2159 1434">
    <p class='ocr_par' dir='ltr' id='par_1_16' title="bbox 611 1362 2159 1434">
     <span class='ocr_line' id='line_1_16' title="bbox 611 1362 2159 1434; baseline -0.003 -11"><span class='ocrx_word' id='word_1_111' title='bbox 611 1381 778 1433; x_wconf 81' lang='lat' dir='ltr'><strong>retur,</strong></span> <span class='ocrx_word' id='word_1_112' title='bbox 829 1379 884 1422; x_wconf 89' lang='lat' dir='ltr'><strong>ut</strong></span> <span class='ocrx_word' id='word_1_113' title='bbox 921 1368 1056 1420; x_wconf 84' lang='lat' dir='ltr'><strong>scire</strong></span> <span class='ocrx_word' id='word_1_114' title='bbox 1084 1382 1174 1418; x_wconf 82' lang='lat' dir='ltr'><strong>vos</strong></span> <span class='ocrx_word' id='word_1_115' title='bbox 1204 1365 1391 1429; x_wconf 82' lang='lat' dir='ltr'><strong>iaciat,</strong></span> <span class='ocrx_word' id='word_1_116' title='bbox 1420 1364 1667 1432; x_wconf 85' lang='lat' dir='ltr'><strong>quoniam</strong></span> <span class='ocrx_word' id='word_1_117' title='bbox 1694 1365 1836 1418; x_wconf 84' lang='lat' dir='ltr'><strong>vires</strong></span> <span class='ocrx_word' id='word_1_118' title='bbox 1862 1362 2159 1434; x_wconf 79' lang='lat' dir='ltr'><strong>dilectionis</strong></span> 
     </span>
    </p>
   </div>
   <div class='ocr_carea' id='block_1_17' title="bbox 611 1453 2158 1523">
    <p class='ocr_par' dir='ltr' id='par_1_17' title="bbox 611 1453 2158 1523">
     <span class='ocr_line' id='line_1_17' title="bbox 611 1453 2158 1523; baseline -0.005 -10"><span class='ocrx_word' id='word_1_119' title='bbox 611 1474 720 1513; x_wconf 68' lang='lat' dir='ltr'><strong>suae</strong></span> <span class='ocrx_word' id='word_1_120' title='bbox 752 1457 1010 1511; x_wconf 83' lang='lat' dir='ltr'><strong>hominem</strong></span> <span class='ocrx_word' id='word_1_121' title='bbox 1041 1456 1204 1508; x_wconf 81' lang='lat' dir='ltr'><strong>latent</strong></span> <span class='ocrx_word' id='word_1_122' title='bbox 1227 1496 1243 1520; x_wconf 97' lang='lat'><strong>,</strong></span> <span class='ocrx_word' id='word_1_123' title='bbox 1272 1454 1368 1508; x_wconf 87' lang='lat' dir='ltr'><strong>nisi</strong></span> <span class='ocrx_word' id='word_1_124' title='bbox 1401 1455 1580 1508; x_wconf 88' lang='lat' dir='ltr'><strong>divino</strong></span> <span class='ocrx_word' id='word_1_125' title='bbox 1607 1454 1972 1523; x_wconf 82' lang='lat' dir='ltr'><strong>experimento</strong></span> <span class='ocrx_word' id='word_1_126' title='bbox 1999 1453 2158 1508; x_wconf 88' lang='lat' dir='ltr'><strong>etiam</strong></span> 
     </span>
    </p>
   </div>
   <div class='ocr_carea' id='block_1_18' title="bbox 614 1549 1155 1603">
    <p class='ocr_par' dir='ltr' id='par_1_18' title="bbox 614 1549 1155 1603">
     <span class='ocr_line' id='line_1_18' title="bbox 614 1549 1155 1603; baseline -0.007 0"><span class='ocrx_word' id='word_1_127' title='bbox 614 1551 778 1603; x_wconf 86' lang='lat' dir='ltr'><strong>eidem</strong></span> <span class='ocrx_word' id='word_1_128' title='bbox 810 1549 1155 1601; x_wconf 74' lang='lat' dir='ltr'><strong>innotescant.</strong></span> 
     </span>
    </p>
   </div>
   <div class='ocr_carea' id='block_1_19' title="bbox 1195 1674 1578 1732">
    <p class='ocr_par' dir='ltr' id='par_1_19' title="bbox 1195 1674 1578 1732">
     <span class='ocr_line' id='line_1_19' title="bbox 1195 1674 1578 1732; baseline -0.003 -2"><span class='ocrx_word' id='word_1_129' title='bbox 1195 1674 1418 1732; x_wconf 81' lang='lat' dir='ltr'><strong>CAPUT</strong></span> <span class='ocrx_word' id='word_1_130' title='bbox 1447 1675 1578 1730; x_wconf 74' lang='lat' dir='ltr'><strong>XCI.</strong></span> 
     </span>
    </p>
   </div>
   <div class='ocr_carea' id='block_1_20' title="bbox 614 1805 2161 1882">
    <p class='ocr_par' dir='ltr' id='par_1_20' title="bbox 614 1805 2161 1882">
     <span class='ocr_line' id='line_1_20' title="bbox 614 1805 2161 1882; baseline -0.001 -22"><span class='ocrx_word' id='word_1_131' title='bbox 614 1809 712 1882; x_wconf 74' lang='lat'><strong>62</strong></span> <span class='ocrx_word' id='word_1_132' title='bbox 745 1807 814 1860; x_wconf 88' lang='lat' dir='ltr'><strong>De</strong></span> <span class='ocrx_word' id='word_1_133' title='bbox 841 1807 993 1882; x_wconf 62' lang='lat' dir='ltr'><strong>simili</strong></span> <span class='ocrx_word' id='word_1_134' title='bbox 1023 1807 1270 1882; x_wconf 71' lang='lat' dir='ltr'><strong>locutione</strong></span> <span class='ocrx_word' id='word_1_135' title='bbox 1298 1823 1397 1875; x_wconf 85' lang='lat' dir='ltr'><strong>qua</strong></span> <span class='ocrx_word' id='word_1_136' title='bbox 1426 1808 1612 1882; x_wconf 76' lang='lat' dir='ltr'><strong>dictum</strong></span> <span class='ocrx_word' id='word_1_137' title='bbox 1639 1817 1752 1882; x_wconf 69' lang='lat' dir='ltr'><strong>est:</strong></span> <span class='ocrx_word' id='word_1_138' title='bbox 1777 1805 1995 1878; x_wconf 84' lang='lat' dir='ltr'><strong>Cognovi</strong></span> <span class='ocrx_word' id='word_1_139' title='bbox 2025 1807 2161 1874; x_wconf 84' lang='lat' dir='ltr'><strong>quod</strong></span> 
     </span>
    </p>
   </div>
   <div class='ocr_carea' id='block_1_21' title="bbox 958 1876 1808 1940">
    <p class='ocr_par' dir='ltr' id='par_1_21' title="bbox 958 1876 1808 1940">
     <span class='ocr_line' id='line_1_21' title="bbox 958 1876 1808 1940; baseline 0.002 -13"><span class='ocrx_word' id='word_1_140' title='bbox 958 1878 1130 1928; x_wconf 79' lang='lat' dir='ltr'><strong>timeas</strong></span> <span class='ocrx_word' id='word_1_141' title='bbox 1155 1877 1311 1928; x_wconf 86' lang='lat' dir='ltr'><strong>Deum</strong></span> <span class='ocrx_word' id='word_1_142' title='bbox 1336 1892 1355 1940; x_wconf 86' lang='lat'><strong><em>;</em></strong></span> <span class='ocrx_word' id='word_1_143' title='bbox 1381 1892 1441 1928; x_wconf 77' lang='lat' dir='ltr'><strong>ea:</strong></span> <span class='ocrx_word' id='word_1_144' title='bbox 1468 1878 1640 1928; x_wconf 83' lang='lat' dir='ltr'><strong>eodem</strong></span> <span class='ocrx_word' id='word_1_145' title='bbox 1663 1876 1808 1929; x_wconf 57' lang='lat' dir='ltr'><strong>(.bro.</strong></span> 
     </span>
    </p>
   </div>
   <div class='ocr_carea' id='block_1_22' title="bbox 679 1985 2161 2055">
    <p class='ocr_par' dir='ltr' id='par_1_22' title="bbox 679 1985 2161 2055">
     <span class='ocr_line' id='line_1_22' title="bbox 679 1985 2161 2055; baseline -0.003 -14"><span class='ocrx_word' id='word_1_146' title='bbox 679 1985 792 2041; x_wconf 78' lang='lat' dir='ltr'><strong>Vox</strong></span> <span class='ocrx_word' id='word_1_147' title='bbox 819 1986 989 2055; x_wconf 81' lang='lat' dir='ltr'><strong>ange&#39;i</strong></span> <span class='ocrx_word' id='word_1_148' title='bbox 1012 1986 1079 2040; x_wconf 89' lang='lat' dir='ltr'><strong>de</strong></span> <span class='ocrx_word' id='word_1_149' title='bbox 1106 1985 1240 2039; x_wconf 61' lang='lat' dir='ltr'><strong>caelo</strong></span> <span class='ocrx_word' id='word_1_150' title='bbox 1267 1985 1328 2038; x_wconf 88' lang='lat' dir='ltr'><strong>ad</strong></span> <span class='ocrx_word' id='word_1_151' title='bbox 1366 1985 1630 2038; x_wconf 78' lang='lat' dir='ltr'><strong>Abraham</strong></span> <span class='ocrx_word' id='word_1_152' title='bbox 1658 2003 1670 2037; x_wconf 90' lang='lat'><strong>:</strong></span> <span class='ocrx_word' id='word_1_153' title='bbox 1705 1986 1780 2039; x_wconf 81' lang='lat' dir='ltr'><strong>Ne</strong></span> <span class='ocrx_word' id='word_1_154' title='bbox 1811 1986 2014 2054; x_wconf 84' lang='lat' dir='ltr'><strong>injicias</strong></span> <span class='ocrx_word' id='word_1_155' title='bbox 2047 2003 2161 2038; x_wconf 85' lang='lat' dir='ltr'><strong>ma-</strong></span> 
     </span>
    </p>
   </div>
   <div class='ocr_carea' id='block_1_23' title="bbox 615 2073 2163 2144">
    <p class='ocr_par' dir='ltr' id='par_1_23' title="bbox 615 2073 2163 2144">
     <span class='ocr_line' id='line_1_23' title="bbox 615 2073 2163 2144; baseline 0.001 -17"><span class='ocrx_word' id='word_1_156' title='bbox 615 2089 712 2127; x_wconf 87' lang='lat' dir='ltr'><strong>nus</strong></span> <span class='ocrx_word' id='word_1_157' title='bbox 746 2075 796 2128; x_wconf 93' lang='lat' dir='ltr'><strong>in</strong></span> <span class='ocrx_word' id='word_1_158' title='bbox 842 2090 1092 2144; x_wconf 89' lang='lat' dir='ltr'><strong>puerum,</strong></span> <span class='ocrx_word' id='word_1_159' title='bbox 1143 2089 1310 2140; x_wconf 87' lang='lat' dir='ltr'><strong>neque</strong></span> <span class='ocrx_word' id='word_1_160' title='bbox 1345 2073 1503 2128; x_wconf 81' lang='lat' dir='ltr'><strong>facias</strong></span> <span class='ocrx_word' id='word_1_161' title='bbox 1544 2074 1592 2127; x_wconf 90' lang='lat' dir='ltr'><strong>ei</strong></span> <span class='ocrx_word' id='word_1_162' title='bbox 1641 2076 1922 2144; x_wconf 82' lang='lat' dir='ltr'><strong>quidquam</strong></span> <span class='ocrx_word' id='word_1_163' title='bbox 1949 2116 1964 2141; x_wconf 96' lang='lat'><strong>,</strong></span> <span class='ocrx_word' id='word_1_164' title='bbox 2006 2077 2163 2129; x_wconf 90' lang='lat' dir='ltr'><strong>modo</strong></span> 
     </span>
    </p>
   </div>
   <div class='ocr_carea' id='block_1_24' title="bbox 615 2165 2162 2237">
    <p class='ocr_par' dir='ltr' id='par_1_24' title="bbox 615 2165 2162 2237">
     <span class='ocr_line' id='line_1_24' title="bbox 615 2165 2162 2237; baseline 0 -17"><span class='ocrx_word' id='word_1_165' title='bbox 615 2169 752 2220; x_wconf 90' lang='lat' dir='ltr'><strong>enim</strong></span> <span class='ocrx_word' id='word_1_166' title='bbox 801 2165 1018 2237; x_wconf 75' lang='lat' dir='ltr'><strong>‘cognovi</strong></span> <span class='ocrx_word' id='word_1_167' title='bbox 1068 2166 1314 2233; x_wconf 91' lang='lat' dir='ltr'><strong>quoniam</strong></span> <span class='ocrx_word' id='word_1_168' title='bbox 1348 2167 1532 2218; x_wconf 82' lang='lat' dir='ltr'><strong>timeas</strong></span> <span class='ocrx_word' id='word_1_169' title='bbox 1563 2167 1724 2222; x_wconf 90' lang='lat' dir='ltr'><strong>Deum</strong></span> <span class='ocrx_word' id='word_1_170' title='bbox 1755 2176 1827 2220; x_wconf 89' lang='lat' dir='ltr'><strong>tu.</strong></span> <span class='ocrx_word' id='word_1_171' title='bbox 1861 2167 2028 2221; x_wconf 75' lang='lat' dir='ltr'><strong>Etiam</strong></span> <span class='ocrx_word' id='word_1_172' title='bbox 2066 2169 2162 2222; x_wconf 87' lang='lat' dir='ltr'><strong>ista</strong></span> 
     </span>
    </p>
   </div>
   <div class='ocr_carea' id='block_1_25' title="bbox 621 2257 2165 2326">
    <p class='ocr_par' dir='ltr' id='par_1_25' title="bbox 621 2257 2165 2326">
     <span class='ocr_line' id='line_1_25' title="bbox 621 2257 2165 2326; baseline 0 -15"><span class='ocrx_word' id='word_1_173' title='bbox 621 2259 846 2326; x_wconf 62' lang='lat' dir='ltr'><strong>quastio</strong></span> <span class='ocrx_word' id='word_1_174' title='bbox 874 2258 1028 2311; x_wconf 80' lang='lat' dir='ltr'><strong>simili</strong></span> <span class='ocrx_word' id='word_1_175' title='bbox 1055 2257 1319 2311; x_wconf 73' lang='lat' dir='ltr'><strong>locutioie</strong></span> <span class='ocrx_word' id='word_1_176' title='bbox 1339 2258 1578 2310; x_wconf 75' lang='lat' dir='ltr'><strong>solvitur.</strong></span> <span class='ocrx_word' id='word_1_177' title='bbox 1598 2258 1706 2312; x_wconf 86' lang='lat' dir='ltr'><strong>lloc</strong></span> <span class='ocrx_word' id='word_1_178' title='bbox 1724 2258 1986 2312; x_wconf 88' lang='lat' dir='ltr'><strong>estenim:</strong></span> <span class='ocrx_word' id='word_1_179' title='bbox 2019 2259 2165 2311; x_wconf 82' lang='lat' dir='ltr'><strong>Nunc</strong></span> 
     </span>
    </p>
   </div>
   <div class='ocr_carea' id='block_1_26' title="bbox 617 2348 2161 2418">
    <p class='ocr_par' dir='ltr' id='par_1_26' title="bbox 617 2348 2161 2418">
     <span class='ocr_line' id='line_1_26' title="bbox 617 2348 2161 2418; baseline -0.002 -14"><span class='ocrx_word' id='word_1_180' title='bbox 617 2351 834 2418; x_wconf 83' lang='lat' dir='ltr'><strong>cognovi</strong></span> <span class='ocrx_word' id='word_1_181' title='bbox 878 2349 1120 2418; x_wconf 88' lang='lat' dir='ltr'><strong>quoniam</strong></span> <span class='ocrx_word' id='word_1_182' title='bbox 1153 2350 1334 2402; x_wconf 78' lang='lat' dir='ltr'><strong>timeas</strong></span> <span class='ocrx_word' id='word_1_183' title='bbox 1381 2349 1542 2401; x_wconf 89' lang='lat' dir='ltr'><strong>Deum</strong></span> <span class='ocrx_word' id='word_1_184' title='bbox 1589 2348 1842 2417; x_wconf 88' lang='lat' dir='ltr'><strong>tu;quod</strong></span> <span class='ocrx_word' id='word_1_185' title='bbox 1866 2349 2161 2418; x_wconf 71' lang='lat' dir='ltr'><strong>signiﬁtat:</strong></span> 
     </span>
    </p>
   </div>
   <div class='ocr_carea' id='block_1_27' title="bbox 616 2436 2163 2511">
    <p class='ocr_par' dir='ltr' id='par_1_27' title="bbox 616 2436 2163 2511">
     <span class='ocr_line' id='line_1_27' title="bbox 616 2436 2163 2511; baseline -0.002 -18"><span class='ocrx_word' id='word_1_186' title='bbox 616 2441 762 2493; x_wconf 80' lang='lat' dir='ltr'><strong>Nunc</strong></span> <span class='ocrx_word' id='word_1_187' title='bbox 807 2449 856 2492; x_wconf 90' lang='lat' dir='ltr'><strong>te</strong></span> <span class='ocrx_word' id='word_1_188' title='bbox 903 2439 998 2493; x_wconf 79' lang='lat' dir='ltr'><strong>ieci</strong></span> <span class='ocrx_word' id='word_1_189' title='bbox 1041 2453 1374 2511; x_wconf 76' lang='lat' dir='ltr'><strong>cognoscere.</strong></span> <span class='ocrx_word' id='word_1_190' title='bbox 1424 2438 1481 2490; x_wconf 88' lang='lat' dir='ltr'><strong>In</strong></span> <span class='ocrx_word' id='word_1_191' title='bbox 1519 2436 1961 2506; x_wconf 76' lang='lat' dir='ltr'><strong>consequentibus</strong></span> <span class='ocrx_word' id='word_1_192' title='bbox 1990 2447 2163 2493; x_wconf 87' lang='lat' dir='ltr'><strong>autem</strong></span> 
     </span>
    </p>
   </div>
   <div class='ocr_carea' id='block_1_28' title="bbox 619 2527 2165 2599">
    <p class='ocr_par' dir='ltr' id='par_1_28' title="bbox 619 2527 2165 2599">
     <span class='ocr_line' id='line_1_28' title="bbox 619 2527 2165 2599; baseline -0.002 -16"><span class='ocrx_word' id='word_1_193' title='bbox 619 2531 719 2584; x_wconf 90' lang='lat' dir='ltr'><strong>hoc</strong></span> <span class='ocrx_word' id='word_1_194' title='bbox 763 2545 926 2599; x_wconf 80' lang='lat' dir='ltr'><strong>genus</strong></span> <span class='ocrx_word' id='word_1_195' title='bbox 968 2528 1249 2582; x_wconf 77' lang='lat' dir='ltr'><strong>locutionis</strong></span> <span class='ocrx_word' id='word_1_196' title='bbox 1309 2527 1603 2582; x_wconf 75' lang='lat' dir='ltr'><strong>evidentius</strong></span> <span class='ocrx_word' id='word_1_197' title='bbox 1646 2527 1956 2598; x_wconf 86' lang='lat' dir='ltr'><strong>[evidenter]</strong></span> <span class='ocrx_word' id='word_1_198' title='bbox 2002 2543 2165 2596; x_wconf 84' lang='lat' dir='ltr'><strong>appa-</strong></span> 
     </span>
    </p>
   </div>
   <div class='ocr_carea' id='block_1_29' title="bbox 618 2618 2165 2674">
    <p class='ocr_par' dir='ltr' id='par_1_29' title="bbox 618 2618 2165 2674">
     <span class='ocr_line' id='line_1_29' title="bbox 618 2618 2165 2674; baseline -0.001 -2"><span class='ocrx_word' id='word_1_199' title='bbox 618 2632 694 2673; x_wconf 87' lang='lat' dir='ltr'><strong>ret</strong></span> <span class='ocrx_word' id='word_1_200' title='bbox 724 2621 810 2673; x_wconf 91' lang='lat' dir='ltr'><strong>ubi</strong></span> <span class='ocrx_word' id='word_1_201' title='bbox 838 2619 1065 2674; x_wconf 90' lang='lat' dir='ltr'><strong>dicitur:</strong></span> <span class='ocrx_word' id='word_1_202' title='bbox 1101 2619 1166 2672; x_wconf 88' lang='lat' dir='ltr'><strong>Et</strong></span> <span class='ocrx_word' id='word_1_203' title='bbox 1196 2619 1401 2672; x_wconf 87' lang='lat' dir='ltr'><strong>vocavit</strong></span> <span class='ocrx_word' id='word_1_204' title='bbox 1425 2618 1688 2672; x_wconf 82' lang='lat' dir='ltr'><strong>Abraham</strong></span> <span class='ocrx_word' id='word_1_205' title='bbox 1724 2634 1914 2672; x_wconf 88' lang='lat' dir='ltr'><strong>nomen</strong></span> <span class='ocrx_word' id='word_1_206' title='bbox 1954 2620 2053 2672; x_wconf 93' lang='lat' dir='ltr'><strong>loci</strong></span> <span class='ocrx_word' id='word_1_207' title='bbox 2099 2619 2165 2671; x_wconf 83' lang='lat' dir='ltr'><strong>il-</strong></span> 
     </span>
    </p>
   </div>
   <div class='ocr_carea' id='block_1_30' title="bbox 619 2705 2165 2772">
    <p class='ocr_par' dir='ltr' id='par_1_30' title="bbox 619 2705 2165 2772">
     <span class='ocr_line' id='line_1_30' title="bbox 619 2705 2165 2772; baseline -0.001 -11"><span class='ocrx_word' id='word_1_208' title='bbox 619 2710 720 2762; x_wconf 88' lang='lat' dir='ltr'><strong>lius</strong></span> <span class='ocrx_word' id='word_1_209' title='bbox 749 2709 996 2761; x_wconf 90' lang='lat' dir='ltr'><strong>Dominus</strong></span> <span class='ocrx_word' id='word_1_210' title='bbox 1023 2706 1184 2772; x_wconf 85' lang='lat' dir='ltr'><strong>vidit,</strong></span> <span class='ocrx_word' id='word_1_211' title='bbox 1213 2716 1270 2760; x_wconf 90' lang='lat' dir='ltr'><strong>ut</strong></span> <span class='ocrx_word' id='word_1_212' title='bbox 1290 2705 1492 2760; x_wconf 81' lang='lat' dir='ltr'><strong>dicatur</strong></span> <span class='ocrx_word' id='word_1_213' title='bbox 1520 2707 1675 2760; x_wconf 91' lang='lat' dir='ltr'><strong>hodie</strong></span> <span class='ocrx_word' id='word_1_214' title='bbox 1704 2708 1755 2760; x_wconf 91' lang='lat' dir='ltr'><strong>in</strong></span> <span class='ocrx_word' id='word_1_215' title='bbox 1786 2717 1962 2761; x_wconf 84' lang='lat' dir='ltr'><strong>monte</strong></span> <span class='ocrx_word' id='word_1_216' title='bbox 1987 2707 2165 2760; x_wconf 89' lang='lat' dir='ltr'><strong>Domi-</strong></span> 
     </span>
    </p>
   </div>
   <div class='ocr_carea' id='block_1_31' title="bbox 620 2795 2164 2864">
    <p class='ocr_par' dir='ltr' id='par_1_31' title="bbox 620 2795 2164 2864">
     <span class='ocr_line' id='line_1_31' title="bbox 620 2795 2164 2864; baseline -0.001 -14"><span class='ocrx_word' id='word_1_217' title='bbox 620 2813 716 2851; x_wconf 85' lang='lat' dir='ltr'><strong>uus</strong></span> <span class='ocrx_word' id='word_1_218' title='bbox 738 2798 1007 2864; x_wconf 82' lang='lat' dir='ltr'><strong>apparuit:</strong></span> <span class='ocrx_word' id='word_1_219' title='bbox 1038 2797 1166 2849; x_wconf 71' lang='lat' dir='ltr'><strong>sidit</strong></span> <span class='ocrx_word' id='word_1_220' title='bbox 1188 2833 1202 2860; x_wconf 88' lang='lat'><strong>,</strong></span> <span class='ocrx_word' id='word_1_221' title='bbox 1232 2809 1328 2864; x_wconf 88' lang='lat' dir='ltr'><strong>pro</strong></span> <span class='ocrx_word' id='word_1_222' title='bbox 1355 2810 1418 2849; x_wconf 88' lang='lat' dir='ltr'><strong>eo</strong></span> <span class='ocrx_word' id='word_1_223' title='bbox 1449 2796 1587 2864; x_wconf 91' lang='lat' dir='ltr'><strong>quod</strong></span> <span class='ocrx_word' id='word_1_224' title='bbox 1616 2806 1695 2849; x_wconf 89' lang='lat' dir='ltr'><strong>est</strong></span> <span class='ocrx_word' id='word_1_225' title='bbox 1721 2836 1734 2859; x_wconf 91' lang='lat'><strong>,</strong></span> <span class='ocrx_word' id='word_1_226' title='bbox 1758 2798 2028 2864; x_wconf 78' lang='lat' dir='ltr'><strong>apparuit,</strong></span> <span class='ocrx_word' id='word_1_227' title='bbox 2063 2795 2164 2848; x_wconf 87' lang='lat' dir='ltr'><strong>hoc</strong></span> 
     </span>
    </p>
   </div>
   <div class='ocr_carea' id='block_1_32' title="bbox 621 2870 2167 2956">
    <p class='ocr_par' dir='ltr' id='par_1_32' title="bbox 621 2870 2167 2956">
     <span class='ocr_line' id='line_1_32' title="bbox 621 2870 2167 2956; baseline 0 -15"><span class='ocrx_word' id='word_1_228' title='bbox 621 2885 720 2953; x_wconf 78' lang='lat' dir='ltr'><strong>es‘t,</strong></span> <span class='ocrx_word' id='word_1_229' title='bbox 753 2888 880 2942; x_wconf 86' lang='lat' dir='ltr'><strong>vidit</strong></span> <span class='ocrx_word' id='word_1_230' title='bbox 910 2902 1000 2955; x_wconf 78' lang='lat' dir='ltr'><strong>pro</strong></span> <span class='ocrx_word' id='word_1_231' title='bbox 1025 2902 1088 2941; x_wconf 85' lang='lat' dir='ltr'><strong>eo</strong></span> <span class='ocrx_word' id='word_1_232' title='bbox 1110 2889 1244 2956; x_wconf 92' lang='lat' dir='ltr'><strong>quod</strong></span> <span class='ocrx_word' id='word_1_233' title='bbox 1275 2895 1356 2941; x_wconf 86' lang='lat' dir='ltr'><strong>est</strong></span> <span class='ocrx_word' id='word_1_234' title='bbox 1387 2887 1546 2940; x_wconf 83' lang='lat' dir='ltr'><strong>videri</strong></span> <span class='ocrx_word' id='word_1_235' title='bbox 1577 2870 1718 2951; x_wconf 78' lang='lat' dir='ltr'><strong>fecit,</strong></span> <span class='ocrx_word' id='word_1_236' title='bbox 1749 2887 2046 2956; x_wconf 80' lang='lat' dir='ltr'><strong>signiﬁcans</strong></span> <span class='ocrx_word' id='word_1_237' title='bbox 2074 2904 2167 2956; x_wconf 89' lang='lat' dir='ltr'><strong>per</strong></span> 
     </span>
    </p>
   </div>
   <div class='ocr_carea' id='block_1_33' title="bbox 2253 383 3806 454">
    <p class='ocr_par' dir='ltr' id='par_1_33' title="bbox 2253 383 3806 454">
     <span class='ocr_line' id='line_1_33' title="bbox 2253 383 3806 454; baseline 0.002 -18"><span class='ocrx_word' id='word_1_238' title='bbox 2253 383 2352 436; x_wconf 83' lang='lat' dir='ltr'><strong>hoc</strong></span> <span class='ocrx_word' id='word_1_239' title='bbox 2387 397 2491 437; x_wconf 87' lang='lat' dir='ltr'><strong>non</strong></span> <span class='ocrx_word' id='word_1_240' title='bbox 2538 396 2685 439; x_wconf 80' lang='lat' dir='ltr'><strong>recte</strong></span> <span class='ocrx_word' id='word_1_241' title='bbox 2727 383 2923 437; x_wconf 74' lang='lat' dir='ltr'><strong>faciunt</strong></span> <span class='ocrx_word' id='word_1_242' title='bbox 2948 394 3152 440; x_wconf 81' lang='lat' dir='ltr'><strong>tentare</strong></span> <span class='ocrx_word' id='word_1_243' title='bbox 3181 384 3484 438; x_wconf 83' lang='lat' dir='ltr'><strong>Dominum.</strong></span> <span class='ocrx_word' id='word_1_244' title='bbox 3518 386 3666 439; x_wconf 72' lang='lat' dir='ltr'><strong>Nan.</strong></span> <span class='ocrx_word' id='word_1_245' title='bbox 3711 389 3806 454; x_wconf 69' lang='lat' dir='ltr'><strong>ipse</strong></span> 
     </span>
    </p>
   </div>
   <div class='ocr_carea' id='block_1_34' title="bbox 2254 474 3809 540">
    <p class='ocr_par' dir='ltr' id='par_1_34' title="bbox 2254 474 3809 540">
     <span class='ocr_line' id='line_1_34' title="bbox 2254 474 3809 540; baseline 0.004 -14"><span class='ocrx_word' id='word_1_246' title='bbox 2254 474 2504 528; x_wconf 86' lang='lat' dir='ltr'><strong>Dominus</strong></span> <span class='ocrx_word' id='word_1_247' title='bbox 2531 491 2648 528; x_wconf 78' lang='lat' dir='ltr'><strong>cuin</strong></span> <span class='ocrx_word' id='word_1_248' title='bbox 2691 490 2722 530; x_wconf 80' lang='grc' dir='ltr'>ι</span> <span class='ocrx_word' id='word_1_249' title='bbox 2757 475 2973 534; x_wconf 69' lang='lat' dir='ltr'><strong>diabolo</strong></span> <span class='ocrx_word' id='word_1_250' title='bbox 3000 486 3307 540; x_wconf 80' lang='lat' dir='ltr'><strong>tentaretur,</strong></span> <span class='ocrx_word' id='word_1_251' title='bbox 3342 479 3723 531; x_wconf 76' lang='lat' dir='ltr'><strong>testimonium</strong></span> <span class='ocrx_word' id='word_1_252' title='bbox 3756 479 3809 532; x_wconf 73' lang='lat' dir='ltr'><strong>de</strong></span> 
     </span>
    </p>
   </div>
   <div class='ocr_carea' id='block_1_35' title="bbox 2252 562 3808 630">
    <p class='ocr_par' dir='ltr' id='par_1_35' title="bbox 2252 562 3808 630">
     <span class='ocr_line' id='line_1_35' title="bbox 2252 562 3808 630; baseline 0.001 -14"><span class='ocrx_word' id='word_1_253' title='bbox 2252 562 2541 630; x_wconf 85' lang='lat' dir='ltr'><strong>Scripturis</strong></span> <span class='ocrx_word' id='word_1_254' title='bbox 2572 564 2847 619; x_wconf 78' lang='lat' dir='ltr'><strong>adhibui-tt</strong></span> <span class='ocrx_word' id='word_1_255' title='bbox 2896 564 3008 617; x_wconf 83' lang='lat' dir='ltr'><strong>Non</strong></span> <span class='ocrx_word' id='word_1_256' title='bbox 3050 567 3272 618; x_wconf 67' lang='lat' dir='ltr'><strong>tetttahis</strong></span> <span class='ocrx_word' id='word_1_257' title='bbox 3314 566 3606 618; x_wconf 75' lang='lat' dir='ltr'><strong>Doluittum</strong></span> <span class='ocrx_word' id='word_1_258' title='bbox 3659 566 3808 618; x_wconf 68' lang='lat' dir='ltr'><strong>Deum</strong></span> 
     </span>
    </p>
   </div>
   <div class='ocr_carea' id='block_1_36' title="bbox 2252 639 3812 721">
    <p class='ocr_par' dir='ltr' id='par_1_36' title="bbox 2252 639 3812 721">
     <span class='ocr_line' id='line_1_36' title="bbox 2252 639 3812 721; baseline 0.003 -19"><span class='ocrx_word' id='word_1_259' title='bbox 2252 658 2417 702; x_wconf 90' lang='lat' dir='ltr'><strong>tuum.</strong></span> <span class='ocrx_word' id='word_1_260' title='bbox 2461 639 2852 720; x_wconf 77' lang='lat' dir='ltr'><strong>Suggerebatur</strong></span> <span class='ocrx_word' id='word_1_261' title='bbox 2876 653 3032 716; x_wconf 25' lang='lat' dir='ltr'><strong>enim,</strong></span> <span class='ocrx_word' id='word_1_262' title='bbox 3061 661 3307 720; x_wconf 82' lang='lat' dir='ltr'><strong>tanquam</strong></span> <span class='ocrx_word' id='word_1_263' title='bbox 3337 655 3536 708; x_wconf 83' lang='lat' dir='ltr'><strong>homini</strong></span> <span class='ocrx_word' id='word_1_264' title='bbox 3575 664 3641 708; x_wconf 86' lang='lat' dir='ltr'><strong>ut</strong></span> <span class='ocrx_word' id='word_1_265' title='bbox 3673 660 3812 721; x_wconf 71' lang='lat' dir='ltr'><strong>signa</strong></span> 
     </span>
    </p>
   </div>
   <div class='ocr_carea' id='block_1_37' title="bbox 2251 740 3808 814">
    <p class='ocr_par' dir='ltr' id='par_1_37' title="bbox 2251 740 3808 814">
     <span class='ocr_line' id='line_1_37' title="bbox 2251 740 3808 814; baseline 0.005 -22"><span class='ocrx_word' id='word_1_266' title='bbox 2251 740 2428 808; x_wconf 87' lang='lat' dir='ltr'><strong>aliquo</strong></span> <span class='ocrx_word' id='word_1_267' title='bbox 2457 742 2752 807; x_wconf 84' lang='lat' dir='ltr'><strong>exploraret</strong></span> <span class='ocrx_word' id='word_1_268' title='bbox 2779 743 2919 809; x_wconf 83' lang='lat' dir='ltr'><strong>ipse,</strong></span> <span class='ocrx_word' id='word_1_269' title='bbox 2954 752 3181 809; x_wconf 84' lang='lat' dir='ltr'><strong>quantus</strong></span> <span class='ocrx_word' id='word_1_270' title='bbox 3200 753 3344 796; x_wconf 83' lang='lat' dir='ltr'><strong>esset</strong></span> <span class='ocrx_word' id='word_1_271' title='bbox 3370 785 3384 806; x_wconf 84' lang='lat'><strong>.</strong></span> <span class='ocrx_word' id='word_1_272' title='bbox 3418 745 3469 798; x_wconf 90' lang='lat' dir='ltr'><strong>id</strong></span> <span class='ocrx_word' id='word_1_273' title='bbox 3496 757 3586 799; x_wconf 76' lang='lat' dir='ltr'><strong>est</strong></span> <span class='ocrx_word' id='word_1_274' title='bbox 3613 786 3632 810; x_wconf 97' lang='lat'><strong>,</strong></span> <span class='ocrx_word' id='word_1_275' title='bbox 3665 761 3808 814; x_wconf 66' lang='lat' dir='ltr'><strong>quam</strong></span> 
     </span>
    </p>
   </div>
   <div class='ocr_carea' id='block_1_38' title="bbox 2255 831 3810 900">
    <p class='ocr_par' dir='ltr' id='par_1_38' title="bbox 2255 831 3810 900">
     <span class='ocr_line' id='line_1_38' title="bbox 2255 831 3810 900; baseline 0.004 -18"><span class='ocrx_word' id='word_1_276' title='bbox 2255 831 2475 882; x_wconf 89' lang='lat' dir='ltr'><strong>multum</strong></span> <span class='ocrx_word' id='word_1_277' title='bbox 2512 831 2644 898; x_wconf 88' lang='lat' dir='ltr'><strong>apud</strong></span> <span class='ocrx_word' id='word_1_278' title='bbox 2670 831 2832 885; x_wconf 89' lang='lat' dir='ltr'><strong>Deum</strong></span> <span class='ocrx_word' id='word_1_279' title='bbox 2859 841 3034 899; x_wconf 78' lang='lat' dir='ltr'><strong>posset</strong></span> <span class='ocrx_word' id='word_1_280' title='bbox 3056 873 3070 895; x_wconf 86' lang='lat'><strong>,</strong></span> <span class='ocrx_word' id='word_1_281' title='bbox 3118 833 3257 900; x_wconf 82' lang='lat' dir='ltr'><strong>quod</strong></span> <span class='ocrx_word' id='word_1_282' title='bbox 3285 834 3475 888; x_wconf 83' lang='lat' dir='ltr'><strong>vitiose</strong></span> <span class='ocrx_word' id='word_1_283' title='bbox 3503 836 3566 888; x_wconf 84' lang='lat' dir='ltr'><strong>lit</strong></span> <span class='ocrx_word' id='word_1_284' title='bbox 3586 853 3717 890; x_wconf 69' lang='lat' dir='ltr'><strong>cum</strong></span> <span class='ocrx_word' id='word_1_285' title='bbox 3748 838 3810 888; x_wconf 78' lang='grc' dir='ltr'><strong>ιτ.</strong></span> 
     </span>
    </p>
   </div>
   <div class='ocr_carea' id='block_1_39' title="bbox 2255 919 3811 991">
    <p class='ocr_par' dir='ltr' id='par_1_39' title="bbox 2255 919 3811 991">
     <span class='ocr_line' id='line_1_39' title="bbox 2255 919 3811 991; baseline 0.001 -18"><span class='ocrx_word' id='word_1_286' title='bbox 2255 919 2334 973; x_wconf 85' lang='lat' dir='ltr'><strong>Ab</strong></span> <span class='ocrx_word' id='word_1_287' title='bbox 2365 920 2464 973; x_wconf 93' lang='lat' dir='ltr'><strong>hoc</strong></span> <span class='ocrx_word' id='word_1_288' title='bbox 2483 930 2656 973; x_wconf 89' lang='lat' dir='ltr'><strong>autem</strong></span> <span class='ocrx_word' id='word_1_289' title='bbox 2680 920 2993 976; x_wconf 86' lang='lat' dir='ltr'><strong>discernitur</strong></span> <span class='ocrx_word' id='word_1_290' title='bbox 3026 921 3163 988; x_wconf 83' lang='lat' dir='ltr'><strong>quod</strong></span> <span class='ocrx_word' id='word_1_291' title='bbox 3191 920 3354 976; x_wconf 68' lang='lat' dir='ltr'><strong>Cedet</strong></span> <span class='ocrx_word' id='word_1_292' title='bbox 3375 937 3410 975; x_wconf 90' lang='lat' dir='ltr'><strong>n</strong></span> <span class='ocrx_word' id='word_1_293' title='bbox 3455 924 3589 976; x_wconf 84' lang='lat' dir='ltr'><strong>lecit</strong></span> <span class='ocrx_word' id='word_1_294' title='bbox 3633 938 3811 991; x_wconf 68' lang='lat' dir='ltr'><strong>pugna</strong></span> 
     </span>
    </p>
   </div>
   <div class='ocr_carea' id='block_1_40' title="bbox 2255 1007 3814 1079">
    <p class='ocr_par' dir='ltr' id='par_1_40' title="bbox 2255 1007 3814 1079">
     <span class='ocr_line' id='line_1_40' title="bbox 2255 1007 3814 1079; baseline 0.001 -19"><span class='ocrx_word' id='word_1_295' title='bbox 2255 1007 2563 1062; x_wconf 86' lang='lat' dir='ltr'><strong>imminente</strong></span> <span class='ocrx_word' id='word_1_296' title='bbox 2595 1008 2870 1077; x_wconf 79' lang='lat' dir='ltr'><strong>periculo,-</strong></span> <span class='ocrx_word' id='word_1_297' title='bbox 2907 1009 3222 1064; x_wconf 89' lang='lat' dir='ltr'><strong>consultatio</strong></span> <span class='ocrx_word' id='word_1_298' title='bbox 3271 1011 3467 1079; x_wconf 87' lang='lat' dir='ltr'><strong>quippe</strong></span> <span class='ocrx_word' id='word_1_299' title='bbox 3511 1011 3611 1066; x_wconf 82' lang='lat' dir='ltr'><strong>illa</strong></span> <span class='ocrx_word' id='word_1_300' title='bbox 3661 1025 3814 1078; x_wconf 73' lang='lat' dir='ltr'><strong>lingis</strong></span> 
     </span>
    </p>
   </div>
   <div class='ocr_carea' id='block_1_41' title="bbox 2255 1099 3814 1168">
    <p class='ocr_par' dir='ltr' id='par_1_41' title="bbox 2255 1099 3814 1168">
     <span class='ocr_line' id='line_1_41' title="bbox 2255 1099 3814 1168; baseline 0 -16"><span class='ocrx_word' id='word_1_301' title='bbox 2255 1115 2411 1167; x_wconf 88' lang='lat' dir='ltr'><strong>quam</strong></span> <span class='ocrx_word' id='word_1_302' title='bbox 2455 1101 2669 1154; x_wconf 85' lang='lat' dir='ltr'><strong>tentatio</strong></span> <span class='ocrx_word' id='word_1_303' title='bbox 2700 1100 2791 1153; x_wconf 89' lang='lat' dir='ltr'><strong>Dei</strong></span> <span class='ocrx_word' id='word_1_304' title='bbox 2823 1100 2942 1157; x_wconf 80' lang='lat' dir='ltr'><strong>fuit.</strong></span> <span class='ocrx_word' id='word_1_305' title='bbox 2967 1100 3112 1155; x_wconf 89' lang='lat' dir='ltr'><strong>Unde</strong></span> <span class='ocrx_word' id='word_1_306' title='bbox 3143 1111 3195 1153; x_wconf 88' lang='lat' dir='ltr'><strong>et</strong></span> <span class='ocrx_word' id='word_1_307' title='bbox 3226 1099 3400 1154; x_wconf 80' lang='lat' dir='ltr'><strong>Acbaz</strong></span> <span class='ocrx_word' id='word_1_308' title='bbox 3452 1102 3597 1168; x_wconf 84' lang='lat' dir='ltr'><strong>apud</strong></span> <span class='ocrx_word' id='word_1_309' title='bbox 3636 1100 3814 1154; x_wconf 69' lang='lat' dir='ltr'><strong>Isaia-</strong></span> 
     </span>
    </p>
   </div>
   <div class='ocr_carea' id='block_1_42' title="bbox 2256 1189 3814 1261">
    <p class='ocr_par' dir='ltr' id='par_1_42' title="bbox 2256 1189 3814 1261">
     <span class='ocr_line' id='line_1_42' title="bbox 2256 1189 3814 1261; baseline -0.001 -18"><span class='ocrx_word' id='word_1_310' title='bbox 2256 1191 2403 1244; x_wconf 87' lang='lat' dir='ltr'><strong>tiinet</strong></span> <span class='ocrx_word' id='word_1_311' title='bbox 2449 1190 2652 1260; x_wconf 77' lang='lat' dir='ltr'><strong>signum</strong></span> <span class='ocrx_word' id='word_1_312' title='bbox 2685 1202 2900 1259; x_wconf 87' lang='lat' dir='ltr'><strong>petere.</strong></span> <span class='ocrx_word' id='word_1_313' title='bbox 2942 1206 3008 1244; x_wconf 88' lang='lat' dir='ltr'><strong>ne</strong></span> <span class='ocrx_word' id='word_1_314' title='bbox 3052 1190 3327 1250; x_wconf 90' lang='lat' dir='ltr'><strong>Dominum</strong></span> <span class='ocrx_word' id='word_1_315' title='bbox 3360 1189 3582 1261; x_wconf 81' lang='lat' dir='ltr'><strong>[Deum]</strong></span> <span class='ocrx_word' id='word_1_316' title='bbox 3619 1200 3814 1243; x_wconf 67' lang='lat' dir='ltr'><strong>tensam</strong></span> 
     </span>
    </p>
   </div>
   <div class='ocr_carea' id='block_1_43' title="bbox 2257 1280 3816 1354">
    <p class='ocr_par' dir='ltr' id='par_1_43' title="bbox 2257 1280 3816 1354">
     <span class='ocr_line' id='line_1_43' title="bbox 2257 1280 3816 1354; baseline -0.003 -22"><span class='ocrx_word' id='word_1_317' title='bbox 2257 1281 2494 1335; x_wconf 86' lang='lat' dir='ltr'><strong>videatur</strong></span> <span class='ocrx_word' id='word_1_318' title='bbox 2512 1296 2674 1354; x_wconf 85' lang='lat' dir='ltr'><strong>,cum</strong></span> <span class='ocrx_word' id='word_1_319' title='bbox 2715 1281 2815 1334; x_wconf 87' lang='lat' dir='ltr'><strong>hoc</strong></span> <span class='ocrx_word' id='word_1_320' title='bbox 2840 1295 2957 1335; x_wconf 88' lang='lat' dir='ltr'><strong>eum</strong></span> <span class='ocrx_word' id='word_1_321' title='bbox 2985 1280 3236 1334; x_wconf 87' lang='lat' dir='ltr'><strong>Dominus</strong></span> <span class='ocrx_word' id='word_1_322' title='bbox 3264 1280 3551 1334; x_wconf 85' lang='lat' dir='ltr'><strong>admoneat</strong></span> <span class='ocrx_word' id='word_1_323' title='bbox 3576 1294 3682 1346; x_wconf 84' lang='lat' dir='ltr'><strong>per</strong></span> <span class='ocrx_word' id='word_1_324' title='bbox 3710 1293 3816 1344; x_wconf 72' lang='lat' dir='ltr'><strong>pru-</strong></span> 
     </span>
    </p>
   </div>
   <div class='ocr_carea' id='block_1_44' title="bbox 2257 1369 3809 1440">
    <p class='ocr_par' dir='ltr' id='par_1_44' title="bbox 2257 1369 3809 1440">
     <span class='ocr_line' id='line_1_44' title="bbox 2257 1369 3809 1440; baseline -0.005 -16"><span class='ocrx_word' id='word_1_325' title='bbox 2257 1371 2504 1440; x_wconf 84' lang='lat' dir='ltr'><strong>phetam,</strong></span> <span class='ocrx_word' id='word_1_326' title='bbox 2547 1373 2747 1433; x_wconf 71' lang='lat' dir='ltr'><strong>credo:</strong></span> <span class='ocrx_word' id='word_1_327' title='bbox 2790 1372 3094 1425; x_wconf 75' lang='lat' dir='ltr'><strong>existimans</strong></span> <span class='ocrx_word' id='word_1_328' title='bbox 3123 1370 3261 1439; x_wconf 91' lang='lat' dir='ltr'><strong>quod</strong></span> <span class='ocrx_word' id='word_1_329' title='bbox 3306 1370 3374 1422; x_wconf 86' lang='lat' dir='ltr'><strong>ab</strong></span> <span class='ocrx_word' id='word_1_330' title='bbox 3399 1370 3516 1438; x_wconf 87' lang='lat' dir='ltr'><strong>ipso</strong></span> <span class='ocrx_word' id='word_1_331' title='bbox 3553 1369 3809 1436; x_wconf 74' lang='lat' dir='ltr'><strong>propheta</strong></span> 
     </span>
    </p>
   </div>
   <div class='ocr_carea' id='block_1_45' title="bbox 2259 1461 3814 1530">
    <p class='ocr_par' dir='ltr' id='par_1_45' title="bbox 2259 1461 3814 1530">
     <span class='ocr_line' id='line_1_45' title="bbox 2259 1461 3814 1530; baseline -0.004 -15"><span class='ocrx_word' id='word_1_332' title='bbox 2259 1463 2617 1530; x_wconf 78' lang='lat' dir='ltr'><strong>explorareiur</strong></span> <span class='ocrx_word' id='word_1_333' title='bbox 2645 1471 2814 1514; x_wconf 90' lang='lat' dir='ltr'><strong>utrum</strong></span> <span class='ocrx_word' id='word_1_334' title='bbox 2841 1461 3087 1527; x_wconf 66' lang='lat' dir='ltr'><strong>prmcepti</strong></span> <span class='ocrx_word' id='word_1_335' title='bbox 3116 1474 3320 1513; x_wconf 90' lang='lat' dir='ltr'><strong>memor</strong></span> <span class='ocrx_word' id='word_1_336' title='bbox 3343 1468 3488 1511; x_wconf 66' lang='lat' dir='ltr'><strong>esset</strong></span> <span class='ocrx_word' id='word_1_337' title='bbox 3515 1499 3528 1521; x_wconf 98' lang='lat'><strong>,</strong></span> <span class='ocrx_word' id='word_1_338' title='bbox 3578 1473 3691 1523; x_wconf 81' lang='lat' dir='ltr'><strong>quo</strong></span> <span class='ocrx_word' id='word_1_339' title='bbox 3715 1468 3814 1509; x_wconf 78' lang='lat' dir='ltr'><strong>ten-</strong></span> 
     </span>
    </p>
   </div>
   <div class='ocr_carea' id='block_1_46' title="bbox 2234 1523 3643 1620">
    <p class='ocr_par' dir='ltr' id='par_1_46' title="bbox 2234 1523 3643 1620">
     <span class='ocr_line' id='line_1_46' title="bbox 2234 1523 3643 1620; baseline -0.004 -16"><span class='ocrx_word' id='word_1_340' title='bbox 2234 1523 2371 1605; x_wconf 31' lang='lat' dir='ltr'><strong>‘tar&#39;e</strong></span> <span class='ocrx_word' id='word_1_341' title='bbox 2403 1551 2443 1604; x_wconf 87' lang='grc' dir='ltr'><strong>Ι)</strong></span> <span class='ocrx_word' id='word_1_342' title='bbox 2465 1553 2676 1604; x_wconf 77' lang='lat' dir='ltr'><strong>uninum</strong></span> <span class='ocrx_word' id='word_1_343' title='bbox 2709 1523 3216 1620; x_wconf 55' lang='lat' dir='ltr'><strong>priibibeturioeutn</strong></span> <span class='ocrx_word' id='word_1_344' title='bbox 3247 1545 3643 1618; x_wconf 83' lang='lat' dir='ltr'><strong>prohibemur].</strong></span> 
     </span>
    </p>
   </div>
   <div class='ocr_carea' id='block_1_47' title="bbox 2815 1680 3252 1737">
    <p class='ocr_par' dir='ltr' id='par_1_47' title="bbox 2815 1680 3252 1737">
     <span class='ocr_line' id='line_1_47' title="bbox 2815 1680 3252 1737; baseline -0.011 0"><span class='ocrx_word' id='word_1_345' title='bbox 2815 1680 3040 1737; x_wconf 70' lang='lat' dir='ltr'><strong>CAPUT</strong></span> <span class='ocrx_word' id='word_1_346' title='bbox 3074 1681 3252 1734; x_wconf 75' lang='lat' dir='ltr'><strong>XCIV.</strong></span> 
     </span>
    </p>
   </div>
   <div class='ocr_carea' id='block_1_48' title="bbox 2265 1809 3814 1881">
    <p class='ocr_par' dir='ltr' id='par_1_48' title="bbox 2265 1809 3814 1881">
     <span class='ocr_line' id='line_1_48' title="bbox 2265 1809 3814 1881; baseline -0.006 -14"><span class='ocrx_word' id='word_1_347' title='bbox 2265 1815 2338 1868; x_wconf 82' lang='lat' dir='ltr'><strong>De</strong></span> <span class='ocrx_word' id='word_1_348' title='bbox 2362 1830 2419 1867; x_wconf 80' lang='lat' dir='ltr'><strong>eo</strong></span> <span class='ocrx_word' id='word_1_349' title='bbox 2448 1813 2582 1881; x_wconf 81' lang='lat' dir='ltr'><strong>quod</strong></span> <span class='ocrx_word' id='word_1_350' title='bbox 2607 1814 2674 1865; x_wconf 85' lang='lat' dir='ltr'><strong>ait</strong></span> <span class='ocrx_word' id='word_1_351' title='bbox 2703 1811 2858 1865; x_wconf 80' lang='lat' dir='ltr'><strong>Iacob</strong></span> <span class='ocrx_word' id='word_1_352' title='bbox 2884 1827 2901 1862; x_wconf 89' lang='lat'><strong><em>:</em></strong></span> <span class='ocrx_word' id='word_1_353' title='bbox 2928 1811 3043 1862; x_wconf 82' lang='lat' dir='ltr'><strong>Non</strong></span> <span class='ocrx_word' id='word_1_354' title='bbox 3069 1819 3138 1862; x_wconf 78' lang='lat' dir='ltr'><strong>est</strong></span> <span class='ocrx_word' id='word_1_355' title='bbox 3167 1809 3247 1860; x_wconf 81' lang='lat' dir='ltr'><strong>hic</strong></span> <span class='ocrx_word' id='word_1_356' title='bbox 3276 1810 3375 1861; x_wconf 83' lang='lat' dir='ltr'><strong>nisi</strong></span> <span class='ocrx_word' id='word_1_357' title='bbox 3397 1811 3580 1860; x_wconf 76' lang='lat' dir='ltr'><strong>domus</strong></span> <span class='ocrx_word' id='word_1_358' title='bbox 3611 1809 3744 1872; x_wconf 53' lang='lat' dir='ltr'><strong>Deis</strong></span> <span class='ocrx_word' id='word_1_359' title='bbox 3763 1825 3814 1859; x_wconf 74' lang='grc' dir='ltr'>α</span> 
     </span>
    </p>
   </div>
   <div class='ocr_carea' id='block_1_49' title="bbox 2565 1881 3218 1933">
    <p class='ocr_par' dir='ltr' id='par_1_49' title="bbox 2565 1881 3218 1933">
     <span class='ocr_line' id='line_1_49' title="bbox 2565 1881 3218 1933; baseline -0.006 1"><span class='ocrx_word' id='word_1_360' title='bbox 2565 1887 2576 1896; x_wconf 77' lang='lat'><strong><em>&#39;</em></strong></span> <span class='ocrx_word' id='word_1_361' title='bbox 2857 1884 3028 1933; x_wconf 83' lang='lat' dir='ltr'><strong>eodem</strong></span> <span class='ocrx_word' id='word_1_362' title='bbox 3073 1881 3218 1931; x_wconf 74' lang='lat' dir='ltr'><strong>libro.</strong></span> 
     </span>
    </p>
   </div>
   <div class='ocr_carea' id='block_1_50' title="bbox 2336 2009 3814 2076">
    <p class='ocr_par' dir='ltr' id='par_1_50' title="bbox 2336 2009 3814 2076">
     <span class='ocr_line' id='line_1_50' title="bbox 2336 2009 3814 2076; baseline -0.008 -5"><span class='ocrx_word' id='word_1_363' title='bbox 2336 2019 2399 2071; x_wconf 87' lang='lat' dir='ltr'><strong>Et</strong></span> <span class='ocrx_word' id='word_1_364' title='bbox 2426 2015 2655 2070; x_wconf 80' lang='lat' dir='ltr'><strong>surrexit</strong></span> <span class='ocrx_word' id='word_1_365' title='bbox 2679 2014 2837 2068; x_wconf 70' lang='lat' dir='ltr'><strong>Iaciib</strong></span> <span class='ocrx_word' id='word_1_366' title='bbox 2858 2013 2922 2067; x_wconf 91' lang='lat' dir='ltr'><strong>de</strong></span> <span class='ocrx_word' id='word_1_367' title='bbox 2948 2027 3132 2065; x_wconf 89' lang='lat' dir='ltr'><strong>somno</strong></span> <span class='ocrx_word' id='word_1_368' title='bbox 3161 2027 3279 2073; x_wconf 82' lang='lat' dir='ltr'><strong>suo,</strong></span> <span class='ocrx_word' id='word_1_369' title='bbox 3313 2019 3368 2062; x_wconf 86' lang='lat' dir='ltr'><strong>et</strong></span> <span class='ocrx_word' id='word_1_370' title='bbox 3396 2011 3556 2068; x_wconf 73' lang='lat' dir='ltr'><strong>dixit:</strong></span> <span class='ocrx_word' id='word_1_371' title='bbox 3577 2009 3716 2076; x_wconf 84' lang='lat' dir='ltr'><strong>Quia</strong></span> <span class='ocrx_word' id='word_1_372' title='bbox 3746 2019 3814 2062; x_wconf 69' lang='lat' dir='ltr'><strong>est</strong></span> 
     </span>
    </p>
   </div>
   <div class='ocr_carea' id='block_1_51' title="bbox 2266 2090 3813 2170">
    <p class='ocr_par' dir='ltr' id='par_1_51' title="bbox 2266 2090 3813 2170">
     <span class='ocr_line' id='line_1_51' title="bbox 2266 2090 3813 2170; baseline -0.006 -10"><span class='ocrx_word' id='word_1_373' title='bbox 2266 2090 2594 2160; x_wconf 65' lang='grc' dir='ltr'><strong>ῡοιιιίηιιδῖιι</strong></span> <span class='ocrx_word' id='word_1_374' title='bbox 2619 2107 2732 2157; x_wconf 88' lang='lat' dir='ltr'><strong>loco</strong></span> <span class='ocrx_word' id='word_1_375' title='bbox 2761 2105 2858 2157; x_wconf 88' lang='lat' dir='ltr'><strong>hoc</strong></span> <span class='ocrx_word' id='word_1_376' title='bbox 2879 2145 2892 2165; x_wconf 84' lang='lat'><strong>,</strong></span> <span class='ocrx_word' id='word_1_377' title='bbox 2926 2118 3019 2170; x_wconf 89' lang='lat' dir='ltr'><strong>ego</strong></span> <span class='ocrx_word' id='word_1_378' title='bbox 3055 2114 3226 2154; x_wconf 88' lang='lat' dir='ltr'><strong>autem</strong></span> <span class='ocrx_word' id='word_1_379' title='bbox 3259 2101 3561 2153; x_wconf 87' lang='lat' dir='ltr'><strong>nesciebam</strong></span> <span class='ocrx_word' id='word_1_380' title='bbox 3591 2118 3608 2164; x_wconf 85' lang='lat'><strong>;</strong></span> <span class='ocrx_word' id='word_1_381' title='bbox 3665 2109 3719 2152; x_wconf 89' lang='lat' dir='ltr'><strong>et</strong></span> <span class='ocrx_word' id='word_1_382' title='bbox 3760 2112 3813 2151; x_wconf 49' lang='lat' dir='ltr'><strong>ti-</strong></span> 
     </span>
    </p>
   </div>
   <div class='ocr_carea' id='block_1_52' title="bbox 2265 2187 3813 2260">
    <p class='ocr_par' dir='ltr' id='par_1_52' title="bbox 2265 2187 3813 2260">
     <span class='ocr_line' id='line_1_52' title="bbox 2265 2187 3813 2260; baseline -0.006 -10"><span class='ocrx_word' id='word_1_383' title='bbox 2265 2198 2394 2250; x_wconf 90' lang='lat' dir='ltr'><strong>muit</strong></span> <span class='ocrx_word' id='word_1_384' title='bbox 2424 2208 2475 2249; x_wconf 90' lang='lat' dir='ltr'><strong>et</strong></span> <span class='ocrx_word' id='word_1_385' title='bbox 2527 2196 2684 2248; x_wconf 80' lang='lat' dir='ltr'><strong>dixit:</strong></span> <span class='ocrx_word' id='word_1_386' title='bbox 2717 2196 2880 2260; x_wconf 83' lang='lat' dir='ltr'><strong>Quam</strong></span> <span class='ocrx_word' id='word_1_387' title='bbox 2933 2193 3209 2248; x_wconf 74' lang='lat' dir='ltr'><strong>terribilis.</strong></span> <span class='ocrx_word' id='word_1_388' title='bbox 3236 2192 3384 2244; x_wconf 86' lang='lat' dir='ltr'><strong>locus</strong></span> <span class='ocrx_word' id='word_1_389' title='bbox 3424 2192 3538 2254; x_wconf 85' lang='lat' dir='ltr'><strong>hic;</strong></span> <span class='ocrx_word' id='word_1_390' title='bbox 3570 2191 3674 2242; x_wconf 87' lang='lat' dir='ltr'><strong>hoc</strong></span> <span class='ocrx_word' id='word_1_391' title='bbox 3697 2187 3813 2260; x_wconf 60' lang='lat' dir='ltr'><strong>[Isle]</strong></span> 
     </span>
    </p>
   </div>
   <div class='ocr_carea' id='block_1_53' title="bbox 2265 2281 3813 2351">
    <p class='ocr_par' dir='ltr' id='par_1_53' title="bbox 2265 2281 3813 2351">
     <span class='ocr_line' id='line_1_53' title="bbox 2265 2281 3813 2351; baseline -0.006 -11"><span class='ocrx_word' id='word_1_392' title='bbox 2265 2305 2369 2341; x_wconf 92' lang='lat' dir='ltr'><strong>non</strong></span> <span class='ocrx_word' id='word_1_393' title='bbox 2394 2297 2475 2341; x_wconf 88' lang='lat' dir='ltr'><strong>est</strong></span> <span class='ocrx_word' id='word_1_394' title='bbox 2513 2288 2608 2340; x_wconf 83' lang='lat' dir='ltr'><strong>nisi</strong></span> <span class='ocrx_word' id='word_1_395' title='bbox 2634 2288 2819 2338; x_wconf 89' lang='lat' dir='ltr'><strong>domus</strong></span> <span class='ocrx_word' id='word_1_396' title='bbox 2848 2286 2936 2337; x_wconf 86' lang='lat' dir='ltr'><strong>Dei</strong></span> <span class='ocrx_word' id='word_1_397' title='bbox 2964 2327 2977 2349; x_wconf 93' lang='lat'><strong>,</strong></span> <span class='ocrx_word' id='word_1_398' title='bbox 3022 2292 3075 2336; x_wconf 90' lang='lat' dir='ltr'><strong>et</strong></span> <span class='ocrx_word' id='word_1_399' title='bbox 3106 2285 3217 2336; x_wconf 66' lang='lat' dir='ltr'><strong>haec</strong></span> <span class='ocrx_word' id='word_1_400' title='bbox 3244 2295 3395 2351; x_wconf 89' lang='lat' dir='ltr'><strong>porta</strong></span> <span class='ocrx_word' id='word_1_401' title='bbox 3424 2291 3504 2334; x_wconf 85' lang='lat' dir='ltr'><strong>est</strong></span> <span class='ocrx_word' id='word_1_402' title='bbox 3526 2283 3671 2336; x_wconf 64' lang='lat' dir='ltr'><strong>caeli.</strong></span> <span class='ocrx_word' id='word_1_403' title='bbox 3707 2281 3813 2332; x_wconf 65' lang='lat' dir='ltr'><strong>Hac</strong></span> 
     </span>
    </p>
   </div>
   <div class='ocr_carea' id='block_1_54' title="bbox 2264 2373 3811 2449">
    <p class='ocr_par' dir='ltr' id='par_1_54' title="bbox 2264 2373 3811 2449">
     <span class='ocr_line' id='line_1_54' title="bbox 2264 2373 3811 2449; baseline -0.008 -18"><span class='ocrx_word' id='word_1_404' title='bbox 2264 2378 2421 2431; x_wconf 85' lang='lat' dir='ltr'><strong>verba</strong></span> <span class='ocrx_word' id='word_1_405' title='bbox 2455 2379 2521 2428; x_wconf 83' lang='lat' dir='ltr'><strong>ad</strong></span> <span class='ocrx_word' id='word_1_406' title='bbox 2574 2375 2897 2444; x_wconf 81' lang='lat' dir='ltr'><strong>prophetiam</strong></span> <span class='ocrx_word' id='word_1_407' title='bbox 2957 2374 3220 2438; x_wconf 84' lang='lat' dir='ltr'><strong>pertinent</strong></span> <span class='ocrx_word' id='word_1_408' title='bbox 3245 2413 3261 2436; x_wconf 98' lang='lat'><strong>,</strong></span> <span class='ocrx_word' id='word_1_409' title='bbox 3318 2373 3454 2449; x_wconf 41' lang='lat' dir='ltr'><strong>quia</strong></span> <span class='ocrx_word' id='word_1_410' title='bbox 3487 2373 3556 2425; x_wconf 85' lang='lat' dir='ltr'><strong>ibi</strong></span> <span class='ocrx_word' id='word_1_411' title='bbox 3588 2373 3811 2424; x_wconf 76' lang='lat' dir='ltr'><strong>futuram</strong></span> 
     </span>
    </p>
   </div>
   <div class='ocr_carea' id='block_1_55' title="bbox 2225 2457 3814 2531">
    <p class='ocr_par' dir='ltr' id='par_1_55' title="bbox 2225 2457 3814 2531">
     <span class='ocr_line' id='line_1_55' title="bbox 2225 2457 3814 2531; baseline -0.005 -12"><span class='ocrx_word' id='word_1_412' title='bbox 2225 2503 2227 2505; x_wconf 62' lang='grc' dir='ltr'><strong><em>ι</em></strong></span> <span class='ocrx_word' id='word_1_413' title='bbox 2263 2479 2375 2520; x_wconf 89' lang='lat' dir='ltr'><strong>erat</strong></span> <span class='ocrx_word' id='word_1_414' title='bbox 2423 2466 2816 2518; x_wconf 82' lang='lat' dir='ltr'><strong>tabernaculum</strong></span> <span class='ocrx_word' id='word_1_415' title='bbox 2849 2465 2985 2531; x_wconf 87' lang='lat' dir='ltr'><strong>quod</strong></span> <span class='ocrx_word' id='word_1_416' title='bbox 3029 2463 3303 2515; x_wconf 82' lang='lat' dir='ltr'><strong>constituit</strong></span> <span class='ocrx_word' id='word_1_417' title='bbox 3354 2463 3488 2515; x_wconf 86' lang='lat' dir='ltr'><strong>Deus</strong></span> <span class='ocrx_word' id='word_1_418' title='bbox 3519 2457 3814 2531; x_wconf 74' lang='lat' dir='ltr'><strong>[Dominus]</strong></span> 
     </span>
    </p>
   </div>
   <div class='ocr_carea' id='block_1_56' title="bbox 2263 2548 3808 2620">
    <p class='ocr_par' dir='ltr' id='par_1_56' title="bbox 2263 2548 3808 2620">
     <span class='ocr_line' id='line_1_56' title="bbox 2263 2548 3808 2620; baseline -0.006 -11"><span class='ocrx_word' id='word_1_419' title='bbox 2263 2557 2314 2610; x_wconf 94' lang='lat' dir='ltr'><strong>in</strong></span> <span class='ocrx_word' id='word_1_420' title='bbox 2343 2555 2641 2607; x_wconf 78' lang='lat' dir='ltr'><strong>hominibus</strong></span> <span class='ocrx_word' id='word_1_421' title='bbox 2682 2555 2734 2606; x_wconf 90' lang='lat' dir='ltr'><strong>in</strong></span> <span class='ocrx_word' id='word_1_422' title='bbox 2785 2556 2950 2620; x_wconf 84' lang='lat' dir='ltr'><strong>primo</strong></span> <span class='ocrx_word' id='word_1_423' title='bbox 2973 2554 3164 2619; x_wconf 78' lang='lat' dir='ltr'><strong>populi)</strong></span> <span class='ocrx_word' id='word_1_424' title='bbox 3194 2567 3307 2604; x_wconf 91' lang='lat' dir='ltr'><strong>suo.</strong></span> <span class='ocrx_word' id='word_1_425' title='bbox 3339 2551 3554 2603; x_wconf 83' lang='lat' dir='ltr'><strong>Portam</strong></span> <span class='ocrx_word' id='word_1_426' title='bbox 3581 2552 3705 2604; x_wconf 64' lang='lat' dir='ltr'><strong>cali</strong></span> <span class='ocrx_word' id='word_1_427' title='bbox 3729 2548 3808 2601; x_wconf 72' lang='lat' dir='ltr'><strong>&#39;aa-</strong></span> 
     </span>
    </p>
   </div>
   <div class='ocr_carea' id='block_1_57' title="bbox 2261 2639 3813 2710">
    <p class='ocr_par' dir='ltr' id='par_1_57' title="bbox 2261 2639 3813 2710">
     <span class='ocr_line' id='line_1_57' title="bbox 2261 2639 3813 2710; baseline -0.005 -14"><span class='ocrx_word' id='word_1_428' title='bbox 2261 2654 2369 2698; x_wconf 85' lang='lat' dir='ltr'><strong>tem</strong></span> <span class='ocrx_word' id='word_1_429' title='bbox 2395 2645 2472 2697; x_wconf 85' lang='lat' dir='ltr'><strong>sic</strong></span> <span class='ocrx_word' id='word_1_430' title='bbox 2500 2642 2790 2710; x_wconf 78' lang='lat' dir='ltr'><strong>intelligere</strong></span> <span class='ocrx_word' id='word_1_431' title='bbox 2814 2640 3094 2704; x_wconf 88' lang='lat' dir='ltr'><strong>debemus,</strong></span> <span class='ocrx_word' id='word_1_432' title='bbox 3129 2646 3374 2704; x_wconf 59' lang='lat' dir='ltr'><strong>laminam</strong></span> <span class='ocrx_word' id='word_1_433' title='bbox 3400 2639 3524 2691; x_wconf 89' lang='lat' dir='ltr'><strong>inde</strong></span> <span class='ocrx_word' id='word_1_434' title='bbox 3542 2643 3634 2690; x_wconf 76' lang='lat' dir='ltr'><strong>Ital</strong></span> <span class='ocrx_word' id='word_1_435' title='bbox 3655 2641 3813 2689; x_wconf 66' lang='lat' dir='ltr'><strong>adiliﬂ</strong></span> 
     </span>
    </p>
   </div>
   <div class='ocr_carea' id='block_1_58' title="bbox 2264 2730 3682 2799">
    <p class='ocr_par' dir='ltr' id='par_1_58' title="bbox 2264 2730 3682 2799">
     <span class='ocr_line' id='line_1_58' title="bbox 2264 2730 3682 2799; baseline -0.006 -12"><span class='ocrx_word' id='word_1_436' title='bbox 2264 2733 2630 2799; x_wconf 86' lang='lat' dir='ltr'><strong>credentibus,</strong></span> <span class='ocrx_word' id='word_1_437' title='bbox 2661 2732 2725 2784; x_wconf 89' lang='lat' dir='ltr'><strong>ad</strong></span> <span class='ocrx_word' id='word_1_438' title='bbox 2750 2730 3128 2798; x_wconf 83' lang='lat' dir='ltr'><strong>capessendum</strong></span> <span class='ocrx_word' id='word_1_439' title='bbox 3152 2744 3372 2796; x_wconf 73' lang='lat' dir='ltr'><strong>regnum</strong></span> <span class='ocrx_word' id='word_1_440' title='bbox 3403 2730 3682 2782; x_wconf 69' lang='lat' dir='ltr'><strong>ccelurutn.</strong></span> 
     </span>
    </p>
   </div>
   <div class='ocr_carea' id='block_1_59' title="bbox 2843 2884 3240 2940">
    <p class='ocr_par' dir='ltr' id='par_1_59' title="bbox 2843 2884 3240 2940">
     <span class='ocr_line' id='line_1_59' title="bbox 2843 2884 3240 2940; baseline -0.01 0"><span class='ocrx_word' id='word_1_441' title='bbox 2843 2885 3062 2940; x_wconf 69' lang='lat' dir='ltr'><strong>CAPUT</strong></span> <span class='ocrx_word' id='word_1_442' title='bbox 3087 2884 3240 2938; x_wconf 75' lang='lat' dir='ltr'><strong>XCV.</strong></span> 
     </span>
    </p>
   </div>
   <div class='ocr_carea' id='block_1_60' title="bbox 620 2973 3810 3082">
    <p class='ocr_par' dir='ltr' id='par_1_60' title="bbox 620 2973 3810 3082">
     <span class='ocr_line' id='line_1_60' title="bbox 620 2973 3810 3082; baseline -0.002 -13"><span class='ocrx_word' id='word_1_443' title='bbox 620 2978 932 3082; x_wconf 49' lang='lat' dir='ltr'><strong>“I&#39;lci‘i&#39;fc”?</strong></span> <span class='ocrx_word' id='word_1_444' title='bbox 963 2981 1100 3050; x_wconf 58' lang='lat' dir='ltr'><strong>quoa</strong></span> <span class='ocrx_word' id='word_1_445' title='bbox 1130 2980 1376 3050; x_wconf 62' lang='lat' dir='ltr'><strong>emcilur’</strong></span> <span class='ocrx_word' id='word_1_446' title='bbox 1402 2983 1540 3038; x_wconf 53' lang='lat' dir='ltr'><strong>sic“</strong></span> <span class='ocrx_word' id='word_1_447' title='bbox 1566 2981 1727 3052; x_wconf 36' lang='lat' dir='ltr'><strong>&quot;ius</strong></span> <span class='ocrx_word' id='word_1_448' title='bbox 1758 2981 1960 3049; x_wconf 56' lang='lat' dir='ltr'><strong>pigrum</strong></span> <span class='ocrx_word' id='word_1_449' title='bbox 1980 3023 1997 3049; x_wconf 83' lang='lat'><strong>’</strong></span> <span class='ocrx_word' id='word_1_450' title='bbox 2025 2983 2163 3048; x_wconf 62' lang='lat' dir='ltr'><strong>quod</strong></span> <span class='ocrx_word' id='word_1_451' title='bbox 2270 3013 2420 3079; x_wconf 81' lang='lat' dir='ltr'><strong>Quod</strong></span> <span class='ocrx_word' id='word_1_452' title='bbox 2455 3013 2613 3065; x_wconf 74' lang='grc' dir='ltr'><strong>Ιατοὺ</strong></span> <span class='ocrx_word' id='word_1_453' title='bbox 2658 3013 2875 3080; x_wconf 85' lang='lat' dir='ltr'><strong>lapidem</strong></span> <span class='ocrx_word' id='word_1_454' title='bbox 2915 3013 3087 3066; x_wconf 72' lang='lat' dir='ltr'><strong>statuit</strong></span> <span class='ocrx_word' id='word_1_455' title='bbox 3108 3024 3152 3065; x_wconf 79' lang='lat' dir='ltr'><strong>et</strong></span> <span class='ocrx_word' id='word_1_456' title='bbox 3180 3016 3400 3082; x_wconf 76' lang='lat' dir='ltr'><strong>perfudit</strong></span> <span class='ocrx_word' id='word_1_457' title='bbox 3422 3016 3527 3067; x_wconf 80' lang='lat' dir='ltr'><strong>oleo</strong></span> <span class='ocrx_word' id='word_1_458' title='bbox 3554 3055 3568 3076; x_wconf 93' lang='lat'><strong>,</strong></span> <span class='ocrx_word' id='word_1_459' title='bbox 3598 3031 3699 3065; x_wconf 75' lang='lat' dir='ltr'><strong>non</strong></span> <span class='ocrx_word' id='word_1_460' title='bbox 3728 3017 3810 3064; x_wconf 70' lang='grc' dir='ltr'><strong>ιιίέ-</strong></span> 
     </span>
    </p>
   </div>
   <div class='ocr_carea' id='block_1_61' title="bbox 623 3056 967 3138">
    <p class='ocr_par' dir='ltr' id='par_1_61' title="bbox 623 3056 967 3138">
     <span class='ocr_line' id='line_1_61' title="bbox 623 3056 967 3138; baseline 0.006 -18"><span class='ocrx_word' id='word_1_461' title='bbox 623 3056 796 3138; x_wconf 67' lang='grc' dir='ltr'><strong>ρὶειῡὲ</strong></span> <span class='ocrx_word' id='word_1_462' title='bbox 826 3067 967 3127; x_wconf 82' lang='lat' dir='ltr'><strong>facit.</strong></span> 
     </span>
    </p>
   </div>
   <div class='ocr_carea' id='block_1_62' title="bbox 1198 3180 1601 3236">
    <p class='ocr_par' dir='ltr' id='par_1_62' title="bbox 1198 3180 1601 3236">
     <span class='ocr_line' id='line_1_62' title="bbox 1198 3180 1601 3236; baseline -0.005 -2"><span class='ocrx_word' id='word_1_463' title='bbox 1198 3181 1418 3236; x_wconf 80' lang='lat' dir='ltr'><strong>CAPUT</strong></span> <span class='ocrx_word' id='word_1_464' title='bbox 1450 3180 1601 3235; x_wconf 78' lang='lat' dir='ltr'><strong>XCII.</strong></span> 
     </span>
    </p>
   </div>
   <div class='ocr_carea' id='block_1_63' title="bbox 625 3289 2170 3410">
    <p class='ocr_par' dir='ltr' id='par_1_63' title="bbox 625 3289 2170 3410">
     <span class='ocr_line' id='line_1_63' title="bbox 625 3289 2170 3410; baseline -0.003 -65"><span class='ocrx_word' id='word_1_465' title='bbox 625 3291 703 3347; x_wconf 74' lang='lat' dir='ltr'><strong>De</strong></span> <span class='ocrx_word' id='word_1_466' title='bbox 715 3293 972 3362; x_wconf 78' lang='lat' dir='ltr'><strong>juratioue</strong></span> <span class='ocrx_word' id='word_1_467' title='bbox 996 3292 1120 3342; x_wconf 76' lang='lat' dir='ltr'><strong>servi</strong></span> <span class='ocrx_word' id='word_1_468' title='bbox 1145 3289 1530 3410; x_wconf 58' lang='lat' dir='ltr'><strong>Abraa‘tebsuper</strong></span> <span class='ocrx_word' id='word_1_469' title='bbox 1556 3290 1716 3358; x_wconf 73' lang='lat' dir='ltr'><strong>{eatur</strong></span> <span class='ocrx_word' id='word_1_470' title='bbox 1734 3289 1843 3357; x_wconf 74' lang='lat' dir='ltr'><strong>ejus</strong></span> <span class='ocrx_word' id='word_1_471' title='bbox 1864 3306 1883 3352; x_wconf 81' lang='lat'><strong>,&#39;</strong></span> <span class='ocrx_word' id='word_1_472' title='bbox 1913 3304 1975 3341; x_wconf 76' lang='lat' dir='ltr'><strong>ea:</strong></span> <span class='ocrx_word' id='word_1_473' title='bbox 2002 3289 2170 3342; x_wconf 82' lang='lat' dir='ltr'><strong>eodem</strong></span> 
     </span>
     <span class='ocr_line' id='line_1_64' title="bbox 1330 3375 1455 3410; baseline 0 0"><span class='ocrx_word' id='word_1_474' title='bbox 1330 3376 1344 3410; x_wconf 80' lang='grc' dir='ltr'><strong><em>ι</em></strong></span> <span class='ocrx_word' id='word_1_475' title='bbox 1377 3375 1455 3410; x_wconf 87' lang='lat' dir='ltr'><strong>ro.</strong></span> 
     </span>
    </p>
   </div>
   <div class='ocr_carea' id='block_1_64' title="bbox 1330 3375 1455 3411">
    <p class='ocr_par' dir='ltr' id='par_1_64' title="bbox 1330 3375 1455 3411">
     <span class='ocr_line' id='line_1_65' title="bbox 1330 3375 1455 3411; baseline 0.008 -1"><span class='ocrx_word' id='word_1_476' title='bbox 1330 3375 1455 3411; x_wconf 71' lang='grc' dir='ltr'><strong>πονο.</strong></span> 
     </span>
    </p>
   </div>
   <div class='ocr_carea' id='block_1_65' title="bbox 691 3469 2168 3539">
    <p class='ocr_par' dir='ltr' id='par_1_65' title="bbox 691 3469 2168 3539">
     <span class='ocr_line' id='line_1_66' title="bbox 691 3469 2168 3539; baseline -0.004 -13"><span class='ocrx_word' id='word_1_477' title='bbox 691 3473 840 3539; x_wconf 85' lang='lat' dir='ltr'><strong>Quod</strong></span> <span class='ocrx_word' id='word_1_478' title='bbox 884 3473 1143 3526; x_wconf 82' lang='lat' dir='ltr'><strong>Abraham</strong></span> <span class='ocrx_word' id='word_1_479' title='bbox 1171 3469 1317 3537; x_wconf 84' lang='lat' dir='ltr'><strong>jubet</strong></span> <span class='ocrx_word' id='word_1_480' title='bbox 1344 3483 1507 3536; x_wconf 88' lang='lat' dir='ltr'><strong>puero</strong></span> <span class='ocrx_word' id='word_1_481' title='bbox 1533 3482 1630 3521; x_wconf 86' lang='lat' dir='ltr'><strong>suo</strong></span> <span class='ocrx_word' id='word_1_482' title='bbox 1654 3507 1670 3533; x_wconf 94' lang='lat'><strong>,</strong></span> <span class='ocrx_word' id='word_1_483' title='bbox 1704 3475 1760 3520; x_wconf 91' lang='lat' dir='ltr'><strong>ut</strong></span> <span class='ocrx_word' id='word_1_484' title='bbox 1789 3483 2000 3521; x_wconf 88' lang='lat' dir='ltr'><strong>manum</strong></span> <span class='ocrx_word' id='word_1_485' title='bbox 2023 3482 2168 3520; x_wconf 85' lang='lat' dir='ltr'><strong>suam</strong></span> 
     </span>
    </p>
   </div>
   <div class='ocr_carea' id='block_1_66' title="bbox 626 3556 2172 3633">
    <p class='ocr_par' dir='ltr' id='par_1_66' title="bbox 626 3556 2172 3633">
     <span class='ocr_line' id='line_1_67' title="bbox 626 3556 2172 3633; baseline -0.004 -18"><span class='ocrx_word' id='word_1_486' title='bbox 626 3574 784 3633; x_wconf 84' lang='lat' dir='ltr'><strong>ponat</strong></span> <span class='ocrx_word' id='word_1_487' title='bbox 811 3576 969 3629; x_wconf 82' lang='lat' dir='ltr'><strong>super</strong></span> <span class='ocrx_word' id='word_1_488' title='bbox 993 3561 1102 3629; x_wconf 52' lang='lat' dir='ltr'><strong>eius</strong></span> <span class='ocrx_word' id='word_1_489' title='bbox 1137 3560 1334 3612; x_wconf 77' lang='lat' dir='ltr'><strong>femore</strong></span> <span class='ocrx_word' id='word_1_490' title='bbox 1356 3599 1369 3623; x_wconf 89' lang='lat'><strong>,</strong></span> <span class='ocrx_word' id='word_1_491' title='bbox 1399 3567 1450 3610; x_wconf 81' lang='lat' dir='ltr'><strong>et</strong></span> <span class='ocrx_word' id='word_1_492' title='bbox 1473 3558 1550 3610; x_wconf 85' lang='lat' dir='ltr'><strong>sic</strong></span> <span class='ocrx_word' id='word_1_493' title='bbox 1572 3573 1694 3610; x_wconf 88' lang='lat' dir='ltr'><strong>eum</strong></span> <span class='ocrx_word' id='word_1_494' title='bbox 1726 3556 1930 3624; x_wconf 83' lang='lat' dir='ltr'><strong>adjurat</strong></span> <span class='ocrx_word' id='word_1_495' title='bbox 1959 3573 2052 3622; x_wconf 78' lang='lat' dir='ltr'><strong>per</strong></span> <span class='ocrx_word' id='word_1_496' title='bbox 2079 3558 2172 3609; x_wconf 89' lang='lat' dir='ltr'><strong>do-</strong></span> 
     </span>
    </p>
   </div>
   <div class='ocr_carea' id='block_1_67' title="bbox 626 3647 2171 3714">
    <p class='ocr_par' dir='ltr' id='par_1_67' title="bbox 626 3647 2171 3714">
     <span class='ocr_line' id='line_1_68' title="bbox 626 3647 2171 3714; baseline -0.004 -8"><span class='ocrx_word' id='word_1_497' title='bbox 626 3655 821 3707; x_wconf 83' lang='lat' dir='ltr'><strong>minum</strong></span> <span class='ocrx_word' id='word_1_498' title='bbox 851 3651 1010 3704; x_wconf 88' lang='lat' dir='ltr'><strong>Deum</strong></span> <span class='ocrx_word' id='word_1_499' title='bbox 1038 3650 1157 3703; x_wconf 66' lang='lat' dir='ltr'><strong>creti</strong></span> <span class='ocrx_word' id='word_1_500' title='bbox 1178 3652 1232 3701; x_wconf 83' lang='lat' dir='ltr'><strong>et</strong></span> <span class='ocrx_word' id='word_1_501' title='bbox 1256 3649 1532 3701; x_wconf 86' lang='lat' dir='ltr'><strong>Dominum</strong></span> <span class='ocrx_word' id='word_1_502' title='bbox 1552 3647 1882 3709; x_wconf 70' lang='lat' dir='ltr'><strong>terra:,solet</strong></span> <span class='ocrx_word' id='word_1_503' title='bbox 1904 3647 2171 3714; x_wconf 69' lang='lat' dir='ltr'><strong>imperitas</strong></span> 
     </span>
    </p>
   </div>
   <div class='ocr_carea' id='block_1_68' title="bbox 627 3737 2173 3807">
    <p class='ocr_par' dir='ltr' id='par_1_68' title="bbox 627 3737 2173 3807">
     <span class='ocr_line' id='line_1_69' title="bbox 627 3737 2173 3807; baseline -0.006 -8"><span class='ocrx_word' id='word_1_504' title='bbox 627 3760 869 3807; x_wconf 84' lang='lat' dir='ltr'><strong>movere;</strong></span> <span class='ocrx_word' id='word_1_505' title='bbox 895 3759 997 3795; x_wconf 90' lang='lat' dir='ltr'><strong>non</strong></span> <span class='ocrx_word' id='word_1_506' title='bbox 1037 3742 1367 3794; x_wconf 78' lang='lat' dir='ltr'><strong>attendentes</strong></span> <span class='ocrx_word' id='word_1_507' title='bbox 1415 3754 1654 3806; x_wconf 73' lang='lat' dir='ltr'><strong>magnam</strong></span> <span class='ocrx_word' id='word_1_508' title='bbox 1680 3739 1843 3805; x_wconf 83' lang='lat' dir='ltr'><strong>ipsam</strong></span> <span class='ocrx_word' id='word_1_509' title='bbox 1870 3739 1934 3790; x_wconf 89' lang='lat' dir='ltr'><strong>de</strong></span> <span class='ocrx_word' id='word_1_510' title='bbox 1965 3737 2173 3790; x_wconf 87' lang='lat' dir='ltr'><strong>Christo</strong></span> 
     </span>
    </p>
   </div>
   <div class='ocr_carea' id='block_1_69' title="bbox 627 3828 2175 3905">
    <p class='ocr_par' dir='ltr' id='par_1_69' title="bbox 627 3828 2175 3905">
     <span class='ocr_line' id='line_1_70' title="bbox 627 3828 2175 3905; baseline -0.005 -18"><span class='ocrx_word' id='word_1_511' title='bbox 627 3836 890 3905; x_wconf 82' lang='lat' dir='ltr'><strong>[magnam</strong></span> <span class='ocrx_word' id='word_1_512' title='bbox 913 3833 978 3885; x_wconf 89' lang='lat' dir='ltr'><strong>de</strong></span> <span class='ocrx_word' id='word_1_513' title='bbox 1007 3829 1237 3899; x_wconf 79' lang='lat' dir='ltr'><strong>Christo]</strong></span> <span class='ocrx_word' id='word_1_514' title='bbox 1264 3831 1525 3883; x_wconf 67' lang='lat' dir='ltr'><strong>exstitisse</strong></span> <span class='ocrx_word' id='word_1_515' title='bbox 1552 3828 1903 3896; x_wconf 79' lang='lat' dir='ltr'><strong>prephetiam,</strong></span> <span class='ocrx_word' id='word_1_516' title='bbox 1933 3828 2071 3895; x_wconf 87' lang='lat' dir='ltr'><strong>quod</strong></span> <span class='ocrx_word' id='word_1_517' title='bbox 2097 3828 2175 3893; x_wconf 86' lang='lat' dir='ltr'><strong>ip-</strong></span> 
     </span>
    </p>
   </div>
   <div class='ocr_carea' id='block_1_70' title="bbox 627 3916 2174 3977">
    <p class='ocr_par' dir='ltr' id='par_1_70' title="bbox 627 3916 2174 3977">
     <span class='ocr_line' id='line_1_71' title="bbox 627 3916 2174 3977; baseline -0.006 0"><span class='ocrx_word' id='word_1_518' title='bbox 627 3940 686 3977; x_wconf 81' lang='lat' dir='ltr'><strong>se</strong></span> <span class='ocrx_word' id='word_1_519' title='bbox 719 3922 966 3974; x_wconf 85' lang='lat' dir='ltr'><strong>Dominus</strong></span> <span class='ocrx_word' id='word_1_520' title='bbox 995 3920 1132 3972; x_wconf 63' lang='lat' dir='ltr'><strong>Di-us</strong></span> <span class='ocrx_word' id='word_1_521' title='bbox 1156 3919 1273 3972; x_wconf 78' lang='lat' dir='ltr'><strong>cteli</strong></span> <span class='ocrx_word' id='word_1_522' title='bbox 1300 3929 1351 3971; x_wconf 91' lang='lat' dir='ltr'><strong>et</strong></span> <span class='ocrx_word' id='word_1_523' title='bbox 1385 3919 1632 3971; x_wconf 89' lang='lat' dir='ltr'><strong>Dominus</strong></span> <span class='ocrx_word' id='word_1_524' title='bbox 1655 3926 1811 3970; x_wconf 71' lang='lat' dir='ltr'><strong>terra:</strong></span> <span class='ocrx_word' id='word_1_525' title='bbox 1841 3916 1891 3968; x_wconf 91' lang='lat' dir='ltr'><strong>in</strong></span> <span class='ocrx_word' id='word_1_526' title='bbox 1923 3929 1981 3967; x_wconf 85' lang='lat' dir='ltr'><strong>ea</strong></span> <span class='ocrx_word' id='word_1_527' title='bbox 2014 3929 2174 3968; x_wconf 89' lang='lat' dir='ltr'><strong>carne</strong></span> 
     </span>
    </p>
   </div>
   <div class='ocr_carea' id='block_1_71' title="bbox 629 4009 2137 4079">
    <p class='ocr_par' dir='ltr' id='par_1_71' title="bbox 629 4009 2137 4079">
     <span class='ocr_line' id='line_1_72' title="bbox 629 4009 2137 4079; baseline -0.004 -13"><span class='ocrx_word' id='word_1_528' title='bbox 629 4026 876 4068; x_wconf 81' lang='lat' dir='ltr'><strong>venturus</strong></span> <span class='ocrx_word' id='word_1_529' title='bbox 899 4021 1039 4067; x_wconf 83' lang='lat' dir='ltr'><strong>esset</strong></span> <span class='ocrx_word' id='word_1_530' title='bbox 1060 4053 1075 4078; x_wconf 91' lang='lat'><strong>,</strong></span> <span class='ocrx_word' id='word_1_531' title='bbox 1107 4026 1222 4079; x_wconf 67' lang='lat' dir='ltr'><strong>qua:</strong></span> <span class='ocrx_word' id='word_1_532' title='bbox 1243 4012 1309 4064; x_wconf 84' lang='lat' dir='ltr'><strong>de</strong></span> <span class='ocrx_word' id='word_1_533' title='bbox 1339 4011 1427 4063; x_wconf 91' lang='lat' dir='ltr'><strong>illo</strong></span> <span class='ocrx_word' id='word_1_534' title='bbox 1457 4009 1655 4062; x_wconf 82' lang='lat' dir='ltr'><strong>femore</strong></span> <span class='ocrx_word' id='word_1_535' title='bbox 1678 4051 1692 4076; x_wconf 94' lang='lat'><strong>,</strong></span> <span class='ocrx_word' id='word_1_536' title='bbox 1725 4017 2008 4076; x_wconf 76' lang='lat' dir='ltr'><strong>propagata</strong></span> <span class='ocrx_word' id='word_1_537' title='bbox 2036 4015 2137 4060; x_wconf 89' lang='lat' dir='ltr'><strong>est.</strong></span> 
     </span>
    </p>
   </div>
   <div class='ocr_carea' id='block_1_72' title="bbox 1175 4141 1610 4195">
    <p class='ocr_par' dir='ltr' id='par_1_72' title="bbox 1175 4141 1610 4195">
     <span class='ocr_line' id='line_1_73' title="bbox 1175 4141 1610 4195; baseline 0.002 -1"><span class='ocrx_word' id='word_1_538' title='bbox 1175 4142 1397 4195; x_wconf 75' lang='lat' dir='ltr'><strong>CAPUT</strong></span> <span class='ocrx_word' id='word_1_539' title='bbox 1435 4141 1610 4195; x_wconf 81' lang='lat' dir='ltr'><strong>XCIII.</strong></span> 
     </span>
    </p>
   </div>
   <div class='ocr_carea' id='block_1_73' title="bbox 634 4265 2176 4346">
    <p class='ocr_par' dir='ltr' id='par_1_73' title="bbox 634 4265 2176 4346">
     <span class='ocr_line' id='line_1_74' title="bbox 634 4265 2176 4346; baseline -0.006 -13"><span class='ocrx_word' id='word_1_540' title='bbox 634 4281 777 4346; x_wconf 86' lang='lat' dir='ltr'><strong>Quod</strong></span> <span class='ocrx_word' id='word_1_541' title='bbox 799 4277 1036 4342; x_wconf 68' lang='lat' dir='ltr'><strong>differant</strong></span> <span class='ocrx_word' id='word_1_542' title='bbox 1062 4276 1411 4346; x_wconf 68' lang='lat' dir='ltr'><strong>augurationcs</strong></span> <span class='ocrx_word' id='word_1_543' title='bbox 1433 4273 1622 4346; x_wconf 72' lang='lat' dir='ltr'><strong>illicita:</strong></span> <span class='ocrx_word' id='word_1_544' title='bbox 1649 4273 1707 4346; x_wconf 72' lang='lat' dir='ltr'><strong>ab</strong></span> <span class='ocrx_word' id='word_1_545' title='bbox 1735 4273 1823 4344; x_wconf 67' lang='lat' dir='ltr'><strong>illa</strong></span> <span class='ocrx_word' id='word_1_546' title='bbox 1847 4273 2082 4338; x_wconf 76' lang='lat' dir='ltr'><strong>petitione</strong></span> <span class='ocrx_word' id='word_1_547' title='bbox 2107 4265 2176 4346; x_wconf 73' lang='lat' dir='ltr'><strong>si-</strong></span> 
     </span>
    </p>
   </div>
   <div class='ocr_carea' id='block_1_74' title="bbox 2382 3083 3711 3151">
    <p class='ocr_par' dir='ltr' id='par_1_74' title="bbox 2382 3083 3711 3151">
     <span class='ocr_line' id='line_1_75' title="bbox 2382 3083 3711 3151; baseline 0.001 -16"><span class='ocrx_word' id='word_1_548' title='bbox 2382 3084 2503 3151; x_wconf 80' lang='lat' dir='ltr'><strong>quid</strong></span> <span class='ocrx_word' id='word_1_549' title='bbox 2529 3084 2823 3135; x_wconf 63' lang='lat' dir='ltr'><strong>idololatria</strong></span> <span class='ocrx_word' id='word_1_550' title='bbox 2845 3083 3008 3135; x_wconf 83' lang='lat' dir='ltr'><strong>simile</strong></span> <span class='ocrx_word' id='word_1_551' title='bbox 3033 3084 3206 3151; x_wconf 75' lang='lat' dir='ltr'><strong>fecisse</strong></span> <span class='ocrx_word' id='word_1_552' title='bbox 3232 3100 3248 3147; x_wconf 90' lang='lat'><strong>;</strong></span> <span class='ocrx_word' id='word_1_553' title='bbox 3276 3101 3340 3135; x_wconf 79' lang='lat' dir='ltr'><strong>ea:</strong></span> <span class='ocrx_word' id='word_1_554' title='bbox 3363 3087 3534 3135; x_wconf 77' lang='lat' dir='ltr'><strong>eodem</strong></span> <span class='ocrx_word' id='word_1_555' title='bbox 3562 3087 3711 3136; x_wconf 76' lang='lat' dir='ltr'><strong>libra.</strong></span> 
     </span>
    </p>
   </div>
   <div class='ocr_carea' id='block_1_75' title="bbox 2340 3222 3809 3291">
    <p class='ocr_par' dir='ltr' id='par_1_75' title="bbox 2340 3222 3809 3291">
     <span class='ocr_line' id='line_1_76' title="bbox 2340 3222 3809 3291; baseline -0.003 -16"><span class='ocrx_word' id='word_1_556' title='bbox 2340 3224 2487 3288; x_wconf 85' lang='lat' dir='ltr'><strong>Quod</strong></span> <span class='ocrx_word' id='word_1_557' title='bbox 2519 3225 2698 3277; x_wconf 83' lang='lat' dir='ltr'><strong>statuit</strong></span> <span class='ocrx_word' id='word_1_558' title='bbox 2724 3223 2946 3290; x_wconf 81' lang='lat' dir='ltr'><strong>lapidem</strong></span> <span class='ocrx_word' id='word_1_559' title='bbox 2974 3222 3138 3277; x_wconf 91' lang='lat' dir='ltr'><strong>Iacob</strong></span> <span class='ocrx_word' id='word_1_560' title='bbox 3159 3237 3314 3291; x_wconf 86' lang='lat' dir='ltr'><strong>quem</strong></span> <span class='ocrx_word' id='word_1_561' title='bbox 3344 3222 3441 3274; x_wconf 91' lang='lat' dir='ltr'><strong>sibi</strong></span> <span class='ocrx_word' id='word_1_562' title='bbox 3465 3222 3525 3275; x_wconf 84' lang='lat' dir='ltr'><strong>ad</strong></span> <span class='ocrx_word' id='word_1_563' title='bbox 3547 3229 3704 3290; x_wconf 84' lang='lat' dir='ltr'><strong>caput</strong></span> <span class='ocrx_word' id='word_1_564' title='bbox 3733 3235 3809 3282; x_wconf 79' lang='grc' dir='ltr'><strong>ιο-</strong></span> 
     </span>
    </p>
   </div>
   <div class='ocr_carea' id='block_1_76' title="bbox 2271 3313 3806 3380">
    <p class='ocr_par' dir='ltr' id='par_1_76' title="bbox 2271 3313 3806 3380">
     <span class='ocr_line' id='line_1_77' title="bbox 2271 3313 3806 3380; baseline -0.005 -12"><span class='ocrx_word' id='word_1_565' title='bbox 2271 3325 2485 3380; x_wconf 86' lang='lat' dir='ltr'><strong>suerat,</strong></span> <span class='ocrx_word' id='word_1_566' title='bbox 2526 3324 2576 3366; x_wconf 89' lang='lat' dir='ltr'><strong>et</strong></span> <span class='ocrx_word' id='word_1_567' title='bbox 2618 3314 2887 3367; x_wconf 75' lang='lat' dir='ltr'><strong>conatituit</strong></span> <span class='ocrx_word' id='word_1_568' title='bbox 2924 3329 3042 3366; x_wconf 89' lang='lat' dir='ltr'><strong>eum</strong></span> <span class='ocrx_word' id='word_1_569' title='bbox 3085 3314 3290 3365; x_wconf 86' lang='lat' dir='ltr'><strong>titulum</strong></span> <span class='ocrx_word' id='word_1_570' title='bbox 3316 3325 3367 3366; x_wconf 90' lang='lat' dir='ltr'><strong>et</strong></span> <span class='ocrx_word' id='word_1_571' title='bbox 3394 3313 3620 3379; x_wconf 81' lang='lat' dir='ltr'><strong>perfudit</strong></span> <span class='ocrx_word' id='word_1_572' title='bbox 3673 3314 3806 3364; x_wconf 79' lang='lat' dir='ltr'><strong>illum</strong></span> 
     </span>
    </p>
   </div>
   <div class='ocr_carea' id='block_1_77' title="bbox 2271 3402 3800 3471">
    <p class='ocr_par' dir='ltr' id='par_1_77' title="bbox 2271 3402 3800 3471">
     <span class='ocr_line' id='line_1_78' title="bbox 2271 3402 3800 3471; baseline -0.004 -15"><span class='ocrx_word' id='word_1_573' title='bbox 2271 3407 2411 3468; x_wconf 87' lang='lat' dir='ltr'><strong>oleo,</strong></span> <span class='ocrx_word' id='word_1_574' title='bbox 2436 3421 2536 3457; x_wconf 91' lang='lat' dir='ltr'><strong>non</strong></span> <span class='ocrx_word' id='word_1_575' title='bbox 2566 3403 2759 3471; x_wconf 87' lang='lat' dir='ltr'><strong>aliquid</strong></span> <span class='ocrx_word' id='word_1_576' title='bbox 2789 3403 3093 3455; x_wconf 66' lang='lat' dir='ltr'><strong>idololatria</strong></span> <span class='ocrx_word' id='word_1_577' title='bbox 3117 3403 3286 3454; x_wconf 88' lang='lat' dir='ltr'><strong>simile</strong></span> <span class='ocrx_word' id='word_1_578' title='bbox 3314 3402 3456 3455; x_wconf 81' lang='lat' dir='ltr'><strong>fecit.</strong></span> <span class='ocrx_word' id='word_1_579' title='bbox 3486 3403 3595 3454; x_wconf 71' lang='lat' dir='ltr'><strong>Non</strong></span> <span class='ocrx_word' id='word_1_580' title='bbox 3638 3407 3770 3453; x_wconf 85' lang='lat' dir='ltr'><strong>enim</strong></span> <span class='ocrx_word' id='word_1_581' title='bbox 3789 3441 3800 3459; x_wconf 84' lang='grc'><em>,</em></span> 
     </span>
    </p>
   </div>
   <div class='ocr_carea' id='block_1_78' title="bbox 2272 3490 3806 3560">
    <p class='ocr_par' dir='ltr' id='par_1_78' title="bbox 2272 3490 3806 3560">
     <span class='ocr_line' id='line_1_79' title="bbox 2272 3490 3806 3560; baseline -0.003 -15"><span class='ocrx_word' id='word_1_582' title='bbox 2272 3496 2353 3548; x_wconf 86' lang='lat' dir='ltr'><strong>vel</strong></span> <span class='ocrx_word' id='word_1_583' title='bbox 2387 3506 2538 3557; x_wconf 90' lang='lat' dir='ltr'><strong>tunc,</strong></span> <span class='ocrx_word' id='word_1_584' title='bbox 2572 3495 2650 3546; x_wconf 83' lang='lat' dir='ltr'><strong>vel</strong></span> <span class='ocrx_word' id='word_1_585' title='bbox 2683 3502 2859 3560; x_wconf 82' lang='lat' dir='ltr'><strong>postea</strong></span> <span class='ocrx_word' id='word_1_586' title='bbox 2883 3531 2897 3554; x_wconf 89' lang='lat'><strong>,</strong></span> <span class='ocrx_word' id='word_1_587' title='bbox 2922 3490 3270 3559; x_wconf 74' lang='lat' dir='ltr'><strong>fiequentavit</strong></span> <span class='ocrx_word' id='word_1_588' title='bbox 3299 3492 3520 3559; x_wconf 79' lang='lat' dir='ltr'><strong>lapidem</strong></span> <span class='ocrx_word' id='word_1_589' title='bbox 3552 3493 3746 3543; x_wconf 72' lang='lat' dir='ltr'><strong>ador-an</strong></span> <span class='ocrx_word' id='word_1_590' title='bbox 3767 3497 3806 3540; x_wconf 76' lang='lat' dir='ltr'><strong>io</strong></span> 
     </span>
    </p>
   </div>
   <div class='ocr_carea' id='block_1_79' title="bbox 2272 3585 3806 3656">
    <p class='ocr_par' dir='ltr' id='par_1_79' title="bbox 2272 3585 3806 3656">
     <span class='ocr_line' id='line_1_80' title="bbox 2272 3585 3806 3656; baseline -0.004 -19"><span class='ocrx_word' id='word_1_591' title='bbox 2272 3597 2361 3639; x_wconf 90' lang='lat' dir='ltr'><strong>aut</strong></span> <span class='ocrx_word' id='word_1_592' title='bbox 2387 3586 2510 3656; x_wconf 77' lang='lat' dir='ltr'><strong>[vel]</strong></span> <span class='ocrx_word' id='word_1_593' title='bbox 2534 3586 2580 3639; x_wconf 91' lang='lat' dir='ltr'><strong>ei</strong></span> <span class='ocrx_word' id='word_1_594' title='bbox 2611 3585 2972 3645; x_wconf 84' lang='lat' dir='ltr'><strong>sacriltcando,</strong></span> <span class='ocrx_word' id='word_1_595' title='bbox 2998 3586 3088 3638; x_wconf 90' lang='lat' dir='ltr'><strong>sed</strong></span> <span class='ocrx_word' id='word_1_596' title='bbox 3119 3587 3325 3653; x_wconf 80' lang='lat' dir='ltr'><strong>signum</strong></span> <span class='ocrx_word' id='word_1_597' title='bbox 3357 3585 3452 3636; x_wconf 81' lang='lat' dir='ltr'><strong>fuit</strong></span> <span class='ocrx_word' id='word_1_598' title='bbox 3473 3587 3520 3636; x_wconf 93' lang='lat' dir='ltr'><strong>in</strong></span> <span class='ocrx_word' id='word_1_599' title='bbox 3545 3585 3806 3651; x_wconf 74' lang='lat' dir='ltr'><strong>pmpltet&#39;a</strong></span> 
     </span>
    </p>
   </div>
   <div class='ocr_carea' id='block_1_80' title="bbox 2273 3676 3804 3742">
    <p class='ocr_par' dir='ltr' id='par_1_80' title="bbox 2273 3676 3804 3742">
     <span class='ocr_line' id='line_1_81' title="bbox 2273 3676 3804 3742; baseline -0.002 -14"><span class='ocrx_word' id='word_1_600' title='bbox 2273 3677 2658 3728; x_wconf 85' lang='lat' dir='ltr'><strong>evidentissima</strong></span> <span class='ocrx_word' id='word_1_601' title='bbox 2705 3676 3076 3740; x_wconf 87' lang='lat' dir='ltr'><strong>constitutum,</strong></span> <span class='ocrx_word' id='word_1_602' title='bbox 3114 3691 3230 3741; x_wconf 62' lang='lat' dir='ltr'><strong>qua</strong></span> <span class='ocrx_word' id='word_1_603' title='bbox 3271 3677 3497 3742; x_wconf 84' lang='lat' dir='ltr'><strong>pertinet</strong></span> <span class='ocrx_word' id='word_1_604' title='bbox 3520 3679 3584 3727; x_wconf 90' lang='lat' dir='ltr'><strong>ad</strong></span> <span class='ocrx_word' id='word_1_605' title='bbox 3617 3676 3804 3727; x_wconf 84' lang='lat' dir='ltr'><strong>unctio-</strong></span> 
     </span>
    </p>
   </div>
   <div class='ocr_carea' id='block_1_81' title="bbox 2274 3764 3525 3819">
    <p class='ocr_par' dir='ltr' id='par_1_81' title="bbox 2274 3764 3525 3819">
     <span class='ocr_line' id='line_1_82' title="bbox 2274 3764 3525 3819; baseline -0.004 0"><span class='ocrx_word' id='word_1_606' title='bbox 2274 3781 2392 3819; x_wconf 90' lang='lat' dir='ltr'><strong>nem</strong></span> <span class='ocrx_word' id='word_1_607' title='bbox 2419 3783 2432 3818; x_wconf 90' lang='lat'><strong>:</strong></span> <span class='ocrx_word' id='word_1_608' title='bbox 2461 3766 2596 3818; x_wconf 87' lang='lat' dir='ltr'><strong>unde</strong></span> <span class='ocrx_word' id='word_1_609' title='bbox 2613 3765 2808 3818; x_wconf 88' lang='lat' dir='ltr'><strong>Christi</strong></span> <span class='ocrx_word' id='word_1_610' title='bbox 2839 3778 3028 3818; x_wconf 87' lang='lat' dir='ltr'><strong>nomen</strong></span> <span class='ocrx_word' id='word_1_611' title='bbox 3051 3780 3078 3815; x_wconf 91' lang='lat' dir='ltr'><strong>a</strong></span> <span class='ocrx_word' id='word_1_612' title='bbox 3106 3764 3394 3817; x_wconf 83' lang='lat' dir='ltr'><strong>chrismate</strong></span> <span class='ocrx_word' id='word_1_613' title='bbox 3426 3775 3525 3817; x_wconf 85' lang='lat' dir='ltr'><strong>est.</strong></span> 
     </span>
    </p>
   </div>
   <div class='ocr_carea' id='block_1_82' title="bbox 2808 3881 3234 3949">
    <p class='ocr_par' dir='ltr' id='par_1_82' title="bbox 2808 3881 3234 3949">
     <span class='ocr_line' id='line_1_83' title="bbox 2808 3881 3234 3949; baseline -0.002 -1"><span class='ocrx_word' id='word_1_614' title='bbox 2808 3895 3027 3949; x_wconf 79' lang='lat' dir='ltr'><strong>CAPUT</strong></span> <span class='ocrx_word' id='word_1_615' title='bbox 3058 3881 3234 3948; x_wconf 70' lang='lat' dir='ltr'><strong>xcvi.</strong></span> 
     </span>
    </p>
   </div>
   <div class='ocr_carea' id='block_1_83' title="bbox 2309 4027 3770 4118">
    <p class='ocr_par' dir='ltr' id='par_1_83' title="bbox 2309 4027 3770 4118">
     <span class='ocr_line' id='line_1_84' title="bbox 2309 4027 3770 4118; baseline -0.007 -36"><span class='ocrx_word' id='word_1_616' title='bbox 2309 4029 2385 4118; x_wconf 70' lang='grc' dir='ltr'><strong>ρε</strong></span> <span class='ocrx_word' id='word_1_617' title='bbox 2403 4030 2538 4081; x_wconf 81' lang='lat' dir='ltr'><strong>lucta</strong></span> <span class='ocrx_word' id='word_1_618' title='bbox 2563 4028 2716 4081; x_wconf 85' lang='lat' dir='ltr'><strong>Jacob</strong></span> <span class='ocrx_word' id='word_1_619' title='bbox 2743 4039 2788 4079; x_wconf 81' lang='lat' dir='ltr'><strong>et</strong></span> <span class='ocrx_word' id='word_1_620' title='bbox 2817 4029 2878 4080; x_wconf 75' lang='lat' dir='ltr'><strong>de</strong></span> <span class='ocrx_word' id='word_1_621' title='bbox 2900 4027 3296 4090; x_wconf 82' lang='lat' dir='ltr'><strong>claudicatione;</strong></span> <span class='ocrx_word' id='word_1_622' title='bbox 3327 4046 3393 4080; x_wconf 76' lang='lat' dir='ltr'><strong>ea:</strong></span> <span class='ocrx_word' id='word_1_623' title='bbox 3423 4030 3612 4080; x_wconf 74' lang='lat' dir='ltr'><strong>eodem&#39;</strong></span> <span class='ocrx_word' id='word_1_624' title='bbox 3638 4029 3770 4078; x_wconf 64' lang='lat' dir='ltr'><strong>libre.</strong></span> 
     </span>
    </p>
   </div>
   <div class='ocr_carea' id='block_1_84' title="bbox 2343 4140 3802 4225">
    <p class='ocr_par' dir='ltr' id='par_1_84' title="bbox 2343 4140 3802 4225">
     <span class='ocr_line' id='line_1_85' title="bbox 2343 4140 3802 4225; baseline 0 -18"><span class='ocrx_word' id='word_1_625' title='bbox 2343 4140 2488 4223; x_wconf 45' lang='lat' dir='ltr'><strong>Qu‘od</strong></span> <span class='ocrx_word' id='word_1_626' title='bbox 2528 4159 2592 4210; x_wconf 90' lang='lat' dir='ltr'><strong>ab</strong></span> <span class='ocrx_word' id='word_1_627' title='bbox 2640 4159 2731 4209; x_wconf 91' lang='lat' dir='ltr'><strong>illo</strong></span> <span class='ocrx_word' id='word_1_628' title='bbox 2773 4159 2952 4225; x_wconf 81' lang='lat' dir='ltr'><strong>angelo</strong></span> <span class='ocrx_word' id='word_1_629' title='bbox 2981 4158 3245 4210; x_wconf 58' lang='lat' dir='ltr'><strong>desiderat</strong></span> <span class='ocrx_word' id='word_1_630' title='bbox 3278 4159 3516 4210; x_wconf 78' lang='lat' dir='ltr'><strong>benedici</strong></span> <span class='ocrx_word' id='word_1_631' title='bbox 3547 4157 3705 4209; x_wconf 85' lang='lat' dir='ltr'><strong>Iacob</strong></span> <span class='ocrx_word' id='word_1_632' title='bbox 3731 4152 3802 4203; x_wconf 63' lang='grc' dir='ltr'><strong>(εἰ</strong></span> 
     </span>
    </p>
   </div>
   <div class='ocr_carea' id='block_1_85' title="bbox 2278 4245 3799 4315">
    <p class='ocr_par' dir='ltr' id='par_1_85' title="bbox 2278 4245 3799 4315">
     <span class='ocr_line' id='line_1_86' title="bbox 2278 4245 3799 4315; baseline -0.008 -14"><span class='ocrx_word' id='word_1_633' title='bbox 2278 4249 2522 4301; x_wconf 87' lang='lat' dir='ltr'><strong>luctando</strong></span> <span class='ocrx_word' id='word_1_634' title='bbox 2555 4248 2838 4315; x_wconf 75' lang='lat' dir='ltr'><strong>praevaluit,</strong></span> <span class='ocrx_word' id='word_1_635' title='bbox 2886 4260 3072 4314; x_wconf 84' lang='lat' dir='ltr'><strong>magna</strong></span> <span class='ocrx_word' id='word_1_636' title='bbox 3101 4258 3179 4299; x_wconf 84' lang='lat' dir='ltr'><strong>est</strong></span> <span class='ocrx_word' id='word_1_637' title='bbox 3199 4247 3264 4298; x_wconf 90' lang='lat' dir='ltr'><strong>de</strong></span> <span class='ocrx_word' id='word_1_638' title='bbox 3286 4245 3494 4299; x_wconf 89' lang='lat' dir='ltr'><strong>Christo</strong></span> <span class='ocrx_word' id='word_1_639' title='bbox 3526 4245 3799 4312; x_wconf 74' lang='lat' dir='ltr'><strong>prophetia.</strong></span> 
     </span>
    </p>
   </div>
   <div class='ocr_carea' id='block_1_86' title="bbox 700 4333 3802 4416">
    <p class='ocr_par' dir='ltr' id='par_1_86' title="bbox 700 4333 3802 4416">
     <span class='ocr_line' id='line_1_87' title="bbox 700 4333 3802 4416; baseline -0.005 -16"><span class='ocrx_word' id='word_1_640' title='bbox 700 4350 785 4416; x_wconf 79' lang='lat' dir='ltr'><strong>gni</strong></span> <span class='ocrx_word' id='word_1_641' title='bbox 810 4387 822 4409; x_wconf 87' lang='lat'><strong>,</strong></span> <span class='ocrx_word' id='word_1_642' title='bbox 858 4333 969 4415; x_wconf 61' lang='grc' dir='ltr'><strong>’ἔνια</strong></span> <span class='ocrx_word' id='word_1_643' title='bbox 1001 4333 1188 4413; x_wconf 54' lang='grc' dir='ltr'><strong>ρειὶία</strong></span> <span class='ocrx_word' id='word_1_644' title='bbox 1217 4342 1322 4394; x_wconf 84' lang='lat' dir='ltr'><strong>Deo</strong></span> <span class='ocrx_word' id='word_1_645' title='bbox 1345 4359 1514 4394; x_wconf 70' lang='lat' dir='ltr'><strong>seri-vis</strong></span> <span class='ocrx_word' id='word_1_646' title='bbox 1537 4333 1790 4406; x_wconf 73' lang='lat' dir='ltr'><strong>Abruhce,‘</strong></span> <span class='ocrx_word' id='word_1_647' title='bbox 1822 4333 1881 4393; x_wconf 64' lang='grc' dir='ltr'><strong>εζτ</strong></span> <span class='ocrx_word' id='word_1_648' title='bbox 1908 4347 2081 4395; x_wconf 78' lang='lat' dir='ltr'><strong>eodem</strong></span> <span class='ocrx_word' id='word_1_649' title='bbox 2114 4343 2175 4393; x_wconf 80' lang='lat' dir='ltr'><strong>li-</strong></span> <span class='ocrx_word' id='word_1_650' title='bbox 2203 4344 2253 4402; x_wconf 76' lang='grc' dir='ltr'><strong>Ι)</strong></span> <span class='ocrx_word' id='word_1_651' title='bbox 2278 4340 2406 4392; x_wconf 77' lang='lat' dir='ltr'><strong>Nam</strong></span> <span class='ocrx_word' id='word_1_652' title='bbox 2434 4354 2495 4391; x_wconf 86' lang='lat' dir='ltr'><strong>eo</strong></span> <span class='ocrx_word' id='word_1_653' title='bbox 2518 4339 2629 4405; x_wconf 89' lang='lat' dir='ltr'><strong>ipso</strong></span> <span class='ocrx_word' id='word_1_654' title='bbox 2661 4339 2905 4390; x_wconf 87' lang='lat' dir='ltr'><strong>admonet</strong></span> <span class='ocrx_word' id='word_1_655' title='bbox 2935 4338 3205 4405; x_wconf 81' lang='lat' dir='ltr'><strong>mysticum</strong></span> <span class='ocrx_word' id='word_1_656' title='bbox 3234 4337 3432 4404; x_wconf 80' lang='lat' dir='ltr'><strong>aliquid</strong></span> <span class='ocrx_word' id='word_1_657' title='bbox 3466 4352 3680 4403; x_wconf 70' lang='lat' dir='ltr'><strong>sapere,</strong></span> <span class='ocrx_word' id='word_1_658' title='bbox 3701 4333 3802 4399; x_wconf 74' lang='lat' dir='ltr'><strong>quia</strong></span> 
     </span>
    </p>
   </div>
   <div class='ocr_carea' id='block_1_87' title="bbox 699 4420 805 4470">
    <p class='ocr_par' dir='ltr' id='par_1_87' title="bbox 699 4420 805 4470">
     <span class='ocr_line' id='line_1_88' title="bbox 699 4420 805 4470; baseline -0.009 0"><span class='ocrx_word' id='word_1_659' title='bbox 699 4420 805 4470; x_wconf 79' lang='lat' dir='ltr'><strong>bro.</strong></span> 
     </span>
    </p>
   </div>
   <div class='ocr_carea' id='block_1_88' title="bbox 704 4521 2176 4594">
    <p class='ocr_par' dir='ltr' id='par_1_88' title="bbox 704 4521 2176 4594">
     <span class='ocr_line' id='line_1_89' title="bbox 704 4521 2176 4594; baseline -0.003 -15"><span class='ocrx_word' id='word_1_660' title='bbox 704 4527 1051 4594; x_wconf 58' lang='lat' dir='ltr'><strong>Qna&#39;rendum</strong></span> <span class='ocrx_word' id='word_1_661' title='bbox 1076 4539 1179 4591; x_wconf 84' lang='lat' dir='ltr'><strong>quo</strong></span> <span class='ocrx_word' id='word_1_662' title='bbox 1206 4523 1446 4576; x_wconf 74' lang='lat' dir='ltr'><strong>differant</strong></span> <span class='ocrx_word' id='word_1_663' title='bbox 1483 4524 1851 4589; x_wconf 74' lang='lat' dir='ltr'><strong>augurationes</strong></span> <span class='ocrx_word' id='word_1_664' title='bbox 1885 4521 2082 4574; x_wconf 74' lang='lat' dir='ltr'><strong>illicita:</strong></span> <span class='ocrx_word' id='word_1_665' title='bbox 2111 4522 2176 4575; x_wconf 89' lang='lat' dir='ltr'><strong>ab</strong></span> 
     </span>
    </p>
   </div>
   <div class='ocr_carea' id='block_1_89' title="bbox 633 4611 2178 4686">
    <p class='ocr_par' dir='ltr' id='par_1_89' title="bbox 633 4611 2178 4686">
     <span class='ocr_line' id='line_1_90' title="bbox 633 4611 2178 4686; baseline -0.005 -14"><span class='ocrx_word' id='word_1_666' title='bbox 633 4621 719 4673; x_wconf 88' lang='lat' dir='ltr'><strong>illa</strong></span> <span class='ocrx_word' id='word_1_667' title='bbox 773 4619 1020 4686; x_wconf 85' lang='lat' dir='ltr'><strong>petitione</strong></span> <span class='ocrx_word' id='word_1_668' title='bbox 1059 4616 1191 4683; x_wconf 81' lang='lat' dir='ltr'><strong>signi</strong></span> <span class='ocrx_word' id='word_1_669' title='bbox 1247 4627 1348 4678; x_wconf 89' lang='lat' dir='ltr'><strong>qua</strong></span> <span class='ocrx_word' id='word_1_670' title='bbox 1392 4614 1569 4678; x_wconf 78' lang='lat' dir='ltr'><strong>petivit</strong></span> <span class='ocrx_word' id='word_1_671' title='bbox 1612 4627 1799 4665; x_wconf 88' lang='lat' dir='ltr'><strong>servus</strong></span> <span class='ocrx_word' id='word_1_672' title='bbox 1836 4611 2090 4677; x_wconf 67' lang='lat' dir='ltr'><strong>Abrahae,</strong></span> <span class='ocrx_word' id='word_1_673' title='bbox 2122 4621 2178 4666; x_wconf 91' lang='lat' dir='ltr'><strong>ut</strong></span> 
     </span>
    </p>
   </div>
   <div class='ocr_carea' id='block_1_90' title="bbox 633 4702 2177 4772">
    <p class='ocr_par' dir='ltr' id='par_1_90' title="bbox 633 4702 2177 4772">
     <span class='ocr_line' id='line_1_91' title="bbox 633 4702 2177 4772; baseline -0.006 -8"><span class='ocrx_word' id='word_1_674' title='bbox 633 4713 680 4765; x_wconf 90' lang='lat' dir='ltr'><strong>ei</strong></span> <span class='ocrx_word' id='word_1_675' title='bbox 712 4711 847 4762; x_wconf 87' lang='lat' dir='ltr'><strong>Deus</strong></span> <span class='ocrx_word' id='word_1_676' title='bbox 888 4709 1187 4761; x_wconf 87' lang='lat' dir='ltr'><strong>ostenderet</strong></span> <span class='ocrx_word' id='word_1_677' title='bbox 1227 4706 1390 4772; x_wconf 86' lang='lat' dir='ltr'><strong>ipsam</strong></span> <span class='ocrx_word' id='word_1_678' title='bbox 1419 4718 1534 4755; x_wconf 77' lang='lat' dir='ltr'><strong>esse</strong></span> <span class='ocrx_word' id='word_1_679' title='bbox 1563 4702 1782 4755; x_wconf 85' lang='lat' dir='ltr'><strong>loturam</strong></span> <span class='ocrx_word' id='word_1_680' title='bbox 1812 4719 2032 4756; x_wconf 80' lang='lat' dir='ltr'><strong>uxorem</strong></span> <span class='ocrx_word' id='word_1_681' title='bbox 2077 4704 2177 4755; x_wconf 91' lang='lat' dir='ltr'><strong>Do-</strong></span> 
     </span>
    </p>
   </div>
   <div class='ocr_carea' id='block_1_91' title="bbox 634 4793 2179 4863">
    <p class='ocr_par' dir='ltr' id='par_1_91' title="bbox 634 4793 2179 4863">
     <span class='ocr_line' id='line_1_92' title="bbox 634 4793 2179 4863; baseline -0.006 -8"><span class='ocrx_word' id='word_1_682' title='bbox 634 4802 761 4855; x_wconf 89' lang='lat' dir='ltr'><strong>mini</strong></span> <span class='ocrx_word' id='word_1_683' title='bbox 788 4799 868 4852; x_wconf 83' lang='lat' dir='ltr'><strong>sui</strong></span> <span class='ocrx_word' id='word_1_684' title='bbox 899 4800 1040 4850; x_wconf 87' lang='lat' dir='ltr'><strong>Isaac</strong></span> <span class='ocrx_word' id='word_1_685' title='bbox 1061 4838 1074 4858; x_wconf 86' lang='lat'><strong>,</strong></span> <span class='ocrx_word' id='word_1_686' title='bbox 1097 4812 1127 4848; x_wconf 88' lang='lat' dir='ltr'><strong>a</strong></span> <span class='ocrx_word' id='word_1_687' title='bbox 1155 4811 1254 4863; x_wconf 88' lang='lat' dir='ltr'><strong>qua</strong></span> <span class='ocrx_word' id='word_1_688' title='bbox 1282 4808 1399 4846; x_wconf 88' lang='lat' dir='ltr'><strong>cum</strong></span> <span class='ocrx_word' id='word_1_689' title='bbox 1433 4795 1703 4859; x_wconf 84' lang='lat' dir='ltr'><strong>petivisset</strong></span> <span class='ocrx_word' id='word_1_690' title='bbox 1729 4801 1784 4845; x_wconf 91' lang='lat' dir='ltr'><strong>ut</strong></span> <span class='ocrx_word' id='word_1_691' title='bbox 1815 4794 2016 4847; x_wconf 88' lang='lat' dir='ltr'><strong>biberet</strong></span> <span class='ocrx_word' id='word_1_692' title='bbox 2038 4793 2179 4846; x_wconf 89' lang='lat' dir='ltr'><strong>dice-</strong></span> 
     </span>
    </p>
   </div>
   <div class='ocr_carea' id='block_1_92' title="bbox 634 4885 2180 4950">
    <p class='ocr_par' dir='ltr' id='par_1_92' title="bbox 634 4885 2180 4950">
     <span class='ocr_line' id='line_1_93' title="bbox 634 4885 2180 4950; baseline -0.006 -4"><span class='ocrx_word' id='word_1_693' title='bbox 634 4901 781 4946; x_wconf 88' lang='lat' dir='ltr'><strong>retur</strong></span> <span class='ocrx_word' id='word_1_694' title='bbox 823 4889 895 4942; x_wconf 89' lang='lat' dir='ltr'><strong>illi</strong></span> <span class='ocrx_word' id='word_1_695' title='bbox 924 4906 935 4938; x_wconf 90' lang='lat'><strong>:</strong></span> <span class='ocrx_word' id='word_1_696' title='bbox 967 4887 1092 4942; x_wconf 84' lang='lat' dir='ltr'><strong>Bibe</strong></span> <span class='ocrx_word' id='word_1_697' title='bbox 1115 4895 1169 4940; x_wconf 91' lang='lat' dir='ltr'><strong>et</strong></span> <span class='ocrx_word' id='word_1_698' title='bbox 1192 4888 1242 4938; x_wconf 77' lang='lat' dir='ltr'><strong>tit</strong></span> <span class='ocrx_word' id='word_1_699' title='bbox 1276 4927 1290 4949; x_wconf 88' lang='lat'><strong>,</strong></span> <span class='ocrx_word' id='word_1_700' title='bbox 1338 4896 1390 4938; x_wconf 90' lang='lat' dir='ltr'><strong>et</strong></span> <span class='ocrx_word' id='word_1_701' title='bbox 1417 4885 1684 4950; x_wconf 88' lang='lat' dir='ltr'><strong>adaquabo</strong></span> <span class='ocrx_word' id='word_1_702' title='bbox 1713 4893 1765 4936; x_wconf 90' lang='lat' dir='ltr'><strong>et</strong></span> <span class='ocrx_word' id='word_1_703' title='bbox 1801 4885 2031 4937; x_wconf 89' lang='lat' dir='ltr'><strong>camelos</strong></span> <span class='ocrx_word' id='word_1_704' title='bbox 2063 4893 2180 4937; x_wconf 86' lang='lat' dir='ltr'><strong>tuos</strong></span> 
     </span>
    </p>
   </div>
   <div class='ocr_carea' id='block_1_93' title="bbox 634 4970 2182 5048">
    <p class='ocr_par' dir='ltr' id='par_1_93' title="bbox 634 4970 2182 5048">
     <span class='ocr_line' id='line_1_94' title="bbox 634 4970 2182 5048; baseline -0.005 -16"><span class='ocrx_word' id='word_1_705' title='bbox 634 4993 739 5048; x_wconf 90' lang='lat' dir='ltr'><strong>quo</strong></span> <span class='ocrx_word' id='word_1_706' title='bbox 785 4977 1016 5042; x_wconf 87' lang='lat' dir='ltr'><strong>adusque</strong></span> <span class='ocrx_word' id='word_1_707' title='bbox 1049 4974 1227 5027; x_wconf 85' lang='lat' dir='ltr'><strong>bibere</strong></span> <span class='ocrx_word' id='word_1_708' title='bbox 1265 4973 1565 5027; x_wconf 88' lang='lat' dir='ltr'><strong>desinerent</strong></span> <span class='ocrx_word' id='word_1_709' title='bbox 1594 4970 1895 5041; x_wconf 86' lang='lat' dir='ltr'><strong>[desinent].</strong></span> <span class='ocrx_word' id='word_1_710' title='bbox 1929 4972 2079 5025; x_wconf 80' lang='lat' dir='ltr'><strong>Aliud</strong></span> <span class='ocrx_word' id='word_1_711' title='bbox 2101 4981 2182 5025; x_wconf 91' lang='lat' dir='ltr'><strong>est</strong></span> 
     </span>
    </p>
   </div>
   <div class='ocr_carea' id='block_1_94' title="bbox 635 5061 2181 5129">
    <p class='ocr_par' dir='ltr' id='par_1_94' title="bbox 635 5061 2181 5129">
     <span class='ocr_line' id='line_1_95' title="bbox 635 5061 2181 5129; baseline -0.006 -8"><span class='ocrx_word' id='word_1_712' title='bbox 635 5068 776 5122; x_wconf 89' lang='lat' dir='ltr'><strong>enim</strong></span> <span class='ocrx_word' id='word_1_713' title='bbox 811 5067 1000 5119; x_wconf 87' lang='lat' dir='ltr'><strong>mirum</strong></span> <span class='ocrx_word' id='word_1_714' title='bbox 1030 5064 1220 5129; x_wconf 85' lang='lat' dir='ltr'><strong>aliquid</strong></span> <span class='ocrx_word' id='word_1_715' title='bbox 1261 5073 1438 5128; x_wconf 86' lang='lat' dir='ltr'><strong>petere</strong></span> <span class='ocrx_word' id='word_1_716' title='bbox 1464 5103 1478 5125; x_wconf 93' lang='lat'><strong>,</strong></span> <span class='ocrx_word' id='word_1_717' title='bbox 1516 5061 1652 5128; x_wconf 90' lang='lat' dir='ltr'><strong>quod</strong></span> <span class='ocrx_word' id='word_1_718' title='bbox 1683 5062 1795 5126; x_wconf 87' lang='lat' dir='ltr'><strong>ipso</strong></span> <span class='ocrx_word' id='word_1_719' title='bbox 1827 5061 2076 5113; x_wconf 83' lang='lat' dir='ltr'><strong>miraculo</strong></span> <span class='ocrx_word' id='word_1_720' title='bbox 2110 5061 2181 5113; x_wconf 86' lang='lat' dir='ltr'><strong>si-</strong></span> 
     </span>
    </p>
   </div>
   <div class='ocr_carea' id='block_1_95' title="bbox 636 5149 2179 5225">
    <p class='ocr_par' dir='ltr' id='par_1_95' title="bbox 636 5149 2179 5225">
     <span class='ocr_line' id='line_1_96' title="bbox 636 5149 2179 5225; baseline -0.005 -16"><span class='ocrx_word' id='word_1_721' title='bbox 636 5171 793 5225; x_wconf 82' lang='lat' dir='ltr'><strong>gnum</strong></span> <span class='ocrx_word' id='word_1_722' title='bbox 842 5155 943 5218; x_wconf 85' lang='lat' dir='ltr'><strong>sit;</strong></span> <span class='ocrx_word' id='word_1_723' title='bbox 992 5153 1132 5204; x_wconf 89' lang='lat' dir='ltr'><strong>aliud</strong></span> <span class='ocrx_word' id='word_1_724' title='bbox 1162 5165 1221 5204; x_wconf 90' lang='lat' dir='ltr'><strong>ea</strong></span> <span class='ocrx_word' id='word_1_725' title='bbox 1259 5149 1415 5221; x_wconf 65' lang='lat' dir='ltr'><strong>[haec]</strong></span> <span class='ocrx_word' id='word_1_726' title='bbox 1457 5151 1738 5204; x_wconf 90' lang='lat' dir='ltr'><strong>observare</strong></span> <span class='ocrx_word' id='word_1_727' title='bbox 1767 5165 1883 5216; x_wconf 78' lang='lat' dir='ltr'><strong>qua:</strong></span> <span class='ocrx_word' id='word_1_728' title='bbox 1909 5150 1977 5202; x_wconf 91' lang='lat' dir='ltr'><strong>ita</strong></span> <span class='ocrx_word' id='word_1_729' title='bbox 2013 5150 2140 5201; x_wconf 81' lang='lat' dir='ltr'><strong>(inut</strong></span> <span class='ocrx_word' id='word_1_730' title='bbox 2165 5189 2179 5211; x_wconf 89' lang='lat'><strong>,</strong></span> 
     </span>
    </p>
   </div>
   <div class='ocr_carea' id='block_1_96' title="bbox 636 5241 2180 5308">
    <p class='ocr_par' dir='ltr' id='par_1_96' title="bbox 636 5241 2180 5308">
     <span class='ocr_line' id='line_1_97' title="bbox 636 5241 2180 5308; baseline -0.007 -8"><span class='ocrx_word' id='word_1_731' title='bbox 636 5257 695 5300; x_wconf 87' lang='lat' dir='ltr'><strong>ut</strong></span> <span class='ocrx_word' id='word_1_732' title='bbox 725 5248 852 5300; x_wconf 83' lang='lat' dir='ltr'><strong>mira</strong></span> <span class='ocrx_word' id='word_1_733' title='bbox 881 5261 984 5298; x_wconf 93' lang='lat' dir='ltr'><strong>non</strong></span> <span class='ocrx_word' id='word_1_734' title='bbox 1015 5245 1150 5305; x_wconf 91' lang='lat' dir='ltr'><strong>sint,</strong></span> <span class='ocrx_word' id='word_1_735' title='bbox 1199 5242 1291 5296; x_wconf 88' lang='lat' dir='ltr'><strong>sed</strong></span> <span class='ocrx_word' id='word_1_736' title='bbox 1329 5257 1356 5292; x_wconf 92' lang='lat' dir='ltr'><strong>a</strong></span> <span class='ocrx_word' id='word_1_737' title='bbox 1396 5241 1782 5308; x_wconf 71' lang='lat' dir='ltr'><strong>coniectoribus</strong></span> <span class='ocrx_word' id='word_1_738' title='bbox 1823 5241 2180 5307; x_wconf 87' lang='lat' dir='ltr'><strong>superstitiosa</strong></span> 
     </span>
    </p>
   </div>
   <div class='ocr_carea' id='block_1_97' title="bbox 637 5329 2182 5399">
    <p class='ocr_par' dir='ltr' id='par_1_97' title="bbox 637 5329 2182 5399">
     <span class='ocr_line' id='line_1_98' title="bbox 637 5329 2182 5399; baseline -0.005 -12"><span class='ocrx_word' id='word_1_739' title='bbox 637 5337 872 5389; x_wconf 84' lang='lat' dir='ltr'><strong>vanitate</strong></span> <span class='ocrx_word' id='word_1_740' title='bbox 908 5335 1342 5399; x_wconf 83' lang='lat' dir='ltr'><strong>interpretentur.</strong></span> <span class='ocrx_word' id='word_1_741' title='bbox 1372 5329 1476 5383; x_wconf 89' lang='lat' dir='ltr'><strong>Sed</strong></span> <span class='ocrx_word' id='word_1_742' title='bbox 1508 5331 1605 5381; x_wconf 89' lang='lat' dir='ltr'><strong>hoc</strong></span> <span class='ocrx_word' id='word_1_743' title='bbox 1649 5330 1817 5396; x_wconf 84' lang='lat' dir='ltr'><strong>ipsum</strong></span> <span class='ocrx_word' id='word_1_744' title='bbox 1848 5331 2004 5382; x_wconf 88' lang='lat' dir='ltr'><strong>etiam</strong></span> <span class='ocrx_word' id='word_1_745' title='bbox 2043 5329 2182 5395; x_wconf 90' lang='lat' dir='ltr'><strong>quod</strong></span> 
     </span>
    </p>
   </div>
   <div class='ocr_carea' id='block_1_98' title="bbox 640 5401 2180 5488">
    <p class='ocr_par' dir='ltr' id='par_1_98' title="bbox 640 5401 2180 5488">
     <span class='ocr_line' id='line_1_99' title="bbox 640 5401 2180 5488; baseline -0.006 -11"><span class='ocrx_word' id='word_1_746' title='bbox 640 5424 831 5477; x_wconf 86' lang='lat' dir='ltr'><strong>mirum</strong></span> <span class='ocrx_word' id='word_1_747' title='bbox 885 5421 1075 5488; x_wconf 89' lang='lat' dir='ltr'><strong>aliquid</strong></span> <span class='ocrx_word' id='word_1_748' title='bbox 1140 5417 1470 5483; x_wconf 82' lang='lat' dir='ltr'><strong>postulatur,</strong></span> <span class='ocrx_word' id='word_1_749' title='bbox 1528 5431 1632 5482; x_wconf 90' lang='lat' dir='ltr'><strong>quo</strong></span> <span class='ocrx_word' id='word_1_750' title='bbox 1685 5416 2006 5483; x_wconf 81' lang='lat' dir='ltr'><strong>signiﬁcetur</strong></span> <span class='ocrx_word' id='word_1_751' title='bbox 2044 5401 2180 5484; x_wconf 76' lang='lat' dir='ltr'><strong>quod</strong></span> 
     </span>
    </p>
   </div>
   <div class='ocr_carea' id='block_1_99' title="bbox 641 5505 2181 5582">
    <p class='ocr_par' dir='ltr' id='par_1_99' title="bbox 641 5505 2181 5582">
     <span class='ocr_line' id='line_1_100' title="bbox 641 5505 2181 5582; baseline -0.006 -17"><span class='ocrx_word' id='word_1_752' title='bbox 641 5512 861 5582; x_wconf 80' lang='lat' dir='ltr'><strong>quisque</strong></span> <span class='ocrx_word' id='word_1_753' title='bbox 883 5510 991 5564; x_wconf 88' lang='lat' dir='ltr'><strong>vult</strong></span> <span class='ocrx_word' id='word_1_754' title='bbox 1019 5524 1193 5571; x_wconf 70' lang='lat' dir='ltr'><strong>nasse,</strong></span> <span class='ocrx_word' id='word_1_755' title='bbox 1227 5517 1395 5563; x_wconf 86' lang='lat' dir='ltr'><strong>utrum</strong></span> <span class='ocrx_word' id='word_1_756' title='bbox 1422 5505 1738 5570; x_wconf 85' lang='lat' dir='ltr'><strong>audiendum</strong></span> <span class='ocrx_word' id='word_1_757' title='bbox 1770 5506 1865 5572; x_wconf 87' lang='lat' dir='ltr'><strong>sit,</strong></span> <span class='ocrx_word' id='word_1_758' title='bbox 1901 5521 1999 5558; x_wconf 92' lang='lat' dir='ltr'><strong>non</strong></span> <span class='ocrx_word' id='word_1_759' title='bbox 2025 5519 2181 5572; x_wconf 84' lang='lat' dir='ltr'><strong>parva</strong></span> 
     </span>
    </p>
   </div>
   <div class='ocr_carea' id='block_1_100' title="bbox 2281 4425 3804 4492">
    <p class='ocr_par' dir='ltr' id='par_1_100' title="bbox 2281 4425 3804 4492">
     <span class='ocr_line' id='line_1_101' title="bbox 2281 4425 3804 4492; baseline -0.005 -10"><span class='ocrx_word' id='word_1_760' title='bbox 2281 4429 2452 4482; x_wconf 88' lang='lat' dir='ltr'><strong>omnis</strong></span> <span class='ocrx_word' id='word_1_761' title='bbox 2492 4429 2644 4480; x_wconf 92' lang='lat' dir='ltr'><strong>homo</strong></span> <span class='ocrx_word' id='word_1_762' title='bbox 2674 4441 2702 4479; x_wconf 92' lang='lat' dir='ltr'><strong>a</strong></span> <span class='ocrx_word' id='word_1_763' title='bbox 2731 4425 2926 4492; x_wconf 83' lang='lat' dir='ltr'><strong>majore</strong></span> <span class='ocrx_word' id='word_1_764' title='bbox 2954 4427 3064 4477; x_wconf 79' lang='lat' dir='ltr'><strong>vult</strong></span> <span class='ocrx_word' id='word_1_765' title='bbox 3094 4425 3353 4479; x_wconf 85' lang='lat' dir='ltr'><strong>benedici.</strong></span> <span class='ocrx_word' id='word_1_766' title='bbox 3389 4426 3659 4491; x_wconf 87' lang='lat' dir='ltr'><strong>Quomodo</strong></span> <span class='ocrx_word' id='word_1_767' title='bbox 3697 4438 3804 4490; x_wconf 74' lang='lat' dir='ltr'><strong>ergo</strong></span> 
     </span>
    </p>
   </div>
   <div class='ocr_carea' id='block_1_101' title="bbox 2283 4514 3803 4582">
    <p class='ocr_par' dir='ltr' id='par_1_101' title="bbox 2283 4514 3803 4582">
     <span class='ocr_line' id='line_1_102' title="bbox 2283 4514 3803 4582; baseline -0.006 -13"><span class='ocrx_word' id='word_1_768' title='bbox 2283 4522 2346 4569; x_wconf 84' lang='lat' dir='ltr'><strong>ab</strong></span> <span class='ocrx_word' id='word_1_769' title='bbox 2372 4534 2436 4572; x_wconf 89' lang='lat' dir='ltr'><strong>eo</strong></span> <span class='ocrx_word' id='word_1_770' title='bbox 2461 4517 2693 4571; x_wconf 86' lang='lat' dir='ltr'><strong>benedici</strong></span> <span class='ocrx_word' id='word_1_771' title='bbox 2717 4519 2818 4569; x_wconf 85' lang='lat' dir='ltr'><strong>iste</strong></span> <span class='ocrx_word' id='word_1_772' title='bbox 2847 4515 3033 4579; x_wconf 85' lang='lat' dir='ltr'><strong>voluit,</strong></span> <span class='ocrx_word' id='word_1_773' title='bbox 3063 4531 3216 4582; x_wconf 90' lang='lat' dir='ltr'><strong>quem</strong></span> <span class='ocrx_word' id='word_1_774' title='bbox 3249 4516 3497 4567; x_wconf 87' lang='lat' dir='ltr'><strong>luctando</strong></span> <span class='ocrx_word' id='word_1_775' title='bbox 3523 4514 3803 4580; x_wconf 74' lang='lat' dir='ltr'><strong>superarit?</strong></span> 
     </span>
    </p>
   </div>
   <div class='ocr_carea' id='block_1_102' title="bbox 2283 4602 3804 4671">
    <p class='ocr_par' dir='ltr' id='par_1_102' title="bbox 2283 4602 3804 4671">
     <span class='ocr_line' id='line_1_103' title="bbox 2283 4602 3804 4671; baseline -0.008 -9"><span class='ocrx_word' id='word_1_776' title='bbox 2283 4609 2561 4662; x_wconf 65' lang='lat' dir='ltr'><strong>Prtevaluit</strong></span> <span class='ocrx_word' id='word_1_777' title='bbox 2589 4615 2758 4659; x_wconf 89' lang='lat' dir='ltr'><strong>autem</strong></span> <span class='ocrx_word' id='word_1_778' title='bbox 2788 4605 2948 4658; x_wconf 88' lang='lat' dir='ltr'><strong>Iacob</strong></span> <span class='ocrx_word' id='word_1_779' title='bbox 2974 4604 3206 4666; x_wconf 88' lang='lat' dir='ltr'><strong>Christo,</strong></span> <span class='ocrx_word' id='word_1_780' title='bbox 3237 4604 3319 4655; x_wconf 81' lang='lat' dir='ltr'><strong>vel</strong></span> <span class='ocrx_word' id='word_1_781' title='bbox 3354 4604 3525 4671; x_wconf 85' lang='lat' dir='ltr'><strong>potius</strong></span> <span class='ocrx_word' id='word_1_782' title='bbox 3553 4602 3804 4669; x_wconf 72' lang='lat' dir='ltr'><strong>prevalcre</strong></span> 
     </span>
    </p>
   </div>
   <div class='ocr_carea' id='block_1_103' title="bbox 2281 4693 3803 4766">
    <p class='ocr_par' dir='ltr' id='par_1_103' title="bbox 2281 4693 3803 4766">
     <span class='ocr_line' id='line_1_104' title="bbox 2281 4693 3803 4766; baseline -0.011 -12"><span class='ocrx_word' id='word_1_783' title='bbox 2281 4705 2424 4754; x_wconf 90' lang='lat' dir='ltr'><strong>visus</strong></span> <span class='ocrx_word' id='word_1_784' title='bbox 2463 4709 2542 4753; x_wconf 83' lang='lat' dir='ltr'><strong>est</strong></span> <span class='ocrx_word' id='word_1_785' title='bbox 2583 4715 2671 4766; x_wconf 64' lang='lat' dir='ltr'><strong>per</strong></span> <span class='ocrx_word' id='word_1_786' title='bbox 2718 4711 2807 4748; x_wconf 84' lang='lat' dir='ltr'><strong>eos</strong></span> <span class='ocrx_word' id='word_1_787' title='bbox 2848 4695 3107 4746; x_wconf 85' lang='lat' dir='ltr'><strong>lsraelitas</strong></span> <span class='ocrx_word' id='word_1_788' title='bbox 3139 4710 3167 4746; x_wconf 86' lang='lat' dir='ltr'><strong>a</strong></span> <span class='ocrx_word' id='word_1_789' title='bbox 3194 4694 3384 4762; x_wconf 83' lang='lat' dir='ltr'><strong>quibus</strong></span> <span class='ocrx_word' id='word_1_790' title='bbox 3415 4693 3695 4744; x_wconf 75' lang='lat' dir='ltr'><strong>cruciﬁxus</strong></span> <span class='ocrx_word' id='word_1_791' title='bbox 3737 4699 3803 4740; x_wconf 82' lang='lat' dir='ltr'><strong>est</strong></span> 
     </span>
    </p>
   </div>
   <div class='ocr_carea' id='block_1_104' title="bbox 2280 4767 3804 4849">
    <p class='ocr_par' dir='ltr' id='par_1_104' title="bbox 2280 4767 3804 4849">
     <span class='ocr_line' id='line_1_105' title="bbox 2280 4767 3804 4849; baseline -0.012 -5"><span class='ocrx_word' id='word_1_792' title='bbox 2280 4790 2548 4849; x_wconf 87' lang='lat' dir='ltr'><strong>Christus,</strong></span> <span class='ocrx_word' id='word_1_793' title='bbox 2578 4785 2719 4839; x_wconf 69' lang='lat' dir='ltr'><strong>et&#39;ah</strong></span> <span class='ocrx_word' id='word_1_794' title='bbox 2749 4799 2810 4836; x_wconf 91' lang='lat' dir='ltr'><strong>eo</strong></span> <span class='ocrx_word' id='word_1_795' title='bbox 2838 4793 3008 4835; x_wconf 87' lang='lat' dir='ltr'><strong>tamen</strong></span> <span class='ocrx_word' id='word_1_796' title='bbox 3041 4767 3365 4835; x_wconf 45' lang='lat' dir='ltr'><strong>beii&#39;edicitur</strong></span> <span class='ocrx_word' id='word_1_797' title='bbox 3397 4784 3449 4834; x_wconf 94' lang='lat' dir='ltr'><strong>in</strong></span> <span class='ocrx_word' id='word_1_798' title='bbox 3480 4783 3555 4834; x_wconf 88' lang='lat' dir='ltr'><strong>eis</strong></span> <span class='ocrx_word' id='word_1_799' title='bbox 3577 4779 3804 4832; x_wconf 78' lang='lat' dir='ltr'><strong>Israelitis</strong></span> 
     </span>
    </p>
   </div>
   <div class='ocr_carea' id='block_1_105' title="bbox 2284 4866 3799 4946">
    <p class='ocr_par' dir='ltr' id='par_1_105' title="bbox 2284 4866 3799 4946">
     <span class='ocr_line' id='line_1_106' title="bbox 2284 4866 3799 4946; baseline -0.009 -17"><span class='ocrx_word' id='word_1_800' title='bbox 2284 4879 2372 4946; x_wconf 90' lang='lat' dir='ltr'><strong>qui</strong></span> <span class='ocrx_word' id='word_1_801' title='bbox 2399 4875 2729 4929; x_wconf 86' lang='lat' dir='ltr'><strong>crediderunt</strong></span> <span class='ocrx_word' id='word_1_802' title='bbox 2751 4873 2800 4924; x_wconf 93' lang='lat' dir='ltr'><strong>in</strong></span> <span class='ocrx_word' id='word_1_803' title='bbox 2817 4871 3104 4934; x_wconf 88' lang='lat' dir='ltr'><strong>Christum,</strong></span> <span class='ocrx_word' id='word_1_804' title='bbox 3130 4886 3195 4925; x_wconf 73' lang='lat' dir='ltr'><strong>ex</strong></span> <span class='ocrx_word' id='word_1_805' title='bbox 3218 4871 3405 4938; x_wconf 89' lang='lat' dir='ltr'><strong>quibus</strong></span> <span class='ocrx_word' id='word_1_806' title='bbox 3432 4881 3543 4922; x_wconf 82' lang='lat' dir='ltr'><strong>erat</strong></span> <span class='ocrx_word' id='word_1_807' title='bbox 3563 4871 3647 4935; x_wconf 88' lang='lat' dir='ltr'><strong>qui</strong></span> <span class='ocrx_word' id='word_1_808' title='bbox 3677 4866 3799 4920; x_wconf 84' lang='lat' dir='ltr'><strong>dice-</strong></span> 
     </span>
    </p>
   </div>
   <div class='ocr_carea' id='block_1_106' title="bbox 2284 4961 3798 5031">
    <p class='ocr_par' dir='ltr' id='par_1_106' title="bbox 2284 4961 3798 5031">
     <span class='ocr_line' id='line_1_107' title="bbox 2284 4961 3798 5031; baseline -0.008 -11"><span class='ocrx_word' id='word_1_809' title='bbox 2284 4969 2393 5031; x_wconf 87' lang='lat' dir='ltr'><strong>bat,</strong></span> <span class='ocrx_word' id='word_1_810' title='bbox 2425 4967 2551 5017; x_wconf 85' lang='lat' dir='ltr'><strong>Nam</strong></span> <span class='ocrx_word' id='word_1_811' title='bbox 2582 4973 2633 5016; x_wconf 88' lang='lat' dir='ltr'><strong>et</strong></span> <span class='ocrx_word' id='word_1_812' title='bbox 2655 4979 2752 5030; x_wconf 87' lang='lat' dir='ltr'><strong>ego</strong></span> <span class='ocrx_word' id='word_1_813' title='bbox 2782 4962 3013 5016; x_wconf 88' lang='lat' dir='ltr'><strong>Israelita</strong></span> <span class='ocrx_word' id='word_1_814' title='bbox 3036 4976 3151 5014; x_wconf 91' lang='lat' dir='ltr'><strong>sum</strong></span> <span class='ocrx_word' id='word_1_815' title='bbox 3177 5001 3191 5026; x_wconf 94' lang='lat'><strong>,</strong></span> <span class='ocrx_word' id='word_1_816' title='bbox 3223 4977 3288 5014; x_wconf 80' lang='lat' dir='ltr'><strong>ex</strong></span> <span class='ocrx_word' id='word_1_817' title='bbox 3319 4977 3512 5029; x_wconf 76' lang='lat' dir='ltr'><strong>genere</strong></span> <span class='ocrx_word' id='word_1_818' title='bbox 3540 4961 3798 5015; x_wconf 74' lang='lat' dir='ltr'><strong>Abraham.</strong></span> 
     </span>
    </p>
   </div>
   <div class='ocr_carea' id='block_1_107' title="bbox 2283 5047 3799 5119">
    <p class='ocr_par' dir='ltr' id='par_1_107' title="bbox 2283 5047 3799 5119">
     <span class='ocr_line' id='line_1_108' title="bbox 2283 5047 3799 5119; baseline -0.007 -11"><span class='ocrx_word' id='word_1_819' title='bbox 2283 5056 2348 5108; x_wconf 89' lang='lat' dir='ltr'><strong>de</strong></span> <span class='ocrx_word' id='word_1_820' title='bbox 2377 5053 2513 5106; x_wconf 89' lang='lat' dir='ltr'><strong>tribu</strong></span> <span class='ocrx_word' id='word_1_821' title='bbox 2562 5051 2847 5119; x_wconf 81' lang='lat' dir='ltr'><strong>Benjamin.</strong></span> <span class='ocrx_word' id='word_1_822' title='bbox 2887 5050 3027 5104; x_wconf 89' lang='lat' dir='ltr'><strong>Unus</strong></span> <span class='ocrx_word' id='word_1_823' title='bbox 3055 5065 3179 5116; x_wconf 87' lang='lat' dir='ltr'><strong>ergo</strong></span> <span class='ocrx_word' id='word_1_824' title='bbox 3219 5059 3378 5118; x_wconf 86' lang='lat' dir='ltr'><strong>atque</strong></span> <span class='ocrx_word' id='word_1_825' title='bbox 3412 5051 3545 5101; x_wconf 88' lang='lat' dir='ltr'><strong>idem</strong></span> <span class='ocrx_word' id='word_1_826' title='bbox 3572 5047 3724 5101; x_wconf 70' lang='lat' dir='ltr'><strong>Iacob</strong></span> <span class='ocrx_word' id='word_1_827' title='bbox 3757 5053 3799 5094; x_wconf 79' lang='lat' dir='ltr'><strong>ct</strong></span> 
     </span>
    </p>
   </div>
   <div class='ocr_carea' id='block_1_108' title="bbox 2286 5136 3795 5199">
    <p class='ocr_par' dir='ltr' id='par_1_108' title="bbox 2286 5136 3795 5199">
     <span class='ocr_line' id='line_1_109' title="bbox 2286 5136 3795 5199; baseline -0.005 -1"><span class='ocrx_word' id='word_1_828' title='bbox 2286 5145 2502 5199; x_wconf 89' lang='lat' dir='ltr'><strong>claudus</strong></span> <span class='ocrx_word' id='word_1_829' title='bbox 2532 5153 2582 5196; x_wconf 90' lang='lat' dir='ltr'><strong>et</strong></span> <span class='ocrx_word' id='word_1_830' title='bbox 2609 5141 2928 5196; x_wconf 90' lang='lat' dir='ltr'><strong>benedictus.</strong></span> <span class='ocrx_word' id='word_1_831' title='bbox 2963 5141 3187 5192; x_wconf 85' lang='lat' dir='ltr'><strong>Claudus</strong></span> <span class='ocrx_word' id='word_1_832' title='bbox 3212 5140 3261 5192; x_wconf 91' lang='lat' dir='ltr'><strong>in</strong></span> <span class='ocrx_word' id='word_1_833' title='bbox 3294 5140 3563 5192; x_wconf 87' lang='lat' dir='ltr'><strong>latitudine</strong></span> <span class='ocrx_word' id='word_1_834' title='bbox 3585 5136 3795 5191; x_wconf 78' lang='lat' dir='ltr'><strong>lemon&#39;s.</strong></span> 
     </span>
    </p>
   </div>
   <div class='ocr_carea' id='block_1_109' title="bbox 2283 5226 3796 5300">
    <p class='ocr_par' dir='ltr' id='par_1_109' title="bbox 2283 5226 3796 5300">
     <span class='ocr_line' id='line_1_110' title="bbox 2283 5226 3796 5300; baseline -0.009 -15"><span class='ocrx_word' id='word_1_835' title='bbox 2283 5244 2535 5300; x_wconf 90' lang='lat' dir='ltr'><strong>tanquam</strong></span> <span class='ocrx_word' id='word_1_836' title='bbox 2577 5233 2626 5283; x_wconf 91' lang='lat' dir='ltr'><strong>in</strong></span> <span class='ocrx_word' id='word_1_837' title='bbox 2673 5229 2999 5282; x_wconf 88' lang='lat' dir='ltr'><strong>multitudine</strong></span> <span class='ocrx_word' id='word_1_838' title='bbox 3036 5228 3377 5295; x_wconf 77' lang='lat' dir='ltr'><strong>generis,’de</strong></span> <span class='ocrx_word' id='word_1_839' title='bbox 3415 5230 3603 5295; x_wconf 79' lang='lat' dir='ltr'><strong>quibus</strong></span> <span class='ocrx_word' id='word_1_840' title='bbox 3629 5226 3796 5278; x_wconf 77' lang='lat' dir='ltr'><strong>dictum</strong></span> 
     </span>
    </p>
   </div>
   <div class='ocr_carea' id='block_1_110' title="bbox 2283 5315 3796 5378">
    <p class='ocr_par' dir='ltr' id='par_1_110' title="bbox 2283 5315 3796 5378">
     <span class='ocr_line' id='line_1_111' title="bbox 2283 5315 3796 5378; baseline -0.011 -3"><span class='ocrx_word' id='word_1_841' title='bbox 2283 5332 2403 5375; x_wconf 87' lang='lat' dir='ltr'><strong>est:</strong></span> <span class='ocrx_word' id='word_1_842' title='bbox 2447 5322 2512 5373; x_wconf 85' lang='lat' dir='ltr'><strong>Et</strong></span> <span class='ocrx_word' id='word_1_843' title='bbox 2554 5319 2972 5373; x_wconf 86' lang='lat' dir='ltr'><strong>claudicaverunt</strong></span> <span class='ocrx_word' id='word_1_844' title='bbox 3010 5333 3038 5369; x_wconf 88' lang='lat' dir='ltr'><strong>a</strong></span> <span class='ocrx_word' id='word_1_845' title='bbox 3079 5317 3282 5369; x_wconf 83' lang='lat' dir='ltr'><strong>semitis</strong></span> <span class='ocrx_word' id='word_1_846' title='bbox 3337 5321 3448 5369; x_wconf 89' lang='lat' dir='ltr'><strong>suis</strong></span> <span class='ocrx_word' id='word_1_847' title='bbox 3480 5334 3494 5378; x_wconf 88' lang='lat'><strong>;</strong></span> <span class='ocrx_word' id='word_1_848' title='bbox 3529 5315 3796 5369; x_wconf 75' lang='lat' dir='ltr'><strong>benedictus</strong></span> 
     </span>
    </p>
   </div>
   <div class='ocr_carea' id='block_1_111' title="bbox 2285 5406 3794 5479">
    <p class='ocr_par' dir='ltr' id='par_1_111' title="bbox 2285 5406 3794 5479">
     <span class='ocr_line' id='line_1_112' title="bbox 2285 5406 3794 5479; baseline -0.003 -15"><span class='ocrx_word' id='word_1_849' title='bbox 2285 5424 2457 5466; x_wconf 85' lang='lat' dir='ltr'><strong>autem</strong></span> <span class='ocrx_word' id='word_1_850' title='bbox 2478 5414 2526 5466; x_wconf 91' lang='lat' dir='ltr'><strong>in</strong></span> <span class='ocrx_word' id='word_1_851' title='bbox 2547 5413 2619 5464; x_wconf 90' lang='lat' dir='ltr'><strong>eis</strong></span> <span class='ocrx_word' id='word_1_852' title='bbox 2639 5411 2703 5464; x_wconf 91' lang='lat' dir='ltr'><strong>de</strong></span> <span class='ocrx_word' id='word_1_853' title='bbox 2732 5411 2914 5476; x_wconf 89' lang='lat' dir='ltr'><strong>quibus</strong></span> <span class='ocrx_word' id='word_1_854' title='bbox 2947 5409 3138 5460; x_wconf 82' lang='lat' dir='ltr'><strong>dictum</strong></span> <span class='ocrx_word' id='word_1_855' title='bbox 3167 5418 3276 5462; x_wconf 82' lang='lat' dir='ltr'><strong>est:</strong></span> <span class='ocrx_word' id='word_1_856' title='bbox 3295 5409 3550 5479; x_wconf 74' lang='lat' dir='ltr'><strong>Reliquia-</strong></span> <span class='ocrx_word' id='word_1_857' title='bbox 3580 5423 3666 5478; x_wconf 84' lang='lat' dir='ltr'><strong>per</strong></span> <span class='ocrx_word' id='word_1_858' title='bbox 3682 5406 3794 5460; x_wconf 68' lang='lat' dir='ltr'><strong>elec-</strong></span> 
     </span>
    </p>
   </div>
   <div class='ocr_carea' id='block_1_112' title="bbox 2286 5497 3197 5569">
    <p class='ocr_par' dir='ltr' id='par_1_112' title="bbox 2286 5497 3197 5569">
     <span class='ocr_line' id='line_1_113' title="bbox 2286 5497 3197 5569; baseline -0.008 -15"><span class='ocrx_word' id='word_1_859' title='bbox 2286 5502 2479 5556; x_wconf 89' lang='lat' dir='ltr'><strong>tionem</strong></span> <span class='ocrx_word' id='word_1_860' title='bbox 2509 5499 2682 5569; x_wconf 70' lang='lat' dir='ltr'><strong>gratiae</strong></span> <span class='ocrx_word' id='word_1_861' title='bbox 2711 5499 2865 5553; x_wconf 64' lang='lat' dir='ltr'><strong>salvae</strong></span> <span class='ocrx_word' id='word_1_862' title='bbox 2892 5497 3036 5551; x_wconf 76' lang='lat' dir='ltr'><strong>facta:</strong></span> <span class='ocrx_word' id='word_1_863' title='bbox 3059 5507 3197 5550; x_wconf 87' lang='lat' dir='ltr'><strong>sunt.</strong></span> 
     </span>
    </p>
   </div>
  </div>
