3886 6224
27 150 120 209 :a
656 162 659 165 ·
1225 165 1621 236 russaunus

1721 162 1835 220 iAI’.
1880 160 2059 219 XCIX.

1662 278 1711 336 Α
1737 288 1854 335 rum
1894 273 2105 326 nomine
2130 272 2289 326 etiam
2313 284 2588 342 caprarum
2619 286 2781 342 pecus
2816 275 3128 345 complexus
3163 287 3280 341 est;

617 269 851 334 CAPUT
870 272 1074 328 XCVII.

28 418 222 457 rrum
264 406 516 481 secando
541 404 698 461 Jacob
722 409 939 479 lapidem
960 412 1069 465 oleo
1093 415 1371 481 perfuderit
1395 458 1408 473 .
1442 432 1507 467 on
1551 432 1629 468 se-

206 473 414 527 cundo
434 473 872 532 commentor-cium
893 490 963 533 est
987 498 1005 545 ;
1031 473 1284 536 excedent
1312 484 1461 535 libro.

72 582 395 636 Ascendit
433 595 608 640 autem
651 588 787 642 Deus
815 590 881 642 ab
905 604 968 643 eo
1011 590 1129 645 loco
1171 592 1256 647 ubi
1304 593 1509 648 locutus
1548 605 1629 650 est

27 686 144 724 um
180 685 291 738 eo,
329 680 395 728 et
422 673 603 729 statui’t
628 677 792 731 Iacob
820 679 1024 733 titulum
1053 682 1103 733 in
1134 682 1248 736 loco
1278 683 1328 736 in
1353 699 1458 751 quo
1486 684 1630 737 locu-

28 776 112 815 tas
169 774 268 817 est
305 778 440 819 cum
470 781 534 820 eo
556 805 574 832 ,
607 768 812 822 titulum
862 772 1121 839 lapideum
1160 783 1212 827 et
1242 776 1438 841 libavit,
1470 791 1629 844 super

27 864 148 903 iam
182 850 446 907 libamen
477 864 531 909 et
566 854 752 911 infudit
779 872 938 924 super
968 860 1110 912 illum
1144 860 1310 931 [eum]
1341 863 1544 930 oleum,
1570 873 1628 917 et

34 933 261 995 ocavit
296 942 475 998 Jacob
500 960 688 1000 nomen
716 947 817 1000 loci
845 947 896 1001 in
919 964 1024 1016 quo
1067 950 1271 1004 locutus
1295 960 1377 1005 est
1405 968 1524 1005 eum
1563 968 1628 1007 eo

28 1031 142 1084 ilic
180 1031 345 1086 Deus
380 1071 396 1096 ,
444 1033 648 1089 Bethel.
681 1037 874 1091 Iterum
907 1038 1097 1093 factum
1122 1051 1204 1095 est
1228 1040 1329 1096 hoc
1345 1024 1463 1096 loco
1489 1043 1627 1111 quod

27 1131 247 1174 actum
287 1120 473 1176 fuerat
496 1162 511 1187 ,
553 1137 618 1177 an
662 1125 850 1179 iterum
881 1140 1347 1183 commemoratum
1373 1114 1494 1184 est?
1521 1132 1627 1187 Sed

27 1211 340 1279 juodlibet
392 1213 578 1266 horum
618 1212 728 1279 sit,
765 1229 923 1282 super
966 1216 1189 1284 lapidem
1219 1218 1583 1274 libavitJacob
1608 1262 1624 1287 ,

28 1315 148 1354 non
210 1300 390 1368 lapidi
441 1301 641 1358 libavit.
674 1303 787 1357 Non
819 1319 944 1372 ergo
972 1306 1105 1360 sicut
1134 1307 1426 1362 idololatrae
1454 1311 1627 1365 solent

27 1403 171 1443 Irae
221 1398 364 1444 ante
410 1389 609 1458 lapides
644 1393 990 1461 constituere,
1032 1404 1086 1450 et
1129 1405 1373 1467 tanquam
1417 1400 1517 1454 diis
1561 1400 1628 1454 li-

27 1490 177 1535 aare
209 1479 513 1549 lapidibus.

610 1609 833 1666 CAPUT
864 1612 1089 1669 XCVIII.

27 1706 409 1798 quaestionem
456 1718 587 1798 quod
629 1720 892 1798 duodecim
932 1724 1029 1791 ﬁlii
1066 1724 1223 1779 Jacob
1278 1740 1625 1798 computentur

116 1786 361 1871 nondnrn
376 1797 503 1871 nato.
516 1785 800 1871 Beniamin,
815 1785 957 1844 solvit
982 1810 1083 1871 per;
1093 1803 1285 1865 tropum
1302 1785 1619 1871 συέεκδοχή

117 1868 190 1905 ex
216 1854 406 1906 eodem
446 1855 573 1907 libro
596 1854 940 1922 Quaestionum
960 1854 1021 1915 de
1042 1854 1242 1918 Genesi.

119 1963 284 2029 Quod
329 1964 605 2019 duodecim
629 1968 746 2024 .ﬁlii
794 1981 1164 2038 computantur
1192 1975 1381 2043 Israel,
1409 1989 1463 2033 et
1495 1980 1625 2035 dici-

39 2062 176 2108 tur:
210 2053 275 2108 Ili
298 2063 425 2108 sunt
454 2050 543 2108 ﬁlii
569 2057 724 2112 Israel
754 2060 840 2127 qui
865 2063 970 2115 nati
992 2073 1114 2118 sunt
1144 2066 1195 2119 in
1225 2066 1619 2137 Mesopotamia,

51 2160 193 2197 cum
221 2144 502 2213 Beniamin
530 2147 680 2216 longe
703 2160 881 2218 postea
904 2164 1057 2208 natus
1080 2156 1299 2221 sit,cum
1319 2160 1424 2227 jam
1450 2170 1621 2217 trans~

41 2232 213 2287 iisset
263 2235 491 2317 Bethel,
535 2247 584 2291 et
613 2243 1059 2311 apprOpinquaret
1102 2245 1400 2313 Bethleem,
1451 2266 1621 2320 expo-

47 2324 213 2379 sitio.
267 2324 422 2379 Nuila
473 2339 552 2381 est
586 2331 805 2386 .I’aeilior
852 2336 1046 2391 solutio
1092 2341 1433 2404 quaestimiis.
1465 2344 1617 2413 hujus

48 2428 218 2483 quam
270 2424 329 2468 ut
360 2430 455 2485 per
493 2420 806 2497 συνεκδοχὴν
844 2422 1149 2492 accipiatur.
1182 2428 1280 2482 Ubi
1314 2432 1452 2485 enim
1504 2447 1621 2499 pars

53 2502 239 2572 major
261 2515 344 2558 est
386 2514 475 2559 aut
504 2510 674 2574 potior
695 2549 712 2575 ,
743 2512 877 2565 solet
918 2514 1031 2581 ejus
1062 2518 1275 2573 nomine
1316 2519 1468 2574 etiam
1496 2521 1621 2576 illud

58 2593 455 2659 comprehendi
480 2597 615 2663 quod
646 2598 709 2651 ad
734 2600 904 2667 ipsum
932 2616 1120 2657 nomen
1149 2620 1251 2659 non
1283 2607 1528 2675 pertinet,
1557 2612 1623 2664 si-

66 2693 161 2736 cut
189 2683 256 2736 ad
283 2683 559 2738 duodecim
590 2691 859 2753 apostolos
883 2692 989 2759 jam
1022 2710 1127 2749 non
1153 2698 1442 2765 pertinebat
1462 2699 1622 2755 Judas

68 2774 162 2841 qui
203 2776 361 2826 etiam
401 2786 636 2856 mortuus
683 2779 781 2837 fuit.
820 2796 937 2835 cum
982 2785 1233 2856 Dominus
1275 2791 1558 2844 resurrexit
1591 2808 1619 2843 a

66 2864 293 2917 mortuis
316 2874 424 2926 γει
450 2855 622 2920 tamen
651 2868 815 2935 ipsius
854 2855 1160 2928 duodenarii
1191 2880 1393 2932 numeri
1429 2894 1620 2933 nomen

3174 167 3282 224 710

1727 362 1806 415 sic
1834 362 1954 429 quia
1987 363 2159 430 potior
2177 373 2289 416 erat
2320 378 2569 417 numerus
2595 364 3086 428 undecimjlliorutn
3114 365 3281 422 iaeob

1727 452 1815 519 qui
1849 452 1955 504 nati
1988 454 2193 506 fuerant
2225 453 2276 506 in
2321 454 2697 523 Mesopotamia
2724 497 2740 522 ,
2785 471 3020 526 ipsorum
3048 470 3280 512 mmine-

1729 545 2020 597 moratione
2064 543 2337 611 Scriptura
2375 547 2649 613 complexa
2692 557 2774 601 est
2817 550 2974 602 etiam
3004 547 3279 618 Benjatnin

1726 639 1812 703 qui
1837 652 1939 689 non
1970 647 2084 690 erat
2108 638 2179 690 ibi
2201 648 2355 691 natus
2383 648 2433 693 et
2474 641 2672 696 dictum
2694 648 2810 695 est:
2834 640 2898 695 Hi
2928 650 3051 695 sunt
3076 642 3168 698 ﬁlii
3188 641 3269 697 Ja-
3302 710 3305 713 Α

1726 727 1825 778 eob
1847 726 1933 794 qui
1957 725 2077 782 facti
2103 736 2224 781 sunt
2252 727 2298 781 ei
2323 728 2372 781 in
2394 728 2765 798 Mesopotamia
2797 729 2986 800 Syriae.
3249 724 3257 729 ’

2273 879 2495 934 CAPUT
2532 879 2712 936 XCIX.

1731 984 1913 1039 Utrum
1938 1002 1987 1039 m
2016 989 2269 1052 infernum
2296 992 2418 1042 moli
2447 1000 2657 1055 tantum,
2688 1009 2753 1045 an
2775 995 2924 1046 etiam
2944 995 3064 1047 barri
3091 998 3276 1051 mortui

1968 1059 2266 1111 descendere
2290 1063 2521 1124 soleant;
2552 1063 2821 1127 emendem
2863 1064 3012 1119 libro.
3073 1100 3078 1111 ι
3269 1077 3273 1080 ’

1758 1168 1766 1181 '
1798 1167 1863 1222 Et
1902 1169 2068 1221 noluit
2095 1170 2354 1222 consolari
2394 1171 2572 1224 dicens
2605 1188 2619 1224 :
2659 1172 2915 1237 Quoniam
2958 1174 3272 1229 descendam

1718 1256 1791 1313 ad
1817 1258 1980 1310 ﬁlium
2006 1273 2178 1312 meum
2209 1260 2388 1328 lugens
2406 1260 2457 1312 in
2486 1250 2764 1314 infernum.
2788 1262 2933 1316 Solet
2948 1277 3065 1318 esse
3086 1279 3273 1333 magna

1728 1348 1949 1415 quteslio
1984 1349 2247 1417 quomodo
2272 1350 2598 1419 intelligatur
2642 1350 2907 1417 infernus,
2951 1360 3124 1406 utrum
3167 1354 3274 1409 illic

1729 1438 1849 1490 mali
1880 1446 2110 1503 tantum,
2152 1454 2219 1491 an
2246 1440 2405 1492 etiam
2436 1441 2554 1492 boni
2604 1433 2792 1493 mortui
2839 1440 3099 1496 descende
3129 1457 3159 1496 e
3186 1457 3273 1496 so-

1732 1526 1892 1581 leant.
1926 1528 1980 1581 Si
2003 1543 2129 1594 ergo
2158 1537 2356 1581 tantum
2386 1529 2561 1598 aliquo
2590 1530 2747 1583 modo
2774 1531 2871 1585 iste
2900 1530 3045 1602 [mali
3070 1541 3268 1585 tantum

1656 1616 1701 1674 Β
1727 1618 1990 1682 quomodo
2018 1617 2136 1687 iste]
2165 1618 2228 1672 ad
2253 1618 2416 1672 tilium
2440 1634 2589 1673 suum
2612 1635 2671 1674 se
2693 1621 2817 1674 dii-it
2842 1622 2975 1675 velle
3008 1621 3268 1690 lugentem

1726 1706 2071 1769 descendere;
2117 1721 2218 1760 non
2250 1710 2388 1761 enim
2435 1708 2485 1761 in
2528 1710 2694 1777 poenis
2726 1710 2942 1765 infernis
2977 1727 3097 1765 eum
3150 1727 3270 1766 esse

1725 1795 1913 1848 credit.
1940 1798 2018 1847 An
2043 1796 2329 1863 perturbati
2356 1805 2409 1851 et
2434 1798 2659 1851 dolentis
2681 1801 2834 1853 verba
2865 1810 2986 1855 sunt
3013 1807 3157 1855 mala
3174 1816 3266 1856 sua

1724 1884 1881 1936 etiam
1928 1882 2331 1952 exaggerantisi
2351 1914 2414 1926 —-
2448 1888 2519 1940 De
2546 1890 2726 1941 eadem
2754 1902 2831 1942 re.
2861 1918 2931 1929 ....
2957 1891 3017 1943 Et
3041 1891 3268 1945 descen-
3304 1898 3305 1903 ‘

1725 1970 1916 2025 derunt
1942 1972 2039 2039 ipsi
2064 1980 2118 2026 et
2140 1974 2315 2026 omnia
2337 1988 2660 2043 quaecunque
2689 1987 2810 2031 sunt
2834 1983 2911 2031 eis
2940 1980 3177 2034 viventes
3200 1982 3267 2037 ad

1726 2060 1938 2120 inferos.
1973 2060 2266 2117 Notandum
2312 2066 2597 2119 secundum
2627 2068 2796 2121 locum
2838 2078 2991 2122 terra:
3028 2084 3167 2125 nunc
3189 2074 3267 2125 ill-

1722 2159 1837 2205 ctus
1865 2164 1981 2206 esse
2010 2153 2227 2217 inferos,
2261 2153 2360 2208 hoc.
2389 2165 2487 2219 est,
2522 2156 2573 2209 in
2592 2154 2941 2211 inferioribus
2972 2170 3122 2213 terra:
3150 2174 3267 2228 par-

1727 2242 1881 2298 tibus.
1930 2240 2083 2297 Varic
2123 2244 2313 2311 quippe
2356 2243 2407 2297 in
2451 2244 2734 2314 Seripturis
2766 2257 2817 2301 et
2861 2250 2957 2302 Silb
3000 2250 3265 2305 intellectu

1726 2332 2020 2398 multiplici,
2056 2334 2189 2387 sicut
2229 2350 2400 2388 rerum
2424 2336 2490 2389 de
2521 2328 2709 2403 quibus
2748 2338 2916 2405 agitur
2944 2352 3127 2394 sensus
3153 2341 3265 2394 exi-

1716 2421 1815 2490 git,
1845 2435 2030 2476 nomen
2058 2424 2267 2485 ponitur
2288 2423 2601 2487 inferorum,
2636 2436 2687 2479 et
2714 2428 2944 2481 maxime
2970 2424 3265 2504 in'mortuis

1722 2512 1824 2565 hoc
1848 2512 2014 2579 accipi
2041 2512 2195 2566 solet.
2222 2511 2325 2567 Sed
2370 2515 2613 2581 quoniam
2641 2516 2769 2569 istos
2804 2517 3036 2571 viventes
3064 2518 3262 2572 dictum

1722 2611 1801 2654 est
1826 2602 1891 2653 ad
1938 2600 2131 2656 inferos
2167 2602 2524 2668 descendisse,
2550 2612 2607 2657 et
2644 2604 2753 2671 ipsa
2801 2606 3101 2661 narratione
3140 2609 3264 2676 quid

1721 2689 1911 2743 factum
1944 2690 2099 2744 fuerit
2136 2693 2263 2759 satis
2290 2701 2529 2760 apparet.
2563 2686 2891 2747 Manifestum
2917 2705 3014 2761 est,
3049 2706 3103 2749 ut
3131 2696 3261 2761 dixi,

1720 2779 1997 2833 inferiores
2024 2790 2174 2834 terra
2203 2790 2376 2848 partes
2405 2781 2689 2835 inferorum
2713 2783 2967 2837 vocabulo
2996 2786 3263 2852 nitncupa-

1722 2878 1821 2931 tas,
1855 2870 1907 2921 in
1935 2871 2326 2937 comparatione
2356 2871 2510 2940 hujus
2539 2864 2826 2940 superioris
2852 2882 3005 2927 terra:
3032 2876 3082 2927 in
3113 2877 3262 2942 cujus

69 2954 353 3021 Apostolus
392 2954 443 3007 in
484 2954 715 3023 Epistula
738 2973 831 3012 sua
866 2963 1031 3015 tenuit
1055 3002 1068 3020 .
1103 2963 1187 3017 ubi
1218 2966 1430 3019 aiteum
1460 2982 1621 3036 appa-
1646 2967 1691 3027 ς
1722 2958 2090 3037 iacievivitur,
2123 2960 2256 3013 sicut
2289 2961 2340 3014 in
2370 2961 2759 3029 comparatione
2796 2963 2916 3017 εαξη
2953 2964 3260 3037 superioris,

72 3043 238 3096 ruisse
268 3044 371 3097 illis
397 3043 695 3102 duodecim.
718 3047 847 3102 Cum
876 3052 1098 3106 articulo
1127 3054 1266 3107 enint
1316 3056 1416 3111 hoc
1450 3059 1622 3112 Graeci

74 3134 283 3187 codices
329 3134 519 3188 habent
557 3146 610 3189 ut
661 3154 763 3191 non
811 3142 1008 3207 possint
1054 3142 1275 3212 intelligi
1326 3146 1623 3214 quicunque

77 3222 386 3289 duodecim,
428 3225 518 3279 sed
554 3227 629 3279 illi
662 3228 713 3281 in
738 3244 800 3282 eo
833 3214 1051 3285 numero
1081 3234 1331 3302 insignes.
1366 3236 1439 3288 Eo
1468 3237 1621 3290 modo

78 3310 353 3366 locutionis
397 3324 519 3381 puto
566 3326 619 3370 et
664 3318 785 3370 iIlud
827 3336 855 3373 a
911 3321 1129 3375 Domino
1178 3325 1408 3378 dictum:
1440 3326 1624 3381 Nonne

81 3416 176 3469 ego
202 3414 293 3456 vos
319 3402 591 3457 duodecim
633 3408 764 3475 elegi
788 3449 801 3471 ,
854 3418 906 3463 et
936 3425 1073 3464 unus
1112 3428 1174 3467 ex
1203 3414 1353 3467 vobis
1381 3414 1621 3469 diabolus

82 3490 193 3543 est?
232 3498 286 3543 ut
326 3504 428 3544 non
457 3493 521 3544 ad
550 3494 857 3549 electionem
889 3501 1046 3552 etiam
1094 3501 1213 3569 ipse
1250 3504 1517 3571 pertinere
1547 3507 1623 3559 vi-

84 3576 280 3632 deatur.
326 3580 435 3634 Non
460 3583 598 3636 enim
629 3583 783 3641 lbeile
808 3589 1073 3643 invenitur
1096 3592 1384 3648 electurum
1431 3610 1619 3651 nomen

86 3668 134 3721 in
156 3668 307 3747 malo,
340 3672 435 3724 nisi
457 3674 663 3753 quando
694 3677 811 3729 mali
837 3678 1103 3748 eliguntur
1129 3696 1155 3735 a
1185 3684 1339 3737 malis
1366 3701 1380 3749 ;
1409 3688 1547 3753 quod
1576 3688 1624 3742 si

90 3765 428 3823 putaverimus
449 3772 505 3817 et
526 3747 653 3819 illud
686 3768 930 3835 electum,
956 3780 1010 3822 ut
1037 3786 1129 3839 per
1149 3773 1264 3840 ejus
1292 3747 1619 3832 traditionem

90 3849 279 3903 Domini
304 3853 474 3921 passio
496 3844 880 3924 compleretur,
914 3861 963 3913 id
994 3874 1074 3915 est
1096 3864 1206 3931 63
1236 3866 1485 3918 malitiam
1507 3867 1622 3935 ejus

91 3940 147 3994 ad
176 3942 358 4013 aliquid
384 3945 639 4010 electam,
672 3948 804 4002 bene
848 3960 1025 4005 utente
1069 3953 1178 4005 Deo
1226 3955 1381 4007 etiam
1433 3958 1617 4023 malis,

93 4030 218 4097 aliud
239 4034 559 4087 attendamus
580 4036 663 4089 ubi
687 4038 791 4091 ait:
818 4039 926 4091 Non
950 4041 1015 4094 de
1040 4044 1282 4097 omnibus
1307 4046 1454 4098 vobis
1476 4047 1615 4129 dico,

95 4135 184 4188 ego
225 4124 328 4177 seio
365 4139 496 4192 quos
515 4127 667 4194 elegi,
695 4128 779 4181 ubi
810 4129 1043 4183 declarat
1066 4132 1129 4185 ad
1164 4134 1471 4187 electionem
1517 4124 1619 4188 non

96 4201 333 4277 pertinere
365 4216 461 4268 nisi
490 4216 653 4270 bonos
679 4260 694 4284 ,
736 4234 797 4272 ac
827 4236 920 4287 per
956 4221 1055 4275 huc
1098 4223 1223 4275 illud
1252 4225 1392 4291 quod
1422 4225 1615 4278 dietunt

1721 3049 1809 3101 ubi
1849 3034 2149 3102 sanctorum
2184 3049 2479 3103 demoratio
2501 3059 2581 3103 est
2604 3051 2941 3118 angelorum,
2985 3034 3274 3120 peccantes

1721 3138 1937 3204 angelos
1966 3137 2016 3190 in
2045 3138 2199 3205 hujus
2221 3139 2358 3192 aeris
2383 3139 2627 3193 detrusus
2653 3140 2873 3209 caligine
2894 3141 3157 3215 Scriptura
3182 3144 3263 3195 di-
3344 3212 3345 3215 η

1722 3227 1792 3280 cit
1822 3237 2066 3295 tanquam
2107 3228 2404 3281 carceribus
2452 3230 2603 3283 inferi
2651 3214 2941 3297 puniendos
2980 3234 3259 3286 reservari.

1721 3315 1774 3369 δι
1798 3316 2121 3378 θηίῐηῡθιιε,
2150 3317 2337 3383 inquit,
2366 3318 2564 3385 angelis
2589 3320 2925 3385 peccantibus
2951 3335 3051 3373 non
3084 3335 3261 3389 pepor~
3314 3372 3317 3375 .

1722 3406 1811 3467 cit,
1843 3405 1934 3458 sed
1955 3406 2254 3459 carceribus
2275 3406 2513 3471 caliginis
2543 3406 2692 3459 interi
2718 3409 3013 3473 retrudens,
3048 3410 3262 3462 tradidit
3296 3444 3299 3451 ι

1721 3494 1774 3545 in
1801 3492 2309 3561 jpdiciojpuniendos
2327 3496 2612 3561 reservari,
2636 3509 2754 3548 eum
2777 3498 3045 3563 apo-talus
3075 3498 3262 3553 Paulus

1721 3583 2011 3652 principem
2039 3585 2313 3651 potestatis
2341 3586 2476 3637 aeris
2509 3584 2775 3639 diabolum
2804 3587 2941 3640 dicat
2968 3588 3052 3655 qui
3076 3603 3260 3655 opera-

1722 3682 1807 3727 tur
1828 3675 1879 3726 in
1900 3675 2020 3727 (iliis
2047 3674 2369 3727 difﬁdentiae.
2400 3703 2465 3715 —
2487 3675 2559 3729 De
2576 3676 2757 3729 eadem
2789 3692 2864 3731 re.
2891 3707 2959 3717 —
2988 3679 3049 3731 Et
3076 3681 3261 3735 eruisti

1719 3765 1946 3817 animum
1988 3779 2159 3817 meam
2190 3759 2258 3817 ex
2292 3764 2495 3819 inferno
2545 3768 2800 3820 inferiori.
2829 3769 2963 3834 Quid
3003 3767 3259 3835 dicimus,

1718 3855 1929 3919 iratres,
1960 3856 2060 3907 hoc
2087 3854 2129 3906 si
2163 3869 2265 3906 non
2294 3854 2446 3906 vobis
2487 3864 2729 3922 tanquam
2760 3869 2934 3910 certus
2972 3872 3261 3929 exposuero

1723 3959 1813 3997 nes
1843 3943 2200 4005 uecenseotis:
2227 3944 2381 3996 homo
2409 3959 2525 3997 sum
2554 3946 2691 3997 enim
2715 3984 2730 4008 ,
2758 3957 2811 3999 et
2852 3948 3101 4014 quantum
3128 3964 3259 4003 eon-

1718 4036 1925 4087 ceditnr
1961 4034 2025 4087 de
2055 4034 2337 4102 Scripturis
2366 4037 2589 4101 sanctis,
2622 4044 2821 4090 tantum
2847 4040 3015 4093 audeo
3041 4041 3219 4095 dicere
3240 4086 3256 4109 ,

1721 4126 1846 4177 nihil
1878 4141 1939 4178 ex
1971 4140 2091 4178 me:
2119 4125 2375 4179 infernum
2404 4142 2498 4179 nec
2526 4140 2623 4194 ego
2657 4140 2902 4196 expertus
2926 4145 3040 4183 sum
3064 4133 3256 4199 adhuc,

1721 4229 1817 4266 nec
1849 4229 1961 4276 vos,
1994 4222 2047 4266 et
2078 4213 2316 4267 fortassis
2353 4216 2451 4266 alia
2480 4216 2559 4267 via
2589 4217 2691 4267 erit
2724 4226 2779 4270 et
2811 4232 2911 4269 non
2953 4232 3046 4283 per
3088 4220 3257 4273 infer-

96 4311 199 4365 εει,
226 4301 326 4370 Ego
345 4318 435 4357 vos
459 4304 733 4360 duodecim
764 4308 895 4375 elegi
921 4349 937 4373 ,
986 4324 1078 4377 per
1106 4313 1469 4379 synecdochen
1509 4314 1614 4366 die.
1644 4310 1693 4369 Β
1720 4320 1842 4356 num
1886 4306 2004 4367 erit,
2035 4303 2229 4357 incerta
2270 4315 2389 4356 sunt
2420 4304 2556 4358 haec.
2586 4305 2778 4359 Verum
2816 4307 2937 4373 quia
2963 4307 3093 4359 dicit
3119 4308 3258 4361 Scri~

100 4404 194 4447 tum
220 4405 325 4462 est,
349 4406 403 4449 ut
431 4398 643 4453 nomine
672 4401 885 4467 majoris
907 4402 1244 4468 melioristwe
1273 4404 1435 4470 partis
1457 4404 1613 4456 etiam

99 4484 210 4538 Illud
238 4488 662 4555 complecteretur
689 4492 826 4557 quod
854 4492 917 4544 ad
946 4493 1114 4557 ipsum
1146 4508 1333 4546 nomen
1361 4510 1461 4546 non
1497 4511 1615 4563 per-

104 4575 233 4628 tinet.
260 4574 349 4630 Iiic
388 4578 574 4631 modus
602 4589 681 4633 est
728 4579 780 4632 in
820 4580 919 4634 hoc
945 4582 1130 4635 eodem
1165 4583 1295 4636 libro
1315 4582 1492 4654 [loco],
1526 4584 1614 4638 ubi

104 4662 275 4718 Ilemor
316 4674 403 4734 pro
451 4667 560 4719 ﬁlio
589 4681 683 4720 suo
722 4667 930 4722 Sichem
963 4681 1018 4722 ut
1046 4670 1303 4737 acciperet
1334 4670 1518 4724 Dinam
1547 4672 1611 4723 Il-

102 4755 208 4809 liam
236 4756 383 4810 Jacob
404 4758 529 4824 exiit
550 4758 689 4825 loqui
714 4774 830 4811 cum
861 4753 1045 4813 eodem
1068 4760 1253 4823 Iacob,
1276 4771 1331 4815 et
1358 4771 1616 4815 venerunt

106 4849 240 4898 etiam
267 4847 347 4899 illii
375 4848 487 4914 ejus
513 4848 599 4916 qui
623 4849 869 4903 absentes
895 4858 1066 4915 erant,
1095 4859 1146 4905 et
1173 4850 1236 4903 ad
1263 4865 1446 4904 omnes
1483 4853 1613 4904 dicit

107 4935 306 4990 Hemor:
332 4937 536 4993 Sichem
572 4937 707 4992 ﬁlius
749 4953 900 5015 meus
937 4940 1094 5010 elegit
1131 4942 1305 4995 animo
1337 4942 1495 4994 tiliam
1527 4958 1615 4996 re-

106 5035 261 5091 stram,
286 5026 396 5080 date
431 5040 559 5095 ergo
589 5028 660 5081 illi
691 5042 805 5081 eam
830 5042 1047 5083 uxorem
1066 5069 1079 5081 .
1110 5029 1241 5097 Quia
1268 5033 1407 5085 enim
1442 5032 1613 5099 potior
1644 5048 1647 5049 '

107 5127 197 5168 erat
215 5116 359 5182 patris
386 5131 606 5186 persona
632 5156 646 5182 ,
680 5132 773 5186 per
799 5118 1167 5187 synecdochen
1200 5120 1356 5173 tiliam
1382 5129 1609 5173 vestram

109 5203 276 5271 dicens,
305 5206 452 5260 etiam
485 5205 672 5260 fratres
703 5206 879 5278 [filios]
908 5209 1075 5262 tenuit
1102 5209 1203 5263 hoc
1232 5211 1443 5263 nomine
1469 5210 1604 5277 quo-

111 5306 201 5344 rum
232 5307 319 5347 non
356 5305 467 5347 erat
508 5294 653 5360 lilia;
684 5295 805 5350 hinc
825 5306 905 5350 est
933 5307 986 5351 et
1027 5296 1189 5352 illud:
1213 5298 1376 5351 Curre
1400 5298 1462 5351 ad
1485 5312 1608 5351 oves
1657 5361 1667 5371 ‘

114 5393 148 5435 et
175 5386 325 5452 accipe
360 5386 483 5440 inde
524 5387 651 5441 mihi
679 5387 806 5443 duos
838 5389 1016 5445 haedos
1038 5430 1053 5455 ,
1085 5391 1239 5445 simul
1264 5393 1404 5446 enim
1440 5404 1611 5458 pasce-

113 5468 264 5527 bantur
289 5489 398 5530 ovcs
426 5484 479 5529 et
511 5475 646 5530 btedi
676 5516 689 5542 ,
717 5486 771 5532 et
791 5477 911 5548 quia
925 5479 1166 5550 potiores
1197 5490 1317 5535 sunt
1347 5494 1493 5543 oves,
1521 5493 1610 5533 ea-

1718 4406 1865 4461 ptura
1912 4396 1994 4447 cui
2051 4394 2337 4447 contradici
2390 4410 2491 4446 non
2540 4404 2754 4462 potest:
2791 4397 2980 4449 Eruisti
3028 4399 3256 4450 animam

1716 4501 1885 4539 meam
1906 4500 1977 4538 ex
2004 4486 2207 4538 inferno
2240 4486 2494 4549 inferiori,
2519 4485 2853 4555 intelligimus
2879 4499 3121 4552 tanquam
3152 4490 3258 4543 duo

1715 4576 1921 4629 inferna
1945 4589 2083 4640 esse,
2120 4577 2371 4642 superius
2394 4585 2452 4629 et
2482 4575 2715 4629 inferius.
2759 4576 2886 4630 Nam
2923 4577 3060 4631 unde
3100 4580 3256 4632 infer-

1719 4679 1839 4717 num
1868 4663 2108 4727 inferius,
2140 4664 2237 4715 nisi
2260 4663 2377 4730 quia
2414 4673 2497 4716 est
2526 4663 2780 4716 infernum
2804 4665 3086 4731 superius?
3109 4660 3255 4720 aliud

1717 4770 1819 4807 non
1862 4755 2123 4807 diceretur
2160 4740 2420 4807 infernum
2462 4754 2559 4807 nisi
2590 4741 2640 4807 it't
2686 4757 3077 4822 comparatione
3120 4758 3255 4811 ilus

1714 4844 2000 4910 superioris
2021 4843 2197 4912 partis.
2227 4844 2446 4897 Videtur
2466 4858 2612 4911 ergo,
2637 4842 2846 4908 fratres,~
2868 4860 2984 4898 esse
3002 4847 3254 4901 habitatio

1713 4935 1949 5002 qua-dam
1963 4933 2190 4987 celestis
2203 4935 2507 5002 angelorum
2524 4952 2540 4985 ς
2565 4935 2632 4987 ibi
2645 4936 2747 4987 vita
2772 4934 3107 4989 inell'abilium
3129 4952 3258 5005 μυ·-

1709 5026 1939 5091 diorum,
1967 5023 2035 5077 ibi
2056 5024 2439 5087 immortalitas,
2460 5032 2513 5076 et
2532 5025 2872 5092 incorrupto,
2889 5024 2958 5078 ibi
2977 5026 3150 5079 omnia
3167 5041 3254 5079 se-

1710 5113 1938 5167 cundum
1964 5112 2054 5165 Dei
2078 5112 2277 5166 donum
2303 5120 2355 5165 et
2380 5112 2601 5179 gratiam
2626 5115 3001 5180 permanentia,
3027 5116 3109 5167 illa
3128 5129 3253 5183 pars

1714 5218 1889 5255 rerum
1921 5216 2147 5269 superna
2165 5210 2264 5253 est.
2288 5200 2341 5253 Si
2364 5214 2487 5268 ergo
2514 5199 2601 5252 illa
2630 5215 2855 5266 superna
2877 5212 2976 5264 est,
3013 5203 3121 5257 haec
3144 5213 3247 5257 ter-

1712 5308 1837 5347 rena
1864 5293 1947 5345 ubi
1969 5306 2093 5345 caro
2114 5301 2167 5344 et
2189 5292 2419 5357 sanguis,
2447 5290 2534 5343 ubi
2555 5291 2985 5358 corruptibilitas,
3010 5292 3095 5344 ubi
3118 5293 3252 5345 nati-

1708 5387 1847 5437 vitas
1874 5393 1928 5436 et
1954 5384 2266 5445 mortalitas,
2296 5380 2386 5434 ubi
2412 5381 2652 5434 decessio
2676 5390 2829 5449 atque
2849 5382 3133 5448 successio,
3164 5382 3249 5437 ubi

1716 5472 2039 5529 mutabilitas
2066 5480 2121 5528 et
2150 5472 2521 5534 inconstantia.
2540 5471 2628 5525 ubi
2658 5472 2891 5538 timores,
2920 5472 3245 5541 cupiditates,
