3886 6224
584 222 678 274 ’ἲΗ

1625 227 1683 276 D.
1716 221 2029 276 EUGYI'PII
2073 221 2354 273 ADDATIS
2381 219 2718 304 AFltICANI.
3729 213 3814 270 2ιὲ

555 397 559 402 η
584 339 862 399 horrores,
892 338 1091 389 lautitiae
1120 337 1365 403 incertae,
1397 346 1519 398 spes
1551 331 1750 395 fragilis
1769 369 1782 390 ,
1812 330 2008 380 caduca
2033 329 2161 380 suh-
2187 333 2232 388 Α
2262 329 2448 382 Nescio
2469 331 2587 397 quis
2619 330 2816 383 liabcns
2844 343 3054 383 wusnm
3077 329 3352 383 molestam
3386 328 3694 382 mittendus
3721 341 3815 379 ent

581 425 796 473 stantia.
832 424 961 475 Puto
980 425 1098 490 quia
1121 423 1290 472 omnis
1314 421 1408 470 ista
1440 432 1561 485 pars
1591 433 1692 468 nou
1724 427 1896 482 potest
1921 432 2136 482 compa-

593 510 694 561 rari
715 509 786 560 illi
815 511 970 569 crelo,
995 509 1060 558 de
1083 521 1186 572 quo
1211 506 1467 571 loquebar
1492 506 1646 571 paulo
1669 515 1812 558 ante.
1837 506 1889 558 Si
1912 521 2039 571 ergo
2064 507 2138 557 illi

591 597 722 662 parti
746 600 855 648 hmc
887 610 1004 662 pars
1027 609 1128 645 non
1158 602 1515 660 comparatur,
1541 595 1625 645 illa
1651 609 1875 660 superna
1897 605 2000 655 est,
2029 595 2141 645 hmc

591 685 813 746 inferna,
841 692 894 735 et
922 689 1041 749 post
1068 692 1293 735 mortem
1323 698 1426 748 quo
1459 684 1581 735 hinc
1624 682 1720 734 nisi
1765 683 1834 734 sit
1876 682 2140 734 iufernmn

589 771 803 824 inferius
834 777 929 823 hoc
962 771 1187 834 inferno,
1219 773 1271 823 in
1297 787 1400 839 quo
1440 784 1619 823 sumus
1655 771 1705 820 in
1747 783 1906 822 carne
1938 779 1991 822 et
2043 771 2142 822 ista

587 861 926 924 mortalitate.
959 860 1162 927 Corpus
1190 861 1330 913 enim
1377 867 1642 911 mortuum
1670 869 1772 921 est,
1812 859 1888 910 ait
1917 862 2143 924 Aposto-

586 949 690 1011 lus,
723 957 936 1009 propter
976 960 1267 1015 peccaturo.
1298 950 1432 1014 Ergo
1460 956 1512 998 et
1554 947 1636 999 hic
1675 955 1795 998 sunt
1829 947 2059 1020 mortui,
2087 951 2159 999 ut’

568 1057 693 1106 quon
720 1042 927 1093 mireris
949 1043 1069 1108 quia
1092 1042 1348 1093 infernum
1374 1038 1566 1090 dicitur
1581 1038 1624 1090 si
1646 1039 1865 1091 mortuis
1888 1039 2140 1091 abundat.

2249 418 2300 467 in
2332 433 2622 478 carcerem,
2647 420 2965 481 vcnitalius,
2989 418 3223 472 defendit
3244 435 3395 481 cum;
3427 420 3641 486 gratias
3674 433 3812 481 ager,

2239 507 2364 573 quid
2384 507 2544 558 dicit?
2568 508 2761 560 Eruiin
2787 507 3018 559 animam
3042 513 3210 561 nteam
3235 507 3302 559 de
3324 520 3566 559 carcere.
3588 504 3814 568 Sospes.

2241 600 2450 652 dendus
2482 608 2597 651 erat
2624 601 2852 666 debitor,
2879 601 3106 652 solutum
3133 609 3212 652 est
3229 614 3327 666 pro
3355 614 3443 663 eo,
3468 599 3740 651 liberatus
3763 605 3814 644 e-

2242 690 2379 741 citnr
2398 689 2464 740 de
2486 688 2793 753 suspendio.
2816 690 2868 740 In
2895 686 2975 740 his
2991 690 3236 741 omnibus
3256 703 3360 740 non
3385 698 3563 750 erant,
3585 686 3688 738 sed
3713 701 3814 752 qs

2243 777 2439 828 tilibus
2471 778 2676 829 meritis
2704 779 3017 843 agebantur,
3059 787 3116 829 ut
3147 778 3246 829 nisi
3285 777 3617 830 subventum
3659 786 3816 832 esset.
3868 777 3869 834 ἦ

2244 866 2314 920 ibi
2344 877 2542 921 essent.
2578 868 2702 921 Inde
2725 876 2870 921 recte
2900 868 3148 922 dicuntur
3176 868 3384 921 liberati
3418 884 3522 934 quo
3550 882 3658 934 per
3709 868 3818 917 libo
3868 866 3869 914 Ὺ

2255 965 2460 1008 ratores
2489 970 2613 1008 suos
2645 973 2748 1008 non
2797 968 2920 1009 sunt
2960 957 3199 1023 permissi
3233 957 3469 1025 perduci.
3499 956 3677 1022 Ergo,
3725 955 3816 1005 fr:-

2248 1053 2380 1102 tres.
2425 1045 2544 1095 'sive
2593 1045 2742 1107 illud,
2771 1045 2882 1098 sive
2924 1044 3051 1097 illud
3093 1045 3179 1106 sit,
3211 1045 3294 1097 hic
3341 1060 3426 1097 me
3466 1055 3816 1097 seruatorem
3868 1047 3869 1100 ξ

590 1130 701 1181 Non
730 1133 868 1181 enim
900 1131 976 1182 ait
1009 1148 1020 1181 :
1053 1141 1241 1196 corpus
1285 1127 1595 1206 moriturum
1622 1136 1738 1191 est,
1773 1127 1864 1181 sed
1895 1144 1909 1180 :
1950 1142 2146 1195 corpus

597 1233 860 1274 mortuum
894 1231 998 1290 est,
1028 1222 1215 1273 Adhuc
1243 1219 1399 1271 habet
1428 1219 1588 1290 vitam
1617 1224 1794 1287 utique
1832 1235 2024 1287 corpus
2053 1236 2148 1272 no-

593 1324 758 1366 strum
789 1325 839 1368 et
881 1327 1050 1366 tamen
1082 1313 1688 1382 comparatumcorpori
1719 1312 1792 1364 illi
1822 1309 1966 1380 quod
2010 1308 2148 1361 futu-
2229 1339 2232 1341 λ

2247 1130 2394 1184 verbi
2432 1132 2556 1196 Dei,
2591 1149 2693 1184 non
2733 1134 3070 1186 temerarium
3119 1132 3503 1185 aflirmzitorem
3553 1139 3814 1206 teneatis.

2249 1220 2512 1275 Eteruisti
2541 1222 2771 1275 animam
2805 1217 2974 1275 meam
3001 1237 3064 1276 ex
3094 1221 3302 1275 inferno
3327 1221 3610 1276 inferiore.

593 1418 706 1454 rum
737 1411 836 1468 est,
888 1403 1059 1466 qualia
1089 1412 1209 1454 sunt
1238 1401 1546 1470 angelorum
1590 1413 1838 1466 corpora,
1886 1397 2149 1450 invenitur

594 1505 784 1558 corpus
834 1491 1062 1543 hominis
1113 1499 1399 1555 mortuum,
1447 1489 1685 1558 quamvis
1733 1487 1904 1540 adhuc
1950 1487 2150 1542 habens

593 1569 844 1644 animam,
877 1580 971 1633 sed
1001 1595 1181 1632 rursus
1217 1580 1281 1632 ab
1321 1581 1420 1632 hoc
1462 1577 1692 1642 inferno,
1732 1576 1783 1629 id
1813 1584 1897 1629 est
1942 1574 2020 1653 ab
2050 1574 2149 1626 bac

2858 1369 3082 1425 CAPUT
3121 1370 3183 1426 C.

2248 1477 2356 1547 64
2383 1477 2533 1543 Quod
2562 1479 2613 1529 in
2638 1476 2816 1530 Genesi
2845 1480 2989 1531 tertio
3014 1480 3302 1531 insinuatur
3329 1478 3555 1545 Spiritus
3590 1493 3810 1536 sea-rm.
3868 1503 3869 1506 η

2353 1546 2356 1549 ’
2465 1562 2526 1600 ως
2555 1549 2726 1601 eodem
2761 1547 2884 1600 libro
2910 1550 3255 1613 Quwstionuiu
3287 1550 3338 1600 in
3370 1550 3579 1600 Genesi.

596 1681 744 1738 parte
772 1671 994 1732 interni,
1027 1682 1106 1723 est
1151 1669 1290 1722 aliud
1335 1668 1551 1723 inferius
1581 1682 1684 1736 quo
1724 1673 1880 1720 erunt
1930 1664 2146 1726 mortui,
2181 1673 2228 1731 Β
2323 1677 2565 1746 Nunquid
2617 1679 2917 1733 invenimus
2965 1680 3234 1734 hominem
3288 1681 3442 1733 me",
3484 1681 3574 1747 qui
3640 1680 3814 1731 tu,pr

593 1764 736 1816 unde
764 1763 926 1816 voluit
958 1763 1093 1815 Deus
1132 1777 1320 1815 emere
1351 1761 1552 1813 animas
1583 1768 1804 1820 nostras,
1836 1758 1992 1809 etiam
2026 1754 2152 1807 illuc

597 1857 852 1910 mittendo
884 1855 1065 1908 Filium
1093 1869 1265 1906 suum.
1306 1851 1535 1913 Etenim,
1569 1851 1777 1912 fratres,
1805 1857 2022 1917 prOpter
2053 1847 2152 1898 ista

595 1933 699 2000 duo
725 1946 925 2000 inferna
971 1947 1165 1998 missus
1193 1953 1271 1997 est
1305 1943 1469 1996 Filius
1502 1943 1591 1995 Dei
1638 1940 1873 2008 undique
1900 1939 2149 2002 liberans,

600 2036 658 2087 ad
693 2036 790 2088 hoc
837 2034 1102 2087 infernum
1147 2033 1337 2084 missus
1375 2042 1455 2084 est
1484 2029 1763 2094 nascendo,
1795 2027 2009 2092 ad'illud
2038 2041 2152 2080 mo-

597 2125 800 2179 riendo.
831 2125 1115 2193 Propterea
1149 2139 1244 2175 vox
1289 2121 1404 2189 ejus
1441 2131 1522 2174 est
1551 2123 1601 2173 in
1649 2121 1738 2174 illo
1779 2120 2003 2188 psalmo,
2048 2132 2154 2170 non

598 2229 860 2282 quoquam
910 2213 1121 2266 homine
1170 2212 1504 2277 conjicientc,
1539 2210 1631 2265 sed
1683 2210 1939 2276 Apostolo
1987 2223 2155 2276 expo-

600 2316 778 2368 nente,
809 2305 894 2356 ubi
926 2304 1032 2361 ait:
1080 2303 1340 2368 Quoniam
1388 2315 1490 2354 non
1539 2299 2153 2368 derelinquesanimam

603 2410 772 2448 meam
803 2396 854 2447 in
884 2393 1127 2451 inferno.
1162 2393 1299 2461 Ergo
1344 2400 1434 2445 aut
1488 2391 1652 2458 ipsius
1678 2407 1776 2443 vox
1820 2402 1901 2443 est
1940 2397 1996 2442 et
2023 2390 2109 2442 hic
2139 2406 2154 2441 :

601 2487 795 2540 Eruisti
831 2487 1059 2538 animam
1089 2499 1257 2538 meam
1286 2499 1353 2537 ex
1387 2482 1595 2535 inferno
1628 2481 1915 2535 inferiore:
1949 2489 2039 2534 aut
2065 2492 2160 2532 no—

601 2588 710 2629 stra
741 2590 843 2628 vox
891 2589 985 2641 per
1033 2573 1203 2641 ipsum
1247 2569 1514 2625 Christum
1565 2572 1842 2624 Dominum
1885 2580 2156 2630 nostrum,

603 2663 726 2732 quia
757 2664 875 2717 ideo
897 2664 983 2717 ille
1015 2663 1252 2731 pervenit
1275 2676 1439 2729 usque
1457 2661 1522 2716 ad
1550 2662 1836 2726 infernum,
1863 2677 1928 2716 ne
1950 2676 2047 2715 nos
2075 2676 2160 2714 re-

606 2767 938 2807 maneremus
964 2753 1014 2804 in
1057 2751 1282 2804 inferno.
1324 2750 1493 2803 Aliam
1537 2753 1696 2805 etiam
1745 2753 2046 2818 opinionem
2073 2749 2157 2803 di-
2225 2807 2234 2816 ,

605 2857 744 2904 eam,
787 2840 1024 2894 fortassis
1071 2841 1210 2894 enim
1258 2841 1396 2909 apud
1443 2841 1585 2909 ipsos
1632 2840 1829 2894 inferos
1864 2852 1946 2894 est
1988 2839 2162 2908 aliqua

605 2947 728 3000 pars
756 2931 990 2995 inferior,
1016 2946 1120 2997 quo
1147 2931 1425 3001 truduntur
1447 2921 1593 2999 impii
1619 2930 1704 2999 qui
1735 2931 2012 2998 plurimum
2045 2945 2162 2999 pec-

2254 1769 2497 1835 spiritnm
2537 1770 2626 1822 Dei
2659 1770 2710 1822 in
2743 1784 2821 1823 se.
2873 1771 3010 1824 Ecce
3040 1772 3152 1839 jam
3182 1770 3282 1828 nisi
3315 1772 3470 1824 fallor
3505 1772 3667 1825 tertio
3709 1775 3816 1822 ins-

2257 1871 2450 1910 nuatur
2480 1859 2632 1911 nobis
2683 1859 2733 1912 in
2767 1861 2866 1913 hoc
2897 1861 3031 1914 libro
3071 1861 3297 1926 Spiritus
3345 1874 3598 1923 sanctus,
3652 1862 3703 1912 id
3752 1877 3815 1912 ενιι

2256 1949 2473 2014 spiritus
2520 1948 2614 2000 Dei
2646 1965 2658 2001 :
2705 1950 2873 2017 primo
2909 1947 3091 2019 [enim]
3124 1950 3208 2002 ubi
3255 1951 3455 2002 dictum
3487 1960 3570 2002 est
3615 1951 3815 2016 spiritus

2256 2036 2348 2088 Dei
2380 2040 2538 2103 super
2561 2052 2759 2103 aquas;
2787 2038 3019 2092 secundo
3052 2040 3137 2093 ubi
3177 2040 3310 2092 dixit
3342 2040 3516 2094 Deus:
3553 2041 3672 2095 Non
3707 2054 3814 2106 per-

2231 2129 2495 2194 ,mauebit
2538 2128 2755 2196 spiritus
2807 2144 2962 2183 meus
3013 2130 3065 2182 in
3107 2130 3408 2184 horninibus
3450 2131 3566 2182 istis
3617 2142 3812 2194 propter

2259 2217 2399 2284 quod
2431 2231 2618 2270 carnes
2645 2227 2794 2283 sunt;
2819 2227 2872 2270 et
2899 2218 3052 2272 t'ertio
3095 2232 3236 2272 nunc
3271 2217 3412 2285 quod
3453 2218 3670 2270 Pharao
3706 2219 3815 2269 dicit

2259 2308 2326 2361 de
2360 2306 2556 2373 Juseph
2579 2347 2593 2368 ,
2627 2321 2748 2361 esse
2767 2307 3008 2376 spiritum
3030 2307 3123 2362 Dei
3151 2309 3204 2361 in
3229 2307 3351 2370 illo;
3384 2307 3619 2360 nondum
3652 2316 3812 2359 tamen

2263 2395 2482 2466 legimus
2513 2395 2765 2463 Spiritum
2791 2406 3052 2451 sanctum.

2869 2535 3091 2590 CAPUT
3128 2535 3215 2590 Cl.

2265 2642 2527 2712 Quomodo
2551 2644 2931 2712 intelligendum
2960 2646 3026 2698 sit
3055 2656 3124 2697 tot
3151 2647 3349 2700 animus
3376 2647 3558 2699 exiis“
3581 2648 3646 2696 de
3674 2645 3812 2711 [αω-

2296 2711 2436 2763 ribus
2455 2710 2611 2764 Iacob
2629 2728 2647 2765 :
2675 2710 2734 2765 ac
2762 2715 2822 2766 de
2847 2714 3175 2768 decima'ione
3204 2715 3359 2780 Levi;
3380 2732 3438 2768 ex
3451 2719 3628 2768 eodem
3647 2710 3785 2766 libro.

2333 2824 2484 2892 Quod
2506 2825 2632 2878 dicit
2665 2825 2938 2893 Scriptura
2978 2836 3057 2888 tot
3087 2827 3292 2880 animas
3320 2827 3589 2894 peperisse
3638 2825 3774 2878 Liant
3801 2865 3810 2882 ,

2263 2919 2348 2971 vel
2391 2926 2468 2970 tot
2496 2927 2586 2968 aut
2618 2925 2694 2969 tot
2733 2917 2936 2970 animas
2965 2918 3158 2970 exiisse
3201 2917 3267 2970 de
3310 2917 3600 2969 feruoribus
3641 2916 3810 2974 λείου,

607 3032 879 3086 caverunt,
900 3023 1094 3076 etenim
1118 3023 1254 3089 apud
1285 3016 1481 3076 inferos
1508 3033 1682 3079 utrum
1713 3023 1764 3076 in
1797 3024 1927 3076 locis
1953 3023 2157 3091 quibus-

2269 3008 2549 3062 videndum
2588 3017 2672 3062 est
2714 3007 2837 3076 quid
2882 3007 3005 3060 hinc
3047 3009 3431 3074 respondeatur
3469 3008 3549 3062 eis
3590 3006 3681 3073 qui
3729 3007 3812 3056 hoc

608 3115 730 3165 dam
757 3113 860 3180 iam
898 3113 1080 3166 fuisset
1116 3112 1380 3165 Abraham
1412 3128 1515 3166 non
1545 3114 1672 3165 satis
1717 3126 2000 3180 possumus
2026 3112 2162 3165 deti-

609 3205 742 3256 nire.
771 3203 1014 3256 Nondum
1055 3203 1195 3268 enim
1245 3203 1497 3256 Dominus
1537 3212 1750 3256 venerat
1784 3203 1846 3255 ad
1879 3203 2162 3268 infernum,

611 3302 667 3344 ut
714 3303 922 3345 erueret
962 3292 1086 3346 inde
1129 3291 1363 3344 omnium
1408 3301 1706 3344 sanctorum
1757 3292 2164 3358 prmcedcntium

611 3380 837 3444 animas,
869 3391 924 3436 et
965 3390 1136 3434 tamen
1185 3382 1446 3434 Abraham
1494 3381 1548 3434 in
1592 3382 1769 3450 requie
1814 3381 1883 3434 ibi
1933 3392 2064 3436 erat.
2101 3383 2166 3435 Et

609 3471 824 3539 quidam
847 3471 996 3524 dives
1028 3486 1144 3525 cum
1169 3480 1500 3534 torqueretur
1527 3471 1662 3536 apud
1695 3470 1909 3533 inferos,
1941 3486 2060 3525 cum
2090 3471 2165 3525 vi-

613 3563 761 3616 deret
789 3562 1081 3625 Abraham,
1118 3562 1311 3614 levavit
1357 3562 1558 3613 oculos.
1590 3561 1702 3613 Non
1734 3576 1851 3613 eum
1886 3570 2063 3628 posset
2091 3561 2164 3614 le-

615 3653 753 3706 vatis
779 3652 947 3705 oculis
975 3651 1172 3711 videre,
1204 3649 1303 3703 nFsi
1330 3659 1471 3703 esset
1507 3649 1594 3703 ille
1620 3651 1882 3716 superius,
1909 3651 1994 3703 ille
2025 3651 2162 3705 infe-

614 3744 756 3806 rius;
788 3753 839 3795 et
868 3741 992 3810 quid
1022 3742 1070 3794 ei
1116 3739 1388 3809 respondit
1434 3739 1732 3801 Abraham,
1765 3755 1884 3794 cum
1925 3741 2160 3794 diceret:

613 3834 770 3886 Pater
795 3832 1085 3897 Abraham,
1123 3833 1274 3884 mitte
1315 3831 1564 3884 Lazarum
1595 3841 1652 3884 ut
1689 3833 1910 3901 intingat
1939 3832 2163 3901 digitum

613 3936 765 3976 suum
790 3929 844 3974 et
867 3920 1031 3973 stillet
1056 3922 1104 3972 in
1131 3920 1355 3989 linguam
1387 3935 1554 3973 meam
1583 3921 1850 3987 quoniam,
1881 3922 2089 3975 crucior
2109 3922 2163 3974 in

611 4010 711 4064 hac
733 4011 974 4063 ﬂamma:
1012 4010 1129 4073 Fili,
1157 4010 1249 4069 ait,
1278 4019 1546 4063 memento
1572 4009 1691 4076 quia
1719 4012 1994 4078 percepisti
2027 4012 2177 4065 bona-

613 4101 666 4152 in
698 4099 800 4152 vita
832 4109 940 4164 tua,
967 4099 1194 4152 Lazarus
1217 4109 1391 4152 autem
1414 4101 1548 4151 mala
1573 4116 1587 4162 ;
1609 4115 1747 4152 nunc
1771 4109 1943 4154 autem
1974 4101 2058 4154 hic
2080 4117 2165 4155 re-

612 4192 945 4262 quiescit,ytu
973 4205 1103 4244 vero
1133 4191 1413 4258 torqueris.
1445 4191 1508 4242 Et
1541 4206 1700 4256 super
1733 4190 1846 4244 haec
1874 4193 1946 4243 ait
1978 4211 1988 4242 :
2024 4193 2165 4245 Inter

612 4297 708 4335 vos
728 4290 782 4336 et
812 4297 907 4337 nos
949 4281 1110 4335 chaos
1137 4279 1382 4349 magnum
1414 4281 1672 4332 firmatum
1703 4291 1806 4344 est,
1838 4289 1895 4334 ut
1924 4295 2020 4335 nec
2067 4297 2163 4335 nos

2269 3099 2573 3152 testimonio
2607 3098 2909 3151 conﬁrmari
2957 3092 3214 3162 nituntur,
3248 3114 3275 3152 a
3327 3097 3634 3166 parentibus
3676 3096 3809 3149 simul

2221 3246 2224 3248 .
2267 3191 2471 3244 animas
2498 3205 2617 3244 cum
2646 3191 2959 3257 corporibus
2995 3190 3308 3260 pr0pagari,
3340 3193 3545 3243 animas
3582 3189 3722 3243 enim
3742 3188 3808 3238 dio

2265 3293 2381 3338 ctas
2413 3299 2506 3352 pro
2536 3283 2838 3335 hominibus
2870 3277 2899 3334 a'
2928 3292 3075 3348 parte
3100 3292 3264 3337 totum
3306 3284 3636 3350 significante
3684 3283 3805 3332 locu-

2268 3376 2434 3439 tione,
2460 3375 2637 3427 nullus
2659 3373 2896 3441 ambigit.
2927 3373 3030 3427 Sed
3059 3367 3326 3440 quomodo
3347 3375 3510 3440 ipsam
3543 3383 3736 3441 parte
3757 3383 3806 3420 ex

2267 3480 2374 3534 quo
2402 3473 2568 3517 totum
2597 3470 3068 3515 commemoratum
3097 3471 3200 3523 est,
3234 3463 3332 3514 hoc
3361 3474 3442 3514 est
3467 3463 3694 3516 animam
3732 3473 3802 3508 ru-

2268 3554 2355 3621 jus
2377 3553 2590 3606 nomine
2616 3559 2756 3604 tutus
2787 3551 2945 3603 homo
2968 3549 3291 3618 signiﬁcatus
3313 3559 3412 3613 est,
3447 3549 3648 3602 alienus
3675 3548 3734 3598 ab
3754 3562 3803 3597 co

2267 3645 2406 3715 quod
2430 3644 2629 3698 dictum
2658 3651 2762 3707 est,
2796 3642 2944 3695 exire
2973 3642 3038 3695 de
3070 3641 3360 3695 femoribus
3383 3643 3517 3709 ejus,
3548 3652 3606 3693 ut
3639 3647 3801 3693 carnes

2269 3745 2470 3790 tantum
2501 3750 2564 3790 ex
2594 3735 2684 3788 illo
2712 3733 3147 3810 natasuquamvis
3177 3733 3304 3785 sola:
3331 3734 3518 3785 animae
3550 3731 3801 3784 nominen-

2269 3841 2352 3880 tur
2377 3827 2719 3894 accipiamus,
2747 3823 3016 3888 qumrendi
3047 3831 3169 3876 sunt
3199 3823 3524 3876 locutionum
3562 3810 3699 3874 modi
3735 3833 3805 3872 sc-

2267 3922 2492 3975 cundum
2518 3922 2842 3987 Scripturas.
3362 3974 3368 3980 λ

2337 4011 2586 4076 Quamvis
2608 4011 2804 4063 nullius
2833 4009 3065 4063 hominis
3103 4007 3274 4061 anima
3304 4006 3376 4058 sit
3413 4005 3464 4057 in
3495 4003 3684 4057 lumbis
3723 4016 3800 4066 pa-

2275 4101 2372 4152 tris
2399 4102 2505 4163 sui,
2531 4100 2825 4152 secundum
2852 4113 3087 4158 carnem,
3107 4108 3280 4150 tamen
3309 4096 3360 4146 in
3385 4094 3578 4147 lumbis
3606 4093 3797 4145 Mirans:

2268 4189 2614 4241 constitutum
2664 4188 2824 4250 Levi,
2875 4187 3219 4248 deciuiatnm,
3262 4194 3313 4235 et
3367 4184 3437 4236 ibi
3484 4183 3796 4235 constitutum

2270 4277 2556 4330 secundum
2582 4292 2794 4330 carnem
2819 4276 3088 4329 Christum
3118 4290 3221 4325 non
3247 4274 3589 4326 decimatnm.
3626 4271 3794 4324 Secun-

614 4375 874 4440 possimus
899 4373 1080 4425 venire
1104 4373 1167 4424 ad
1209 4388 1322 4431 vos,
1366 4387 1464 4425 nec
1492 4372 1613 4424 inde
1657 4372 1845 4439 aliquis
1886 4372 2068 4426 venire
2098 4373 2162 4426 ad
2188 4371 2239 4428 ῐ)
2269 4366 2390 4425 dum
2419 4368 2675 4418 rationem
2699 4367 2890 4433 quippe
2919 4365 3060 4417 illam
3096 4362 3399 4435 seminalem
3434 4362 3504 4414 ibi
3544 4359 3794 4414 fuiLLeH.

612 4475 726 4514 nos.
766 4462 902 4529 Ergo
925 4462 1062 4515 inter
1092 4463 1189 4513 ista
1217 4463 1438 4514 fortasse
1465 4462 1568 4514 duo
1595 4461 1796 4515 inferna
1815 4502 1828 4525 ,
1856 4477 2077 4529 quorum
2111 4465 2163 4516 in

613 4567 716 4602 uno
745 4553 1060 4620 quieverunt
1088 4551 1275 4603 animae
1308 4552 1590 4616 iustorum,
1622 4552 1670 4603 in
1700 4552 1868 4604 altero
1915 4561 2162 4618 torquem

612 4651 696 4691 tur
724 4642 910 4693 anima
953 4640 1253 4704 impiorum,
1299 4638 1577 4700 attendens
1612 4639 1823 4704 quidam
1855 4654 2016 4692 orans
2053 4639 2160 4706 hic,

610 4726 716 4796 jam
750 4728 834 4780 hic
871 4731 922 4780 in
944 4743 1167 4796 corpore
1203 4726 1398 4790 Christi
1428 4728 1651 4794 positus,
1679 4739 1731 4780 et
1758 4743 1916 4781 orans
1955 4730 2004 4780 in
2033 4744 2179 4794 voce,

609 4819 802 4871 Christi
849 4820 1048 4873 eruisse
1087 4819 1363 4872 Dominum
1403 4811 1630 4870 a'nimam
1662 4835 1808 4873 suam
1858 4821 1923 4873 ab
1959 4820 2163 4875 inferno

613 4907 882 4969 interiore,
906 4906 1038 4957 dixit
1060 4908 1181 4974 quia
1204 4906 1447 4961 liberavit
1468 4921 1526 4959 se
1553 4919 1581 4956 a
1603 4906 1791 4959 talibus
1820 4909 2048 4972 peccatis
2073 4925 2166 4974 per

610 5010 726 5060 qua:
756 5001 934 5061 posset
980 4993 1169 5046 deduci
1213 4994 1274 5046 ad
1325 5002 1588 5048 tormenta
1635 4992 1826 5046 inferni
1877 4995 2163 5049 inferioris.

613 5081 1064 5148 Quemadmodum
1109 5082 1152 5134 si
1184 5083 1420 5136 medicus
1449 5083 1627 5136 videat
1667 5083 1758 5135 tibi
1808 5083 2165 5138 imminentem

613 5171 980 5240 aegritudinem
1015 5170 1152 5222 forte
1180 5184 1242 5222 ex
1274 5171 1450 5239 aliquo
1481 5173 1661 5225 labore
1681 5215 1694 5236 ,
1728 5182 1780 5225 et
1809 5172 1977 5236 dicat,
2012 5190 2167 5239 parce

617 5258 734 5319 tibi,
764 5259 838 5310 sic
869 5267 919 5310 te
947 5264 1135 5317 tracta,
1162 5255 1457 5334 requiesce,
1487 5258 1568 5311 bis
1595 5260 1730 5311 cibis
1763 5269 1910 5313 utero
1935 5279 1947 5312 ε
1981 5277 2100 5313 nam
2126 5265 2169 5314 si

615 5367 724 5404 non
754 5351 960 5414 feceris,
992 5351 1310 5418 mgrotabis;
1339 5360 1394 5400 tu
1425 5360 1598 5403 autem
1629 5352 1671 5403 si
1706 5351 1895 5404 feceris
1919 5362 1971 5404 et
1993 5355 2170 5406 salvus

597 5438 778 5503 fueris,
801 5450 940 5491 recte
961 5439 1093 5494 dicis
1110 5438 1339 5503 medico,
1363 5437 1623 5491 Liberasti
1647 5455 1732 5492 me
1753 5440 1818 5492 ab
1837 5442 2169 5508 aegritudine,

614 5548 721 5585 non
751 5533 801 5584 in
828 5546 926 5601 qua
953 5535 1057 5598 jam
1083 5546 1221 5597 eras,
1253 5529 1346 5585 sed
1375 5530 1426 5582 in
1446 5543 1597 5596 quam
1629 5526 1774 5597 [qua]
1803 5529 2000 5583 futurus
2033 5547 2170 5585 cras.

2269 4472 2370 4525 qua
2411 4458 2616 4511 ratione
2655 4473 2746 4522 per
2782 4457 3116 4510 concubitum
3159 4464 3409 4508 venturus
3455 4464 3565 4507 erat
3611 4455 3658 4504 in
3708 4467 3793 4499 nia-

2272 4559 2426 4611 trem,
2460 4548 2748 4601 secundum
2774 4562 2929 4615 quam
2962 4548 3218 4600 rationem
3245 4560 3350 4599 non
3384 4546 3450 4597 ibi
3480 4555 3592 4598 erat
3630 4543 3792 4596 Christi

2269 4653 2412 4701 caro,
2436 4638 2682 4706 quamvis
2706 4638 2995 4692 secundum
3016 4638 3179 4701 ipsam
3206 4634 3273 4686 ibi
3299 4634 3457 4687 fuerit
3478 4634 3650 4687 lari:
3673 4646 3791 4683 cam.

2269 4729 2595 4797 Quapropter
2625 4745 2720 4782 nec
2751 4730 2872 4783 Levi
2905 4744 3001 4781 nec
3033 4727 3272 4780 Christus
3300 4726 3352 4779 in
3382 4725 3571 4778 lumbis
3601 4723 3792 4777 Abrahae

2269 4823 2562 4876 secundum
2594 4823 2844 4881 animam,
2878 4821 3165 4872 secundum
3204 4833 3416 4870 carnem
3460 4831 3597 4880 vero,
3633 4828 3674 4867 et
3695 4814 3736 4863 ι.
3756 4813 3788 4859 vi

2270 4920 2324 4964 et
2366 4911 2632 4963 Christus.
2683 4910 2788 4962 Sed
2845 4911 2966 4962 Levi
3023 4908 3309 4961 secundum
3351 4905 3788 4974 eoricupisceatiam

2271 5001 2560 5061 carnalem,
2589 5001 2829 5053 Christus
2858 5009 3032 5053 autem
3063 4999 3355 5052 secundum
3395 4998 3558 5050 solam
3585 4998 3789 5048 substan-

2273 5090 2395 5142 tiam
2419 5090 2768 5156 corporalem.
2794 5088 2926 5140 Cum
2949 5089 3088 5140 enim
3111 5089 3176 5140 sit
3209 5089 3258 5139 in
3299 5089 3501 5140 semine
3527 5097 3578 5138 et
3609 5082 3786 5136 visibel-s

2273 5177 2595 5242 corpulentia
2637 5189 2689 5228 et
2739 5175 3017 5228 invisibilis
3065 5176 3221 5235 ratio,
3266 5186 3545 5241 utrumque
3598 5169 3787 5225 cucurrit

2275 5264 2584 5334 [concurrit]
2601 5281 2664 5317 ex
2690 5265 2951 5318 Abraham
2978 5265 3056 5315 vel
3080 5263 3236 5314 etiam
3259 5278 3323 5315 ex
3341 5265 3455 5330 ipso
3475 5262 3638 5314 Adam
3659 5269 3784 5318 usque

2277 5353 2340 5406 ad
2370 5370 2567 5421 corpus
2598 5356 2791 5417 Mariae,
2825 5354 2947 5421 quia
2973 5363 3022 5405 ct
3045 5354 3212 5419 ipsum
3245 5367 3309 5404 eo
3343 5351 3496 5404 modo
3515 5357 3784 5413 conceptum

2285 5451 2339 5495 et
2365 5454 2609 5495 exortum
2640 5452 2737 5505 εει,
2766 5441 3007 5495 Christus
3037 5451 3210 5493 autem
3234 5441 3490 5493 visibilem
3507 5443 3674 5493 carnis
3694 5434 3774 5486 sub

2278 5537 2522 5589 Stantiam
2553 5535 2617 5588 de
2645 5549 2802 5588 carne
2848 5531 3064 5601 virginis
3104 5534 3352 5601 sumpsit,
3384 5535 3516 5587 ratio
3544 5546 3663 5586 vero
3686 5541 3778 5580 con-
