  <div class='ocr_page' id='page_1' title='image "/cluster/home/n/w/nwhite01/storage/ocr_20150623/61-62/uva.x000827102/944.png"; bbox 0 0 3886 6224; ppageno 0'>
   <div class='ocr_carea' id='block_1_1' title="bbox 149 326 258 379">
    <p class='ocr_par' dir='ltr' id='par_1_1' title="bbox 149 326 258 379">
     <span class='ocr_line' id='line_1_1' title="bbox 149 326 258 379; baseline 0 0"><span class='ocrx_word' id='word_1_1' title='bbox 149 326 258 379; x_wconf 72' lang='grc'><strong>715</strong></span> 
     </span>
    </p>
   </div>
   <div class='ocr_carea' id='block_1_2' title="bbox 1413 327 2178 385">
    <p class='ocr_par' dir='ltr' id='par_1_2' title="bbox 1413 327 2178 385">
     <span class='ocr_line' id='line_1_2' title="bbox 1413 327 2178 385; baseline 0.004 -3"><span class='ocrx_word' id='word_1_2' title='bbox 1413 327 1836 385; x_wconf 70' lang='lat' dir='ltr'><strong>THESAURUS.</strong></span> <span class='ocrx_word' id='word_1_3' title='bbox 1880 329 2030 385; x_wconf 71' lang='lat' dir='ltr'><strong>CAP.</strong></span> <span class='ocrx_word' id='word_1_4' title='bbox 2073 333 2178 385; x_wconf 62' lang='lat' dir='ltr'><strong>(ill.</strong></span> 
     </span>
    </p>
   </div>
   <div class='ocr_carea' id='block_1_3' title="bbox 3265 342 3364 393">
    <p class='ocr_par' dir='ltr' id='par_1_3' title="bbox 3265 342 3364 393">
     <span class='ocr_line' id='line_1_3' title="bbox 3265 342 3364 393; baseline 0.01 -1"><span class='ocrx_word' id='word_1_5' title='bbox 3265 342 3364 393; x_wconf 76' lang='grc'><strong>714</strong></span> 
     </span>
    </p>
   </div>
   <div class='ocr_carea' id='block_1_4' title="bbox 149 419 3368 514">
    <p class='ocr_par' dir='ltr' id='par_1_4' title="bbox 149 419 3368 514">
     <span class='ocr_line' id='line_1_4' title="bbox 149 419 3368 514; baseline 0.003 -24"><span class='ocrx_word' id='word_1_6' title='bbox 149 436 428 503; x_wconf 74' lang='lat' dir='ltr'><strong>ceptionis</strong></span> <span class='ocrx_word' id='word_1_7' title='bbox 453 437 587 504; x_wconf 84' lang='lat' dir='ltr'><strong>ejus,</strong></span> <span class='ocrx_word' id='word_1_8' title='bbox 623 450 725 490; x_wconf 91' lang='lat' dir='ltr'><strong>non</strong></span> <span class='ocrx_word' id='word_1_9' title='bbox 754 452 780 488; x_wconf 86' lang='lat' dir='ltr'><strong>a</strong></span> <span class='ocrx_word' id='word_1_10' title='bbox 809 437 1008 490; x_wconf 89' lang='lat' dir='ltr'><strong>semine</strong></span> <span class='ocrx_word' id='word_1_11' title='bbox 1041 437 1196 501; x_wconf 83' lang='lat' dir='ltr'><strong>virili,</strong></span> <span class='ocrx_word' id='word_1_12' title='bbox 1245 437 1335 488; x_wconf 81' lang='lat' dir='ltr'><strong>sed</strong></span> <span class='ocrx_word' id='word_1_13' title='bbox 1391 438 1541 503; x_wconf 81' lang='lat' dir='ltr'><strong>longe</strong></span> <span class='ocrx_word' id='word_1_14' title='bbox 1567 437 1720 500; x_wconf 81' lang='lat' dir='ltr'><strong>aliter</strong></span> <span class='ocrx_word' id='word_1_15' title='bbox 1750 441 1798 497; x_wconf 78' lang='grc' dir='ltr'><strong>Α</strong></span> <span class='ocrx_word' id='word_1_16' title='bbox 1825 441 2011 504; x_wconf 89' lang='lat' dir='ltr'><strong>gam‘si</strong></span> <span class='ocrx_word' id='word_1_17' title='bbox 2045 441 2210 506; x_wconf 90' lang='lat' dir='ltr'><strong>potuit</strong></span> <span class='ocrx_word' id='word_1_18' title='bbox 2239 419 2290 495; x_wconf 87' lang='lat' dir='ltr'><strong>et</strong></span> <span class='ocrx_word' id='word_1_19' title='bbox 2317 441 2381 494; x_wconf 87' lang='lat' dir='ltr'><strong>de</strong></span> <span class='ocrx_word' id='word_1_20' title='bbox 2407 443 2573 496; x_wconf 85' lang='lat' dir='ltr'><strong>anima</strong></span> <span class='ocrx_word' id='word_1_21' title='bbox 2606 444 2716 497; x_wconf 89' lang='lat' dir='ltr'><strong>fieri</strong></span> <span class='ocrx_word' id='word_1_22' title='bbox 2770 447 2905 514; x_wconf 87' lang='lat' dir='ltr'><strong>quod</strong></span> <span class='ocrx_word' id='word_1_23' title='bbox 2953 461 3068 499; x_wconf 85' lang='lat' dir='ltr'><strong>eum</strong></span> <span class='ocrx_word' id='word_1_24' title='bbox 3100 447 3165 500; x_wconf 81' lang='lat' dir='ltr'><strong>tle</strong></span> <span class='ocrx_word' id='word_1_25' title='bbox 3209 462 3368 502; x_wconf 76' lang='lat' dir='ltr'><strong>carne</strong></span> 
     </span>
    </p>
   </div>
   <div class='ocr_carea' id='block_1_5' title="bbox 151 527 1720 596">
    <p class='ocr_par' dir='ltr' id='par_1_5' title="bbox 151 527 1720 596">
     <span class='ocr_line' id='line_1_5' title="bbox 151 527 1720 596; baseline 0.001 -16"><span class='ocrx_word' id='word_1_26' title='bbox 151 541 212 580; x_wconf 88' lang='lat' dir='ltr'><strong>ac</strong></span> <span class='ocrx_word' id='word_1_27' title='bbox 241 527 488 596; x_wconf 83' lang='lat' dir='ltr'><strong>desuper</strong></span> <span class='ocrx_word' id='word_1_28' title='bbox 517 530 676 582; x_wconf 90' lang='lat' dir='ltr'><strong>venit.</strong></span> <span class='ocrx_word' id='word_1_29' title='bbox 730 527 956 581; x_wconf 85' lang='lat' dir='ltr'><strong>Proinde</strong></span> <span class='ocrx_word' id='word_1_30' title='bbox 1009 529 1296 582; x_wconf 89' lang='lat' dir='ltr'><strong>secundum</strong></span> <span class='ocrx_word' id='word_1_31' title='bbox 1341 530 1439 583; x_wconf 85' lang='lat' dir='ltr'><strong>line</strong></span> <span class='ocrx_word' id='word_1_32' title='bbox 1473 530 1614 596; x_wconf 88' lang='lat' dir='ltr'><strong>quod</strong></span> <span class='ocrx_word' id='word_1_33' title='bbox 1654 530 1720 582; x_wconf 88' lang='lat' dir='ltr'><strong>de</strong></span> 
     </span>
    </p>
   </div>
   <div class='ocr_carea' id='block_1_6' title="bbox 150 605 1720 684">
    <p class='ocr_par' dir='ltr' id='par_1_6' title="bbox 150 605 1720 684">
     <span class='ocr_line' id='line_1_6' title="bbox 150 605 1720 684; baseline 0.001 -15"><span class='ocrx_word' id='word_1_34' title='bbox 150 626 327 673; x_wconf 81' lang='lat' dir='ltr'><strong>matre</strong></span> <span class='ocrx_word' id='word_1_35' title='bbox 353 619 584 684; x_wconf 86' lang='lat' dir='ltr'><strong>accepit,</strong></span> <span class='ocrx_word' id='word_1_36' title='bbox 617 605 773 670; x_wconf 89' lang='lat' dir='ltr'><strong>etiam</strong></span> <span class='ocrx_word' id='word_1_37' title='bbox 805 617 854 670; x_wconf 90' lang='lat' dir='ltr'><strong>in</strong></span> <span class='ocrx_word' id='word_1_38' title='bbox 887 617 1077 670; x_wconf 81' lang='lat' dir='ltr'><strong>lumbis</strong></span> <span class='ocrx_word' id='word_1_39' title='bbox 1106 619 1327 670; x_wconf 66' lang='lat' dir='ltr'><strong>Abrahae</strong></span> <span class='ocrx_word' id='word_1_40' title='bbox 1382 619 1490 670; x_wconf 91' lang='lat' dir='ltr'><strong>fuit.</strong></span> <span class='ocrx_word' id='word_1_41' title='bbox 1530 620 1621 672; x_wconf 90' lang='lat' dir='ltr'><strong>Ille</strong></span> <span class='ocrx_word' id='word_1_42' title='bbox 1640 629 1720 672; x_wconf 89' lang='lat' dir='ltr'><strong>est</strong></span> 
     </span>
    </p>
   </div>
   <div class='ocr_carea' id='block_1_7' title="bbox 147 704 1716 776">
    <p class='ocr_par' dir='ltr' id='par_1_7' title="bbox 147 704 1716 776">
     <span class='ocr_line' id='line_1_7' title="bbox 147 704 1716 776; baseline -0.001 -17"><span class='ocrx_word' id='word_1_43' title='bbox 147 719 279 775; x_wconf 86' lang='lat' dir='ltr'><strong>ergo</strong></span> <span class='ocrx_word' id='word_1_44' title='bbox 303 705 517 776; x_wconf 70' lang='lat' dir='ltr'><strong>[igitur]</strong></span> <span class='ocrx_word' id='word_1_45' title='bbox 547 704 841 758; x_wconf 75' lang='lat' dir='ltr'><strong>decimatus</strong></span> <span class='ocrx_word' id='word_1_46' title='bbox 871 706 920 758; x_wconf 90' lang='lat' dir='ltr'><strong>in</strong></span> <span class='ocrx_word' id='word_1_47' title='bbox 947 705 1229 768; x_wconf 83' lang='lat' dir='ltr'><strong>Abraham,</strong></span> <span class='ocrx_word' id='word_1_48' title='bbox 1261 707 1344 772; x_wconf 87' lang='lat' dir='ltr'><strong>qui</strong></span> <span class='ocrx_word' id='word_1_49' title='bbox 1379 705 1496 758; x_wconf 85' lang='lat' dir='ltr'><strong>licet</strong></span> <span class='ocrx_word' id='word_1_50' title='bbox 1527 720 1716 758; x_wconf 89' lang='lat' dir='ltr'><strong>secun-</strong></span> 
     </span>
    </p>
   </div>
   <div class='ocr_carea' id='block_1_8' title="bbox 146 794 1716 860">
    <p class='ocr_par' dir='ltr' id='par_1_8' title="bbox 146 794 1716 860">
     <span class='ocr_line' id='line_1_8' title="bbox 146 794 1716 860; baseline -0.001 -13"><span class='ocrx_word' id='word_1_51' title='bbox 146 795 277 847; x_wconf 88' lang='lat' dir='ltr'><strong>dum</strong></span> <span class='ocrx_word' id='word_1_52' title='bbox 309 808 536 848; x_wconf 87' lang='lat' dir='ltr'><strong>carnem</strong></span> <span class='ocrx_word' id='word_1_53' title='bbox 568 802 791 858; x_wconf 90' lang='lat' dir='ltr'><strong>tantum,</strong></span> <span class='ocrx_word' id='word_1_54' title='bbox 825 794 902 846; x_wconf 84' lang='lat' dir='ltr'><strong>sic</strong></span> <span class='ocrx_word' id='word_1_55' title='bbox 953 802 1124 845; x_wconf 90' lang='lat' dir='ltr'><strong>tamen</strong></span> <span class='ocrx_word' id='word_1_56' title='bbox 1160 794 1255 845; x_wconf 91' lang='lat' dir='ltr'><strong>fuit</strong></span> <span class='ocrx_word' id='word_1_57' title='bbox 1283 794 1330 845; x_wconf 92' lang='lat' dir='ltr'><strong>in</strong></span> <span class='ocrx_word' id='word_1_58' title='bbox 1365 795 1550 845; x_wconf 89' lang='lat' dir='ltr'><strong>lumbis</strong></span> <span class='ocrx_word' id='word_1_59' title='bbox 1581 795 1716 860; x_wconf 83' lang='lat' dir='ltr'><strong>ejus,</strong></span> 
     </span>
    </p>
   </div>
   <div class='ocr_carea' id='block_1_9' title="bbox 146 882 1713 952">
    <p class='ocr_par' dir='ltr' id='par_1_9' title="bbox 146 882 1713 952">
     <span class='ocr_line' id='line_1_9' title="bbox 146 882 1713 952; baseline -0.002 -16"><span class='ocrx_word' id='word_1_60' title='bbox 146 883 610 952; x_wconf 77' lang='lat' dir='ltr'><strong>quemadmodum</strong></span> <span class='ocrx_word' id='word_1_61' title='bbox 642 882 694 936; x_wconf 90' lang='lat' dir='ltr'><strong>in</strong></span> <span class='ocrx_word' id='word_1_62' title='bbox 728 883 805 935; x_wconf 90' lang='lat' dir='ltr'><strong>sui</strong></span> <span class='ocrx_word' id='word_1_63' title='bbox 838 883 996 948; x_wconf 77' lang='lat' dir='ltr'><strong>patris</strong></span> <span class='ocrx_word' id='word_1_64' title='bbox 1022 882 1178 936; x_wconf 91' lang='lat' dir='ltr'><strong>etiam</strong></span> <span class='ocrx_word' id='word_1_65' title='bbox 1207 883 1318 947; x_wconf 89' lang='lat' dir='ltr'><strong>ipse</strong></span> <span class='ocrx_word' id='word_1_66' title='bbox 1342 883 1625 944; x_wconf 83' lang='lat' dir='ltr'><strong>Abraham,</strong></span> <span class='ocrx_word' id='word_1_67' title='bbox 1664 883 1713 934; x_wconf 88' lang='lat' dir='ltr'><strong>id</strong></span> 
     </span>
    </p>
   </div>
   <div class='ocr_carea' id='block_1_10' title="bbox 147 973 1716 1041">
    <p class='ocr_par' dir='ltr' id='par_1_10' title="bbox 147 973 1716 1041">
     <span class='ocr_line' id='line_1_10' title="bbox 147 973 1716 1041; baseline -0.004 -12"><span class='ocrx_word' id='word_1_68' title='bbox 147 984 231 1029; x_wconf 87' lang='lat' dir='ltr'><strong>est</strong></span> <span class='ocrx_word' id='word_1_69' title='bbox 272 975 368 1041; x_wconf 86' lang='lat' dir='ltr'><strong>qui</strong></span> <span class='ocrx_word' id='word_1_70' title='bbox 400 976 481 1028; x_wconf 92' lang='lat' dir='ltr'><strong>sic</strong></span> <span class='ocrx_word' id='word_1_71' title='bbox 508 982 589 1027; x_wconf 88' lang='lat' dir='ltr'><strong>est</strong></span> <span class='ocrx_word' id='word_1_72' title='bbox 610 983 759 1026; x_wconf 89' lang='lat' dir='ltr'><strong>natus</strong></span> <span class='ocrx_word' id='word_1_73' title='bbox 782 973 844 1025; x_wconf 91' lang='lat' dir='ltr'><strong>de</strong></span> <span class='ocrx_word' id='word_1_74' title='bbox 879 981 1025 1039; x_wconf 83' lang='lat' dir='ltr'><strong>patre</strong></span> <span class='ocrx_word' id='word_1_75' title='bbox 1068 973 1328 1024; x_wconf 86' lang='lat' dir='ltr'><strong>Abraham</strong></span> <span class='ocrx_word' id='word_1_76' title='bbox 1377 973 1716 1038; x_wconf 79' lang='lat' dir='ltr'><strong>quemadmo-</strong></span> 
     </span>
    </p>
   </div>
   <div class='ocr_carea' id='block_1_11' title="bbox 145 1059 1715 1128">
    <p class='ocr_par' dir='ltr' id='par_1_11' title="bbox 145 1059 1715 1128">
     <span class='ocr_line' id='line_1_11' title="bbox 145 1059 1715 1128; baseline -0.001 -15"><span class='ocrx_word' id='word_1_77' title='bbox 145 1063 272 1113; x_wconf 90' lang='lat' dir='ltr'><strong>dum</strong></span> <span class='ocrx_word' id='word_1_78' title='bbox 315 1061 390 1114; x_wconf 85' lang='lat' dir='ltr'><strong>de</strong></span> <span class='ocrx_word' id='word_1_79' title='bbox 423 1077 520 1113; x_wconf 87' lang='lat' dir='ltr'><strong>suo</strong></span> <span class='ocrx_word' id='word_1_80' title='bbox 537 1070 684 1128; x_wconf 87' lang='lat' dir='ltr'><strong>patre</strong></span> <span class='ocrx_word' id='word_1_81' title='bbox 711 1071 865 1114; x_wconf 88' lang='lat' dir='ltr'><strong>natus</strong></span> <span class='ocrx_word' id='word_1_82' title='bbox 887 1069 967 1113; x_wconf 93' lang='lat' dir='ltr'><strong>est</strong></span> <span class='ocrx_word' id='word_1_83' title='bbox 989 1059 1272 1122; x_wconf 81' lang='lat' dir='ltr'><strong>Abraham,</strong></span> <span class='ocrx_word' id='word_1_84' title='bbox 1299 1075 1386 1126; x_wconf 67' lang='grc' dir='ltr'><strong>ριν</strong></span> <span class='ocrx_word' id='word_1_85' title='bbox 1417 1061 1580 1128; x_wconf 80' lang='lat' dir='ltr'><strong>legem</strong></span> <span class='ocrx_word' id='word_1_86' title='bbox 1613 1062 1715 1112; x_wconf 85' lang='lat' dir='ltr'><strong>sci-</strong></span> 
     </span>
    </p>
   </div>
   <div class='ocr_carea' id='block_1_12' title="bbox 150 1150 1714 1220">
    <p class='ocr_par' dir='ltr' id='par_1_12' title="bbox 150 1150 1714 1220">
     <span class='ocr_line' id='line_1_12' title="bbox 150 1150 1714 1220; baseline -0.002 -17"><span class='ocrx_word' id='word_1_87' title='bbox 150 1153 275 1204; x_wconf 86' lang='lat' dir='ltr'><strong>licet</strong></span> <span class='ocrx_word' id='word_1_88' title='bbox 305 1152 361 1205; x_wconf 92' lang='lat' dir='ltr'><strong>in</strong></span> <span class='ocrx_word' id='word_1_89' title='bbox 393 1150 647 1205; x_wconf 87' lang='lat' dir='ltr'><strong>membris</strong></span> <span class='ocrx_word' id='word_1_90' title='bbox 689 1160 1070 1220; x_wconf 84' lang='lat' dir='ltr'><strong>repugnantem</strong></span> <span class='ocrx_word' id='word_1_91' title='bbox 1113 1150 1208 1218; x_wconf 82' lang='lat' dir='ltr'><strong>legi</strong></span> <span class='ocrx_word' id='word_1_92' title='bbox 1242 1151 1431 1202; x_wconf 89' lang='lat' dir='ltr'><strong>mentis</strong></span> <span class='ocrx_word' id='word_1_93' title='bbox 1455 1161 1507 1202; x_wconf 90' lang='lat' dir='ltr'><strong>et</strong></span> <span class='ocrx_word' id='word_1_94' title='bbox 1537 1150 1714 1202; x_wconf 81' lang='lat' dir='ltr'><strong>invisi-</strong></span> 
     </span>
    </p>
   </div>
   <div class='ocr_carea' id='block_1_13' title="bbox 147 1239 1709 1307">
    <p class='ocr_par' dir='ltr' id='par_1_13' title="bbox 147 1239 1709 1307">
     <span class='ocr_line' id='line_1_13' title="bbox 147 1239 1709 1307; baseline 0 -16"><span class='ocrx_word' id='word_1_95' title='bbox 147 1239 314 1292; x_wconf 89' lang='lat' dir='ltr'><strong>bilem</strong></span> <span class='ocrx_word' id='word_1_96' title='bbox 349 1240 861 1307; x_wconf 86' lang='lat' dir='ltr'><strong>concupiscentiam,</strong></span> <span class='ocrx_word' id='word_1_97' title='bbox 895 1239 1132 1306; x_wconf 82' lang='lat' dir='ltr'><strong>quamvis</strong></span> <span class='ocrx_word' id='word_1_98' title='bbox 1164 1253 1279 1292; x_wconf 91' lang='lat' dir='ltr'><strong>eam</strong></span> <span class='ocrx_word' id='word_1_99' title='bbox 1309 1247 1452 1290; x_wconf 88' lang='lat' dir='ltr'><strong>easta</strong></span> <span class='ocrx_word' id='word_1_100' title='bbox 1482 1249 1533 1291; x_wconf 89' lang='lat' dir='ltr'><strong>et</strong></span> <span class='ocrx_word' id='word_1_101' title='bbox 1577 1241 1709 1291; x_wconf 88' lang='lat' dir='ltr'><strong>bona</strong></span> 
     </span>
    </p>
   </div>
   <div class='ocr_carea' id='block_1_14' title="bbox 146 1326 1708 1395">
    <p class='ocr_par' dir='ltr' id='par_1_14' title="bbox 146 1326 1708 1395">
     <span class='ocr_line' id='line_1_14' title="bbox 146 1326 1708 1395; baseline 0.003 -19"><span class='ocrx_word' id='word_1_102' title='bbox 146 1326 262 1395; x_wconf 85' lang='lat' dir='ltr'><strong>jura</strong></span> <span class='ocrx_word' id='word_1_103' title='bbox 293 1327 607 1395; x_wconf 88' lang='lat' dir='ltr'><strong>nuptiarum</strong></span> <span class='ocrx_word' id='word_1_104' title='bbox 640 1342 740 1380; x_wconf 91' lang='lat' dir='ltr'><strong>non</strong></span> <span class='ocrx_word' id='word_1_105' title='bbox 779 1328 951 1379; x_wconf 90' lang='lat' dir='ltr'><strong>sinaut</strong></span> <span class='ocrx_word' id='word_1_106' title='bbox 1005 1327 1202 1390; x_wconf 86' lang='lat' dir='ltr'><strong>valere,</strong></span> <span class='ocrx_word' id='word_1_107' title='bbox 1233 1327 1330 1379; x_wconf 87' lang='lat' dir='ltr'><strong>nisi</strong></span> <span class='ocrx_word' id='word_1_108' title='bbox 1370 1337 1616 1394; x_wconf 89' lang='lat' dir='ltr'><strong>quantum</strong></span> <span class='ocrx_word' id='word_1_109' title='bbox 1645 1344 1708 1380; x_wconf 82' lang='lat' dir='ltr'><strong>ex</strong></span> 
     </span>
    </p>
   </div>
   <div class='ocr_carea' id='block_1_15' title="bbox 147 1413 1710 1485">
    <p class='ocr_par' dir='ltr' id='par_1_15' title="bbox 147 1413 1710 1485">
     <span class='ocr_line' id='line_1_15' title="bbox 147 1413 1710 1485; baseline 0 -17"><span class='ocrx_word' id='word_1_110' title='bbox 147 1433 206 1470; x_wconf 86' lang='lat' dir='ltr'><strong>ea</strong></span> <span class='ocrx_word' id='word_1_111' title='bbox 242 1426 477 1485; x_wconf 77' lang='lat' dir='ltr'><strong>possunt</strong></span> <span class='ocrx_word' id='word_1_112' title='bbox 507 1417 686 1485; x_wconf 77' lang='lat' dir='ltr'><strong>generi</strong></span> <span class='ocrx_word' id='word_1_113' title='bbox 713 1415 1080 1469; x_wconf 90' lang='lat' dir='ltr'><strong>substituendo</strong></span> <span class='ocrx_word' id='word_1_114' title='bbox 1123 1417 1438 1482; x_wconf 83' lang='lat' dir='ltr'><strong>pr05pieere.</strong></span> <span class='ocrx_word' id='word_1_115' title='bbox 1465 1413 1578 1467; x_wconf 81' lang='lat' dir='ltr'><strong>Non</strong></span> <span class='ocrx_word' id='word_1_116' title='bbox 1619 1431 1710 1468; x_wconf 83' lang='lat' dir='ltr'><strong>au-</strong></span> 
     </span>
    </p>
   </div>
   <div class='ocr_carea' id='block_1_16' title="bbox 150 1503 1708 1574">
    <p class='ocr_par' dir='ltr' id='par_1_16' title="bbox 150 1503 1708 1574">
     <span class='ocr_line' id='line_1_16' title="bbox 150 1503 1708 1574; baseline -0.001 -14"><span class='ocrx_word' id='word_1_117' title='bbox 150 1517 253 1560; x_wconf 92' lang='lat' dir='ltr'><strong>tem</strong></span> <span class='ocrx_word' id='word_1_118' title='bbox 279 1519 335 1560; x_wconf 92' lang='lat' dir='ltr'><strong>et</strong></span> <span class='ocrx_word' id='word_1_119' title='bbox 363 1507 459 1560; x_wconf 90' lang='lat' dir='ltr'><strong>ille</strong></span> <span class='ocrx_word' id='word_1_120' title='bbox 484 1507 553 1559; x_wconf 87' lang='lat' dir='ltr'><strong>ibi</strong></span> <span class='ocrx_word' id='word_1_121' title='bbox 582 1505 869 1560; x_wconf 78' lang='lat' dir='ltr'><strong>decimatas</strong></span> <span class='ocrx_word' id='word_1_122' title='bbox 893 1513 978 1574; x_wconf 74' lang='lat' dir='ltr'><strong>est,</strong></span> <span class='ocrx_word' id='word_1_123' title='bbox 994 1503 1143 1572; x_wconf 84' lang='lat' dir='ltr'><strong>cujus</strong></span> <span class='ocrx_word' id='word_1_124' title='bbox 1170 1519 1295 1557; x_wconf 89' lang='lat' dir='ltr'><strong>caro</strong></span> <span class='ocrx_word' id='word_1_125' title='bbox 1322 1503 1441 1559; x_wconf 91' lang='lat' dir='ltr'><strong>inde</strong></span> <span class='ocrx_word' id='word_1_126' title='bbox 1480 1518 1582 1558; x_wconf 91' lang='lat' dir='ltr'><strong>non</strong></span> <span class='ocrx_word' id='word_1_127' title='bbox 1610 1508 1708 1558; x_wconf 86' lang='lat' dir='ltr'><strong>fer-</strong></span> 
     </span>
    </p>
   </div>
   <div class='ocr_carea' id='block_1_17' title="bbox 153 1595 1706 1660">
    <p class='ocr_par' dir='ltr' id='par_1_17' title="bbox 153 1595 1706 1660">
     <span class='ocr_line' id='line_1_17' title="bbox 153 1595 1706 1660; baseline 0.001 -12"><span class='ocrx_word' id='word_1_128' title='bbox 153 1612 340 1650; x_wconf 85' lang='lat' dir='ltr'><strong>vorem</strong></span> <span class='ocrx_word' id='word_1_129' title='bbox 401 1596 659 1660; x_wconf 78' lang='lat' dir='ltr'><strong>vulneris,</strong></span> <span class='ocrx_word' id='word_1_130' title='bbox 691 1596 781 1651; x_wconf 87' lang='lat' dir='ltr'><strong>sed</strong></span> <span class='ocrx_word' id='word_1_131' title='bbox 812 1595 1083 1649; x_wconf 88' lang='lat' dir='ltr'><strong>materiem</strong></span> <span class='ocrx_word' id='word_1_132' title='bbox 1124 1595 1482 1651; x_wconf 85' lang='lat' dir='ltr'><strong>mediraminis</strong></span> <span class='ocrx_word' id='word_1_133' title='bbox 1530 1597 1706 1650; x_wconf 75' lang='lat' dir='ltr'><strong>traxit.</strong></span> 
     </span>
    </p>
   </div>
   <div class='ocr_carea' id='block_1_18' title="bbox 150 1683 1706 1753">
    <p class='ocr_par' dir='ltr' id='par_1_18' title="bbox 150 1683 1706 1753">
     <span class='ocr_line' id='line_1_18' title="bbox 150 1683 1706 1753; baseline -0.001 -16"><span class='ocrx_word' id='word_1_134' title='bbox 150 1685 279 1737; x_wconf 72' lang='lat' dir='ltr'><strong>Nam</strong></span> <span class='ocrx_word' id='word_1_135' title='bbox 310 1699 439 1739; x_wconf 90' lang='lat' dir='ltr'><strong>eum</strong></span> <span class='ocrx_word' id='word_1_136' title='bbox 489 1685 599 1752; x_wconf 88' lang='lat' dir='ltr'><strong>ipsa</strong></span> <span class='ocrx_word' id='word_1_137' title='bbox 625 1683 906 1737; x_wconf 84' lang='lat' dir='ltr'><strong>deeimatio</strong></span> <span class='ocrx_word' id='word_1_138' title='bbox 935 1684 998 1736; x_wconf 91' lang='lat' dir='ltr'><strong>ad</strong></span> <span class='ocrx_word' id='word_1_139' title='bbox 1027 1683 1461 1753; x_wconf 74' lang='lat' dir='ltr'><strong>przefigurandam</strong></span> <span class='ocrx_word' id='word_1_140' title='bbox 1492 1685 1706 1739; x_wconf 88' lang='lat' dir='ltr'><strong>medici-</strong></span> 
     </span>
    </p>
   </div>
   <div class='ocr_carea' id='block_1_19' title="bbox 151 1772 1784 1837">
    <p class='ocr_par' dir='ltr' id='par_1_19' title="bbox 151 1772 1784 1837">
     <span class='ocr_line' id='line_1_19' title="bbox 151 1772 1784 1837; baseline 0.002 -12"><span class='ocrx_word' id='word_1_141' title='bbox 151 1789 267 1825; x_wconf 90' lang='lat' dir='ltr'><strong>nam</strong></span> <span class='ocrx_word' id='word_1_142' title='bbox 301 1773 642 1837; x_wconf 88' lang='lat' dir='ltr'><strong>pertinuerit,</strong></span> <span class='ocrx_word' id='word_1_143' title='bbox 685 1772 810 1825; x_wconf 93' lang='lat' dir='ltr'><strong>illud</strong></span> <span class='ocrx_word' id='word_1_144' title='bbox 845 1775 893 1826; x_wconf 86' lang='lat' dir='ltr'><strong>in</strong></span> <span class='ocrx_word' id='word_1_145' title='bbox 923 1773 1146 1826; x_wconf 66' lang='lat' dir='ltr'><strong>Abrahae</strong></span> <span class='ocrx_word' id='word_1_146' title='bbox 1177 1787 1333 1826; x_wconf 90' lang='lat' dir='ltr'><strong>carne</strong></span> <span class='ocrx_word' id='word_1_147' title='bbox 1355 1773 1711 1828; x_wconf 89' lang='lat' dir='ltr'><strong>decimabatur</strong></span> <span class='ocrx_word' id='word_1_148' title='bbox 1743 1777 1784 1834; x_wconf 89' lang='grc' dir='ltr'><strong><em>Β</em></strong></span> 
     </span>
    </p>
   </div>
   <div class='ocr_carea' id='block_1_20' title="bbox 149 1843 1710 1929">
    <p class='ocr_par' dir='ltr' id='par_1_20' title="bbox 149 1843 1710 1929">
     <span class='ocr_line' id='line_1_20' title="bbox 149 1843 1710 1929; baseline 0.004 -18"><span class='ocrx_word' id='word_1_149' title='bbox 149 1860 286 1923; x_wconf 71' lang='lat' dir='ltr'><strong>quod</strong></span> <span class='ocrx_word' id='word_1_150' title='bbox 343 1843 651 1914; x_wconf 70' lang='grc' dir='ltr'><strong>(υτειὺειιύτ.</strong></span> <span class='ocrx_word' id='word_1_151' title='bbox 689 1860 879 1914; x_wconf 84' lang='lat' dir='ltr'><strong>Eadem</strong></span> <span class='ocrx_word' id='word_1_152' title='bbox 928 1869 1151 1929; x_wconf 85' lang='lat' dir='ltr'><strong>namque</strong></span> <span class='ocrx_word' id='word_1_153' title='bbox 1200 1875 1323 1914; x_wconf 87' lang='lat' dir='ltr'><strong>caro</strong></span> <span class='ocrx_word' id='word_1_154' title='bbox 1355 1877 1458 1916; x_wconf 90' lang='lat' dir='ltr'><strong>non</strong></span> <span class='ocrx_word' id='word_1_155' title='bbox 1486 1862 1710 1917; x_wconf 67' lang='lat' dir='ltr'><strong>Abrahae</strong></span> 
     </span>
    </p>
   </div>
   <div class='ocr_carea' id='block_1_21' title="bbox 150 1943 1707 2025">
    <p class='ocr_par' dir='ltr' id='par_1_21' title="bbox 150 1943 1707 2025">
     <span class='ocr_line' id='line_1_21' title="bbox 150 1943 1707 2025; baseline 0.003 -23"><span class='ocrx_word' id='word_1_156' title='bbox 150 1959 352 2002; x_wconf 89' lang='lat' dir='ltr'><strong>tantum</strong></span> <span class='ocrx_word' id='word_1_157' title='bbox 385 1989 400 2009; x_wconf 89' lang='lat'><strong>.</strong></span> <span class='ocrx_word' id='word_1_158' title='bbox 433 1950 527 2003; x_wconf 84' lang='lat' dir='ltr'><strong>sed</strong></span> <span class='ocrx_word' id='word_1_159' title='bbox 560 1949 724 2016; x_wconf 86' lang='lat' dir='ltr'><strong>ipsius</strong></span> <span class='ocrx_word' id='word_1_160' title='bbox 753 1943 908 2016; x_wconf 88' lang='lat' dir='ltr'><strong>primi</strong></span> <span class='ocrx_word' id='word_1_161' title='bbox 951 1949 1252 2017; x_wconf 89' lang='lat' dir='ltr'><strong>terrenique</strong></span> <span class='ocrx_word' id='word_1_162' title='bbox 1284 1951 1528 2018; x_wconf 87' lang='lat' dir='ltr'><strong>hominis,</strong></span> <span class='ocrx_word' id='word_1_163' title='bbox 1552 1952 1707 2025; x_wconf 86' lang='lat' dir='ltr'><strong>simul</strong></span> 
     </span>
    </p>
   </div>
   <div class='ocr_carea' id='block_1_22' title="bbox 152 2038 1706 2107">
    <p class='ocr_par' dir='ltr' id='par_1_22' title="bbox 152 2038 1706 2107">
     <span class='ocr_line' id='line_1_22' title="bbox 152 2038 1706 2107; baseline 0.005 -17"><span class='ocrx_word' id='word_1_164' title='bbox 152 2039 378 2090; x_wconf 64' lang='lat' dir='ltr'><strong>habebat</strong></span> <span class='ocrx_word' id='word_1_165' title='bbox 411 2049 467 2093; x_wconf 93' lang='lat' dir='ltr'><strong>et</strong></span> <span class='ocrx_word' id='word_1_166' title='bbox 497 2039 686 2092; x_wconf 79' lang='lat' dir='ltr'><strong>vulnus</strong></span> <span class='ocrx_word' id='word_1_167' title='bbox 714 2038 1160 2107; x_wconf 63' lang='lat' dir='ltr'><strong>prmvaricationis</strong></span> <span class='ocrx_word' id='word_1_168' title='bbox 1198 2049 1247 2094; x_wconf 92' lang='lat' dir='ltr'><strong>et</strong></span> <span class='ocrx_word' id='word_1_169' title='bbox 1272 2040 1706 2097; x_wconf 84' lang='lat' dir='ltr'><strong>medicamentum</strong></span> 
     </span>
    </p>
   </div>
   <div class='ocr_carea' id='block_1_23' title="bbox 155 2127 1704 2197">
    <p class='ocr_par' dir='ltr' id='par_1_23' title="bbox 155 2127 1704 2197">
     <span class='ocr_line' id='line_1_23' title="bbox 155 2127 1704 2197; baseline 0.005 -20"><span class='ocrx_word' id='word_1_170' title='bbox 155 2128 388 2181; x_wconf 85' lang='lat' dir='ltr'><strong>vulneris</strong></span> <span class='ocrx_word' id='word_1_171' title='bbox 422 2147 434 2178; x_wconf 89' lang='lat'><strong>:</strong></span> <span class='ocrx_word' id='word_1_172' title='bbox 463 2127 654 2181; x_wconf 84' lang='lat' dir='ltr'><strong>vulnus</strong></span> <span class='ocrx_word' id='word_1_173' title='bbox 676 2127 1114 2194; x_wconf 71' lang='lat' dir='ltr'><strong>praevaricationis</strong></span> <span class='ocrx_word' id='word_1_174' title='bbox 1143 2127 1193 2180; x_wconf 92' lang='lat' dir='ltr'><strong>in</strong></span> <span class='ocrx_word' id='word_1_175' title='bbox 1218 2129 1332 2197; x_wconf 89' lang='lat' dir='ltr'><strong>lege</strong></span> <span class='ocrx_word' id='word_1_176' title='bbox 1353 2130 1704 2186; x_wconf 86' lang='lat' dir='ltr'><strong>membrorum</strong></span> 
     </span>
    </p>
   </div>
   <div class='ocr_carea' id='block_1_24' title="bbox 151 2221 1708 2292">
    <p class='ocr_par' dir='ltr' id='par_1_24' title="bbox 151 2221 1708 2292">
     <span class='ocr_line' id='line_1_24' title="bbox 151 2221 1708 2292; baseline 0.001 -17"><span class='ocrx_word' id='word_1_177' title='bbox 151 2230 486 2292; x_wconf 85' lang='lat' dir='ltr'><strong>repugnante</strong></span> <span class='ocrx_word' id='word_1_178' title='bbox 519 2222 620 2289; x_wconf 88' lang='lat' dir='ltr'><strong>legi</strong></span> <span class='ocrx_word' id='word_1_179' title='bbox 652 2222 858 2285; x_wconf 90' lang='lat' dir='ltr'><strong>mentis,</strong></span> <span class='ocrx_word' id='word_1_180' title='bbox 902 2235 1018 2289; x_wconf 65' lang='lat' dir='ltr'><strong>quae</strong></span> <span class='ocrx_word' id='word_1_181' title='bbox 1043 2236 1140 2288; x_wconf 83' lang='lat' dir='ltr'><strong>per-</strong></span> <span class='ocrx_word' id='word_1_182' title='bbox 1162 2235 1372 2276; x_wconf 92' lang='lat' dir='ltr'><strong>omnem</strong></span> <span class='ocrx_word' id='word_1_183' title='bbox 1424 2221 1546 2279; x_wconf 86' lang='lat' dir='ltr'><strong>inde</strong></span> <span class='ocrx_word' id='word_1_184' title='bbox 1587 2237 1708 2291; x_wconf 91' lang='lat' dir='ltr'><strong>pro-</strong></span> 
     </span>
    </p>
   </div>
   <div class='ocr_carea' id='block_1_25' title="bbox 154 2303 1704 2380">
    <p class='ocr_par' dir='ltr' id='par_1_25' title="bbox 154 2303 1704 2380">
     <span class='ocr_line' id='line_1_25' title="bbox 154 2303 1704 2380; baseline 0 -16"><span class='ocrx_word' id='word_1_185' title='bbox 154 2321 388 2380; x_wconf 86' lang='lat' dir='ltr'><strong>pagatam</strong></span> <span class='ocrx_word' id='word_1_186' title='bbox 423 2326 640 2364; x_wconf 91' lang='lat' dir='ltr'><strong>carnem</strong></span> <span class='ocrx_word' id='word_1_187' title='bbox 673 2311 911 2364; x_wconf 87' lang='lat' dir='ltr'><strong>seminali</strong></span> <span class='ocrx_word' id='word_1_188' title='bbox 966 2312 1172 2364; x_wconf 81' lang='lat' dir='ltr'><strong>ratione</strong></span> <span class='ocrx_word' id='word_1_189' title='bbox 1203 2303 1353 2378; x_wconf 78' lang='lat' dir='ltr'><strong>quasi</strong></span> <span class='ocrx_word' id='word_1_190' title='bbox 1398 2311 1704 2366; x_wconf 84' lang='lat' dir='ltr'><strong>transcribi-</strong></span> 
     </span>
    </p>
   </div>
   <div class='ocr_carea' id='block_1_26' title="bbox 153 2401 1705 2470">
    <p class='ocr_par' dir='ltr' id='par_1_26' title="bbox 153 2401 1705 2470">
     <span class='ocr_line' id='line_1_26' title="bbox 153 2401 1705 2470; baseline 0.002 -15"><span class='ocrx_word' id='word_1_191' title='bbox 153 2412 260 2466; x_wconf 86' lang='lat' dir='ltr'><strong>tur;</strong></span> <span class='ocrx_word' id='word_1_192' title='bbox 303 2404 750 2457; x_wconf 85' lang='lat' dir='ltr'><strong>medicamentum</strong></span> <span class='ocrx_word' id='word_1_193' title='bbox 783 2411 956 2455; x_wconf 93' lang='lat' dir='ltr'><strong>autem</strong></span> <span class='ocrx_word' id='word_1_194' title='bbox 988 2401 1225 2456; x_wconf 90' lang='lat' dir='ltr'><strong>vulneris</strong></span> <span class='ocrx_word' id='word_1_195' title='bbox 1249 2404 1300 2455; x_wconf 89' lang='lat' dir='ltr'><strong>in</strong></span> <span class='ocrx_word' id='word_1_196' title='bbox 1327 2416 1392 2457; x_wconf 91' lang='lat' dir='ltr'><strong>eo</strong></span> <span class='ocrx_word' id='word_1_197' title='bbox 1420 2402 1555 2470; x_wconf 90' lang='lat' dir='ltr'><strong>quod</strong></span> <span class='ocrx_word' id='word_1_198' title='bbox 1584 2402 1705 2458; x_wconf 89' lang='lat' dir='ltr'><strong>inde</strong></span> 
     </span>
    </p>
   </div>
   <div class='ocr_carea' id='block_1_27' title="bbox 155 2492 1701 2561">
    <p class='ocr_par' dir='ltr' id='par_1_27' title="bbox 155 2492 1701 2561">
     <span class='ocr_line' id='line_1_27' title="bbox 155 2492 1701 2561; baseline 0 -13"><span class='ocrx_word' id='word_1_199' title='bbox 155 2495 263 2549; x_wconf 85' lang='lat' dir='ltr'><strong>sine</strong></span> <span class='ocrx_word' id='word_1_200' title='bbox 291 2509 460 2561; x_wconf 83' lang='lat' dir='ltr'><strong>Opere</strong></span> <span class='ocrx_word' id='word_1_201' title='bbox 487 2492 955 2561; x_wconf 88' lang='lat' dir='ltr'><strong>concupiscentiali</strong></span> <span class='ocrx_word' id='word_1_202' title='bbox 973 2493 1025 2545; x_wconf 91' lang='lat' dir='ltr'><strong>in</strong></span> <span class='ocrx_word' id='word_1_203' title='bbox 1043 2493 1150 2546; x_wconf 85' lang='lat' dir='ltr'><strong>sola</strong></span> <span class='ocrx_word' id='word_1_204' title='bbox 1175 2495 1390 2548; x_wconf 88' lang='lat' dir='ltr'><strong>materia</strong></span> <span class='ocrx_word' id='word_1_205' title='bbox 1418 2495 1701 2561; x_wconf 82' lang='lat' dir='ltr'><strong>corporali,</strong></span> 
     </span>
    </p>
   </div>
   <div class='ocr_carea' id='block_1_28' title="bbox 154 2580 1698 2652">
    <p class='ocr_par' dir='ltr' id='par_1_28' title="bbox 154 2580 1698 2652">
     <span class='ocr_line' id='line_1_28' title="bbox 154 2580 1698 2652; baseline 0.001 -17"><span class='ocrx_word' id='word_1_206' title='bbox 154 2598 241 2650; x_wconf 90' lang='lat' dir='ltr'><strong>per</strong></span> <span class='ocrx_word' id='word_1_207' title='bbox 266 2583 501 2636; x_wconf 75' lang='lat' dir='ltr'><strong>divinam</strong></span> <span class='ocrx_word' id='word_1_208' title='bbox 531 2581 888 2649; x_wconf 88' lang='lat' dir='ltr'><strong>coneeptionis</strong></span> <span class='ocrx_word' id='word_1_209' title='bbox 940 2580 1372 2652; x_wconf 87' lang='lat' dir='ltr'><strong>formationisque</strong></span> <span class='ocrx_word' id='word_1_210' title='bbox 1423 2585 1698 2649; x_wconf 82' lang='lat' dir='ltr'><strong>rationem,</strong></span> 
     </span>
    </p>
   </div>
   <div class='ocr_carea' id='block_1_29' title="bbox 156 2672 1702 2741">
    <p class='ocr_par' dir='ltr' id='par_1_29' title="bbox 156 2672 1702 2741">
     <span class='ocr_line' id='line_1_29' title="bbox 156 2672 1702 2741; baseline 0.002 -19"><span class='ocrx_word' id='word_1_211' title='bbox 156 2673 215 2726; x_wconf 82' lang='lat' dir='ltr'><strong>de</strong></span> <span class='ocrx_word' id='word_1_212' title='bbox 239 2672 440 2741; x_wconf 76' lang='lat' dir='ltr'><strong>virgine</strong></span> <span class='ocrx_word' id='word_1_213' title='bbox 473 2678 800 2738; x_wconf 88' lang='lat' dir='ltr'><strong>assumptum</strong></span> <span class='ocrx_word' id='word_1_214' title='bbox 849 2678 951 2733; x_wconf 89' lang='lat' dir='ltr'><strong>est,</strong></span> <span class='ocrx_word' id='word_1_215' title='bbox 1007 2679 1224 2739; x_wconf 88' lang='lat' dir='ltr'><strong>propter</strong></span> <span class='ocrx_word' id='word_1_216' title='bbox 1252 2672 1436 2725; x_wconf 92' lang='lat' dir='ltr'><strong>mortis</strong></span> <span class='ocrx_word' id='word_1_217' title='bbox 1467 2673 1579 2726; x_wconf 90' lang='lat' dir='ltr'><strong>sine</strong></span> <span class='ocrx_word' id='word_1_218' title='bbox 1607 2673 1702 2725; x_wconf 86' lang='lat' dir='ltr'><strong>iui-</strong></span> 
     </span>
    </p>
   </div>
   <div class='ocr_carea' id='block_1_30' title="bbox 155 2758 1701 2828">
    <p class='ocr_par' dir='ltr' id='par_1_30' title="bbox 155 2758 1701 2828">
     <span class='ocr_line' id='line_1_30' title="bbox 155 2758 1701 2828; baseline 0 -13"><span class='ocrx_word' id='word_1_219' title='bbox 155 2763 342 2828; x_wconf 82' lang='lat' dir='ltr'><strong>quitate</strong></span> <span class='ocrx_word' id='word_1_220' title='bbox 389 2763 738 2826; x_wconf 71' lang='lat' dir='ltr'><strong>consortium,</strong></span> <span class='ocrx_word' id='word_1_221' title='bbox 771 2768 824 2814; x_wconf 90' lang='lat' dir='ltr'><strong>et</strong></span> <span class='ocrx_word' id='word_1_222' title='bbox 858 2759 970 2813; x_wconf 90' lang='lat' dir='ltr'><strong>sine</strong></span> <span class='ocrx_word' id='word_1_223' title='bbox 1020 2758 1246 2814; x_wconf 80' lang='lat' dir='ltr'><strong>falsitate</strong></span> <span class='ocrx_word' id='word_1_224' title='bbox 1294 2762 1701 2816; x_wconf 88' lang='lat' dir='ltr'><strong>resurrectionis</strong></span> 
     </span>
    </p>
   </div>
   <div class='ocr_carea' id='block_1_31' title="bbox 155 2849 1700 2919">
    <p class='ocr_par' dir='ltr' id='par_1_31' title="bbox 155 2849 1700 2919">
     <span class='ocr_line' id='line_1_31' title="bbox 155 2849 1700 2919; baseline 0.001 -15"><span class='ocrx_word' id='word_1_225' title='bbox 155 2853 472 2919; x_wconf 88' lang='lat' dir='ltr'><strong>exemplum.</strong></span> <span class='ocrx_word' id='word_1_226' title='bbox 502 2851 855 2918; x_wconf 84' lang='lat' dir='ltr'><strong>Quapropter,</strong></span> <span class='ocrx_word' id='word_1_227' title='bbox 911 2849 1049 2917; x_wconf 90' lang='lat' dir='ltr'><strong>quod</strong></span> <span class='ocrx_word' id='word_1_228' title='bbox 1081 2849 1252 2902; x_wconf 89' lang='lat' dir='ltr'><strong>anima</strong></span> <span class='ocrx_word' id='word_1_229' title='bbox 1274 2849 1470 2904; x_wconf 87' lang='lat' dir='ltr'><strong>Christi</strong></span> <span class='ocrx_word' id='word_1_230' title='bbox 1499 2866 1601 2904; x_wconf 92' lang='lat' dir='ltr'><strong>non</strong></span> <span class='ocrx_word' id='word_1_231' title='bbox 1631 2855 1700 2906; x_wconf 89' lang='lat' dir='ltr'><strong>sit</strong></span> 
     </span>
    </p>
   </div>
   <div class='ocr_carea' id='block_1_32' title="bbox 158 2941 1700 3011">
    <p class='ocr_par' dir='ltr' id='par_1_32' title="bbox 158 2941 1700 3011">
     <span class='ocr_line' id='line_1_32' title="bbox 158 2941 1700 3011; baseline 0.001 -14"><span class='ocrx_word' id='word_1_232' title='bbox 158 2960 211 2997; x_wconf 85' lang='lat' dir='ltr'><strong>ex</strong></span> <span class='ocrx_word' id='word_1_233' title='bbox 243 2945 463 2998; x_wconf 84' lang='lat' dir='ltr'><strong>traduce</strong></span> <span class='ocrx_word' id='word_1_234' title='bbox 493 2944 681 2998; x_wconf 71' lang='lat' dir='ltr'><strong>anima:</strong></span> <span class='ocrx_word' id='word_1_235' title='bbox 713 2943 849 2996; x_wconf 88' lang='lat' dir='ltr'><strong>illius</strong></span> <span class='ocrx_word' id='word_1_236' title='bbox 877 2943 1058 3011; x_wconf 76' lang='lat' dir='ltr'><strong>prima:</strong></span> <span class='ocrx_word' id='word_1_237' title='bbox 1101 2941 1548 3010; x_wconf 62' lang='lat' dir='ltr'><strong>praevaricatrieis,</strong></span> <span class='ocrx_word' id='word_1_238' title='bbox 1576 2953 1700 3011; x_wconf 91' lang='lat' dir='ltr'><strong>puto</strong></span> 
     </span>
    </p>
   </div>
   <div class='ocr_carea' id='block_1_33' title="bbox 158 3031 1693 3101">
    <p class='ocr_par' dir='ltr' id='par_1_33' title="bbox 158 3031 1693 3101">
     <span class='ocr_line' id='line_1_33' title="bbox 158 3031 1693 3101; baseline 0 -19"><span class='ocrx_word' id='word_1_239' title='bbox 158 3035 284 3099; x_wconf 85' lang='lat' dir='ltr'><strong>quod</strong></span> <span class='ocrx_word' id='word_1_240' title='bbox 313 3035 472 3088; x_wconf 89' lang='lat' dir='ltr'><strong>etiam</strong></span> <span class='ocrx_word' id='word_1_241' title='bbox 506 3032 603 3101; x_wconf 89' lang='lat' dir='ltr'><strong>ipsi</strong></span> <span class='ocrx_word' id='word_1_242' title='bbox 631 3032 718 3101; x_wconf 88' lang='lat' dir='ltr'><strong>qui</strong></span> <span class='ocrx_word' id='word_1_243' title='bbox 749 3031 1040 3084; x_wconf 83' lang='lat' dir='ltr'><strong>animarum</strong></span> <span class='ocrx_word' id='word_1_244' title='bbox 1089 3031 1354 3084; x_wconf 87' lang='lat' dir='ltr'><strong>traducem</strong></span> <span class='ocrx_word' id='word_1_245' title='bbox 1383 3031 1693 3096; x_wconf 91' lang='lat' dir='ltr'><strong>defendunt,</strong></span> 
     </span>
    </p>
   </div>
   <div class='ocr_carea' id='block_1_34' title="bbox 1826 519 3400 602">
    <p class='ocr_par' dir='ltr' id='par_1_34' title="bbox 1826 519 3400 602">
     <span class='ocr_line' id='line_1_34' title="bbox 1826 519 3400 602; baseline 0.007 -24"><span class='ocrx_word' id='word_1_246' title='bbox 1826 528 2118 582; x_wconf 78' lang='lat' dir='ltr'><strong>diceremus</strong></span> <span class='ocrx_word' id='word_1_247' title='bbox 2150 530 2363 602; x_wconf 75' lang='lat' dir='ltr'><strong>forsitan</strong></span> <span class='ocrx_word' id='word_1_248' title='bbox 2401 533 2718 586; x_wconf 91' lang='lat' dir='ltr'><strong>intellectum</strong></span> <span class='ocrx_word' id='word_1_249' title='bbox 2749 535 2850 598; x_wconf 89' lang='lat' dir='ltr'><strong>sit,</strong></span> <span class='ocrx_word' id='word_1_250' title='bbox 2883 536 2952 587; x_wconf 92' lang='lat' dir='ltr'><strong>ita</strong></span> <span class='ocrx_word' id='word_1_251' title='bbox 2978 545 3028 588; x_wconf 90' lang='lat' dir='ltr'><strong>et</strong></span> <span class='ocrx_word' id='word_1_252' title='bbox 3057 536 3123 588; x_wconf 89' lang='lat' dir='ltr'><strong>de</strong></span> <span class='ocrx_word' id='word_1_253' title='bbox 3154 538 3366 589; x_wconf 90' lang='lat' dir='ltr'><strong>traduce</strong></span> <span class='ocrx_word' id='word_1_254' title='bbox 3396 519 3400 524; x_wconf 54' lang='grc'><strong>’</strong></span> 
     </span>
    </p>
   </div>
   <div class='ocr_carea' id='block_1_35' title="bbox 1819 615 3364 688">
    <p class='ocr_par' dir='ltr' id='par_1_35' title="bbox 1819 615 3364 688">
     <span class='ocr_line' id='line_1_35' title="bbox 1819 615 3364 688; baseline 0.007 -23"><span class='ocrx_word' id='word_1_255' title='bbox 1819 615 1989 667; x_wconf 90' lang='lat' dir='ltr'><strong>anima</strong></span> <span class='ocrx_word' id='word_1_256' title='bbox 2038 615 2226 670; x_wconf 87' lang='lat' dir='ltr'><strong>Christi</strong></span> <span class='ocrx_word' id='word_1_257' title='bbox 2279 629 2333 670; x_wconf 91' lang='lat' dir='ltr'><strong>ut</strong></span> <span class='ocrx_word' id='word_1_258' title='bbox 2376 634 2554 673; x_wconf 87' lang='lat' dir='ltr'><strong>secum</strong></span> <span class='ocrx_word' id='word_1_259' title='bbox 2589 622 2757 675; x_wconf 90' lang='lat' dir='ltr'><strong>labem</strong></span> <span class='ocrx_word' id='word_1_260' title='bbox 2811 624 3252 688; x_wconf 67' lang='lat' dir='ltr'><strong>prmvaricationis</strong></span> <span class='ocrx_word' id='word_1_261' title='bbox 3280 633 3364 676; x_wconf 86' lang='lat' dir='ltr'><strong>at-</strong></span> 
     </span>
    </p>
   </div>
   <div class='ocr_carea' id='block_1_36' title="bbox 1821 703 3364 776">
    <p class='ocr_par' dir='ltr' id='par_1_36' title="bbox 1821 703 3364 776">
     <span class='ocr_line' id='line_1_36' title="bbox 1821 703 3364 776; baseline 0.008 -24"><span class='ocrx_word' id='word_1_262' title='bbox 1821 703 2054 756; x_wconf 81' lang='lat' dir='ltr'><strong>traxerit.</strong></span> <span class='ocrx_word' id='word_1_263' title='bbox 2083 705 2138 759; x_wconf 89' lang='lat' dir='ltr'><strong>Si</strong></span> <span class='ocrx_word' id='word_1_264' title='bbox 2180 715 2352 759; x_wconf 90' lang='lat' dir='ltr'><strong>autem</strong></span> <span class='ocrx_word' id='word_1_265' title='bbox 2385 708 2503 762; x_wconf 85' lang='lat' dir='ltr'><strong>sine</strong></span> <span class='ocrx_word' id='word_1_266' title='bbox 2551 710 2650 762; x_wconf 90' lang='lat' dir='ltr'><strong>isto</strong></span> <span class='ocrx_word' id='word_1_267' title='bbox 2691 719 2836 762; x_wconf 85' lang='lat' dir='ltr'><strong>reatu</strong></span> <span class='ocrx_word' id='word_1_268' title='bbox 2883 725 2986 763; x_wconf 90' lang='lat' dir='ltr'><strong>non</strong></span> <span class='ocrx_word' id='word_1_269' title='bbox 3027 720 3199 776; x_wconf 88' lang='lat' dir='ltr'><strong>posset</strong></span> <span class='ocrx_word' id='word_1_270' title='bbox 3241 711 3364 765; x_wconf 80' lang='lat' dir='ltr'><strong>inde</strong></span> 
     </span>
    </p>
   </div>
   <div class='ocr_carea' id='block_1_37' title="bbox 1817 795 3358 853">
    <p class='ocr_par' dir='ltr' id='par_1_37' title="bbox 1817 795 3358 853">
     <span class='ocr_line' id='line_1_37' title="bbox 1817 795 3358 853; baseline 0.005 -9"><span class='ocrx_word' id='word_1_271' title='bbox 1817 805 1956 853; x_wconf 88' lang='lat' dir='ltr'><strong>esse,</strong></span> <span class='ocrx_word' id='word_1_272' title='bbox 1989 807 2090 845; x_wconf 91' lang='lat' dir='ltr'><strong>non</strong></span> <span class='ocrx_word' id='word_1_273' title='bbox 2120 804 2199 847; x_wconf 91' lang='lat' dir='ltr'><strong>est</strong></span> <span class='ocrx_word' id='word_1_274' title='bbox 2239 795 2379 847; x_wconf 87' lang='lat' dir='ltr'><strong>inde.</strong></span> <span class='ocrx_word' id='word_1_275' title='bbox 2426 796 2542 848; x_wconf 83' lang='lat' dir='ltr'><strong>Jam</strong></span> <span class='ocrx_word' id='word_1_276' title='bbox 2596 797 2660 849; x_wconf 91' lang='lat' dir='ltr'><strong>de</strong></span> <span class='ocrx_word' id='word_1_277' title='bbox 2714 808 3020 851; x_wconf 88' lang='lat' dir='ltr'><strong>eacterarum</strong></span> <span class='ocrx_word' id='word_1_278' title='bbox 3073 800 3358 852; x_wconf 85' lang='lat' dir='ltr'><strong>animarum</strong></span> 
     </span>
    </p>
   </div>
   <div class='ocr_carea' id='block_1_38' title="bbox 1815 880 3362 955">
    <p class='ocr_par' dir='ltr' id='par_1_38' title="bbox 1815 880 3362 955">
     <span class='ocr_line' id='line_1_38' title="bbox 1815 880 3362 955; baseline 0.007 -25"><span class='ocrx_word' id='word_1_279' title='bbox 1815 880 2042 932; x_wconf 85' lang='lat' dir='ltr'><strong>adventu</strong></span> <span class='ocrx_word' id='word_1_280' title='bbox 2073 889 2246 934; x_wconf 91' lang='lat' dir='ltr'><strong>utrum</strong></span> <span class='ocrx_word' id='word_1_281' title='bbox 2275 897 2339 936; x_wconf 79' lang='lat' dir='ltr'><strong>ex</strong></span> <span class='ocrx_word' id='word_1_282' title='bbox 2371 885 2672 950; x_wconf 86' lang='lat' dir='ltr'><strong>parentibus</strong></span> <span class='ocrx_word' id='word_1_283' title='bbox 2699 887 3009 955; x_wconf 76' lang='lat' dir='ltr'><strong>an&#39;desuper</strong></span> <span class='ocrx_word' id='word_1_284' title='bbox 3037 888 3125 950; x_wconf 90' lang='lat' dir='ltr'><strong>sit,</strong></span> <span class='ocrx_word' id='word_1_285' title='bbox 3152 889 3362 941; x_wconf 89' lang='lat' dir='ltr'><strong>vincant</strong></span> 
     </span>
    </p>
   </div>
   <div class='ocr_carea' id='block_1_39' title="bbox 1814 970 3360 1046">
    <p class='ocr_par' dir='ltr' id='par_1_39' title="bbox 1814 970 3360 1046">
     <span class='ocr_line' id='line_1_39' title="bbox 1814 970 3360 1046; baseline 0.007 -28"><span class='ocrx_word' id='word_1_286' title='bbox 1814 970 1900 1036; x_wconf 90' lang='lat' dir='ltr'><strong>qui</strong></span> <span class='ocrx_word' id='word_1_287' title='bbox 1950 973 2234 1037; x_wconf 88' lang='lat' dir='ltr'><strong>potuerint,</strong></span> <span class='ocrx_word' id='word_1_288' title='bbox 2287 988 2383 1041; x_wconf 82' lang='lat' dir='ltr'><strong>ego</strong></span> <span class='ocrx_word' id='word_1_289' title='bbox 2413 976 2584 1028; x_wconf 92' lang='lat' dir='ltr'><strong>adhuc</strong></span> <span class='ocrx_word' id='word_1_290' title='bbox 2615 975 2750 1029; x_wconf 89' lang='lat' dir='ltr'><strong>inter</strong></span> <span class='ocrx_word' id='word_1_291' title='bbox 2781 986 3025 1044; x_wconf 87' lang='lat' dir='ltr'><strong>utrosque</strong></span> <span class='ocrx_word' id='word_1_292' title='bbox 3072 978 3278 1046; x_wconf 88' lang='lat' dir='ltr'><strong>ambigo</strong></span> <span class='ocrx_word' id='word_1_293' title='bbox 3306 987 3360 1029; x_wconf 89' lang='lat' dir='ltr'><strong>et</strong></span> 
     </span>
    </p>
   </div>
   <div class='ocr_carea' id='block_1_40' title="bbox 1815 1062 3357 1132">
    <p class='ocr_par' dir='ltr' id='par_1_40' title="bbox 1815 1062 3357 1132">
     <span class='ocr_line' id='line_1_40' title="bbox 1815 1062 3357 1132; baseline 0.005 -22"><span class='ocrx_word' id='word_1_294' title='bbox 1815 1073 2050 1124; x_wconf 88' lang='lat' dir='ltr'><strong>moveor,</strong></span> <span class='ocrx_word' id='word_1_295' title='bbox 2083 1062 2364 1129; x_wconf 88' lang='lat' dir='ltr'><strong>aliquando</strong></span> <span class='ocrx_word' id='word_1_296' title='bbox 2385 1063 2486 1130; x_wconf 24' lang='lat' dir='ltr'><strong>,sic,</strong></span> <span class='ocrx_word' id='word_1_297' title='bbox 2511 1065 2790 1132; x_wconf 88' lang='lat' dir='ltr'><strong>aliquando</strong></span> <span class='ocrx_word' id='word_1_298' title='bbox 2819 1075 2989 1118; x_wconf 45' lang='lat' dir='ltr'><strong>autem</strong></span> <span class='ocrx_word' id='word_1_299' title='bbox 3011 1070 3105 1130; x_wconf 91' lang='lat' dir='ltr'><strong>sic,</strong></span> <span class='ocrx_word' id='word_1_300' title='bbox 3132 1069 3276 1120; x_wconf 91' lang='lat' dir='ltr'><strong>salvo</strong></span> <span class='ocrx_word' id='word_1_301' title='bbox 3294 1082 3357 1119; x_wconf 92' lang='lat' dir='ltr'><strong>eo</strong></span> 
     </span>
    </p>
   </div>
   <div class='ocr_carea' id='block_1_41' title="bbox 1812 1135 3354 1224">
    <p class='ocr_par' dir='ltr' id='par_1_41' title="bbox 1812 1135 3354 1224">
     <span class='ocr_line' id='line_1_41' title="bbox 1812 1135 3354 1224; baseline 0.006 -25"><span class='ocrx_word' id='word_1_302' title='bbox 1812 1148 2088 1214; x_wconf 87' lang='lat' dir='ltr'><strong>duntaxat,</strong></span> <span class='ocrx_word' id='word_1_303' title='bbox 2124 1161 2177 1204; x_wconf 91' lang='lat' dir='ltr'><strong>ut</strong></span> <span class='ocrx_word' id='word_1_304' title='bbox 2212 1154 2293 1205; x_wconf 82' lang='lat' dir='ltr'><strong>vel</strong></span> <span class='ocrx_word' id='word_1_305' title='bbox 2334 1135 2525 1220; x_wconf 85' lang='lat' dir='ltr'><strong>corpus</strong></span> <span class='ocrx_word' id='word_1_306' title='bbox 2573 1169 2692 1208; x_wconf 86' lang='lat' dir='ltr'><strong>esse</strong></span> <span class='ocrx_word' id='word_1_307' title='bbox 2736 1157 2979 1220; x_wconf 88' lang='lat' dir='ltr'><strong>animam,</strong></span> <span class='ocrx_word' id='word_1_308' title='bbox 3023 1159 3099 1210; x_wconf 91' lang='lat' dir='ltr'><strong>vel</strong></span> <span class='ocrx_word' id='word_1_309' title='bbox 3131 1157 3354 1224; x_wconf 80' lang='lat' dir='ltr'><strong>aliquam</strong></span> 
     </span>
    </p>
   </div>
   <div class='ocr_carea' id='block_1_42' title="bbox 1811 1243 3354 1313">
    <p class='ocr_par' dir='ltr' id='par_1_42' title="bbox 1811 1243 3354 1313">
     <span class='ocr_line' id='line_1_42' title="bbox 1811 1243 3354 1313; baseline 0.006 -23"><span class='ocrx_word' id='word_1_310' title='bbox 1811 1253 2119 1306; x_wconf 88' lang='lat' dir='ltr'><strong>corpoream</strong></span> <span class='ocrx_word' id='word_1_311' title='bbox 2149 1243 2449 1309; x_wconf 86' lang='lat' dir='ltr'><strong>qualitatem</strong></span> <span class='ocrx_word' id='word_1_312' title='bbox 2481 1245 2591 1298; x_wconf 90' lang='lat' dir='ltr'><strong>sive</strong></span> <span class='ocrx_word' id='word_1_313' title='bbox 2622 1248 3024 1313; x_wconf 66' lang='lat' dir='ltr'><strong>coaptutiouem,</strong></span> <span class='ocrx_word' id='word_1_314' title='bbox 3077 1248 3120 1300; x_wconf 89' lang='lat' dir='ltr'><strong>si</strong></span> <span class='ocrx_word' id='word_1_315' title='bbox 3167 1249 3235 1300; x_wconf 90' lang='lat' dir='ltr'><strong>ita</strong></span> <span class='ocrx_word' id='word_1_316' title='bbox 3278 1250 3354 1299; x_wconf 86' lang='lat' dir='ltr'><strong>di-</strong></span> 
     </span>
    </p>
   </div>
   <div class='ocr_carea' id='block_1_43' title="bbox 1809 1327 3354 1405">
    <p class='ocr_par' dir='ltr' id='par_1_43' title="bbox 1809 1327 3354 1405">
     <span class='ocr_line' id='line_1_43' title="bbox 1809 1327 3354 1405; baseline 0.007 -28"><span class='ocrx_word' id='word_1_317' title='bbox 1809 1327 1971 1378; x_wconf 88' lang='lat' dir='ltr'><strong>cenda</strong></span> <span class='ocrx_word' id='word_1_318' title='bbox 1999 1338 2078 1380; x_wconf 80' lang='lat' dir='ltr'><strong>est</strong></span> <span class='ocrx_word' id='word_1_319' title='bbox 2115 1344 2266 1396; x_wconf 89' lang='lat' dir='ltr'><strong>quam</strong></span> <span class='ocrx_word' id='word_1_320' title='bbox 2297 1329 2460 1383; x_wconf 85' lang='lat' dir='ltr'><strong>Graeci</strong></span> <span class='ocrx_word' id='word_1_321' title='bbox 2477 1332 2723 1405; x_wconf 79' lang='grc' dir='ltr'><strong>-ἆρμονίαν</strong></span> <span class='ocrx_word' id='word_1_322' title='bbox 2755 1344 2962 1398; x_wconf 90' lang='lat' dir='ltr'><strong>vocant,</strong></span> <span class='ocrx_word' id='word_1_323' title='bbox 2995 1331 3094 1388; x_wconf 84' lang='lat' dir='ltr'><strong>nec</strong></span> <span class='ocrx_word' id='word_1_324' title='bbox 3134 1350 3354 1401; x_wconf 88' lang='lat' dir='ltr'><strong>quomo-</strong></span> 
     </span>
    </p>
   </div>
   <div class='ocr_carea' id='block_1_44' title="bbox 1809 1417 3350 1486">
    <p class='ocr_par' dir='ltr' id='par_1_44' title="bbox 1809 1417 3350 1486">
     <span class='ocr_line' id='line_1_44' title="bbox 1809 1417 3350 1486; baseline 0.006 -18"><span class='ocrx_word' id='word_1_325' title='bbox 1809 1417 2008 1470; x_wconf 73' lang='lat' dir='ltr'><strong>tlolibet</strong></span> <span class='ocrx_word' id='word_1_326' title='bbox 2066 1421 2158 1471; x_wconf 77' lang='lat' dir='ltr'><strong>isra</strong></span> <span class='ocrx_word' id='word_1_327' title='bbox 2201 1424 2513 1486; x_wconf 80' lang='lat' dir='ltr'><strong>garrientem</strong></span> <span class='ocrx_word' id='word_1_328' title='bbox 2561 1424 2878 1478; x_wconf 87' lang='lat' dir='ltr'><strong>crediturum</strong></span> <span class='ocrx_word' id='word_1_329' title='bbox 2935 1440 3052 1479; x_wconf 90' lang='lat' dir='ltr'><strong>esse</strong></span> <span class='ocrx_word' id='word_1_330' title='bbox 3094 1426 3350 1480; x_wconf 87' lang='lat' dir='ltr'><strong>confidam</strong></span> 
     </span>
    </p>
   </div>
   <div class='ocr_carea' id='block_1_45' title="bbox 1809 1505 2702 1573">
    <p class='ocr_par' dir='ltr' id='par_1_45' title="bbox 1809 1505 2702 1573">
     <span class='ocr_line' id='line_1_45' title="bbox 1809 1505 2702 1573; baseline 0.01 -17"><span class='ocrx_word' id='word_1_331' title='bbox 1809 1505 2088 1573; x_wconf 86' lang='lat' dir='ltr'><strong>adjuvaute</strong></span> <span class='ocrx_word' id='word_1_332' title='bbox 2115 1508 2218 1561; x_wconf 89' lang='lat' dir='ltr'><strong>Deo</strong></span> <span class='ocrx_word' id='word_1_333' title='bbox 2251 1520 2479 1563; x_wconf 88' lang='lat' dir='ltr'><strong>mentem</strong></span> <span class='ocrx_word' id='word_1_334' title='bbox 2514 1527 2702 1566; x_wconf 90' lang='lat' dir='ltr'><strong>meam.</strong></span> 
     </span>
    </p>
   </div>
   <div class='ocr_carea' id='block_1_46' title="bbox 2399 1639 2773 1696">
    <p class='ocr_par' dir='ltr' id='par_1_46' title="bbox 2399 1639 2773 1696">
     <span class='ocr_line' id='line_1_46' title="bbox 2399 1639 2773 1696; baseline 0.013 -5"><span class='ocrx_word' id='word_1_335' title='bbox 2399 1639 2619 1695; x_wconf 78' lang='lat' dir='ltr'><strong>CAPUT</strong></span> <span class='ocrx_word' id='word_1_336' title='bbox 2667 1641 2773 1696; x_wconf 87' lang='lat' dir='ltr'><strong>Cll.</strong></span> 
     </span>
    </p>
   </div>
   <div class='ocr_carea' id='block_1_47' title="bbox 1815 1724 3350 1800">
    <p class='ocr_par' dir='ltr' id='par_1_47' title="bbox 1815 1724 3350 1800">
     <span class='ocr_line' id='line_1_47' title="bbox 1815 1724 3350 1800; baseline 0.003 -24"><span class='ocrx_word' id='word_1_337' title='bbox 1815 1724 1960 1787; x_wconf 84' lang='lat' dir='ltr'><strong>Quod</strong></span> <span class='ocrx_word' id='word_1_338' title='bbox 1984 1727 2053 1777; x_wconf 84' lang='lat' dir='ltr'><strong>ait</strong></span> <span class='ocrx_word' id='word_1_339' title='bbox 2083 1725 2242 1800; x_wconf 65' lang='lat' dir='ltr'><strong>Iacob</strong></span> <span class='ocrx_word' id='word_1_340' title='bbox 2270 1727 2336 1800; x_wconf 75' lang='lat' dir='ltr'><strong>ad</strong></span> <span class='ocrx_word' id='word_1_341' title='bbox 2377 1726 2565 1794; x_wconf 79' lang='lat' dir='ltr'><strong>Ioseph</strong></span> <span class='ocrx_word' id='word_1_342' title='bbox 2587 1746 2605 1783; x_wconf 91' lang='lat'><em>:</em></span> <span class='ocrx_word' id='word_1_343' title='bbox 2654 1730 2795 1784; x_wconf 83' lang='lat' dir='ltr'><strong>Pone</strong></span> <span class='ocrx_word' id='word_1_344' title='bbox 2841 1747 3042 1783; x_wconf 79' lang='lat' dir='ltr'><strong>manum</strong></span> <span class='ocrx_word' id='word_1_345' title='bbox 3069 1734 3157 1784; x_wconf 83' lang='lat' dir='ltr'><strong>sub</strong></span> <span class='ocrx_word' id='word_1_346' title='bbox 3193 1733 3350 1800; x_wconf 83' lang='lat' dir='ltr'><strong>femur</strong></span> 
     </span>
    </p>
   </div>
   <div class='ocr_carea' id='block_1_48' title="bbox 1879 1796 3352 1914">
    <p class='ocr_par' dir='ltr' id='par_1_48' title="bbox 1879 1796 3352 1914">
     <span class='ocr_line' id='line_1_48' title="bbox 1879 1796 3352 1914; baseline 0.003 -68"><span class='ocrx_word' id='word_1_347' title='bbox 1879 1809 2062 1914; x_wconf 52' lang='lat' dir='ltr'><strong>gregna,</strong></span> <span class='ocrx_word' id='word_1_348' title='bbox 2083 1796 2295 1874; x_wconf 73' lang='lat' dir='ltr'><strong>etfacies</strong></span> <span class='ocrx_word' id='word_1_349' title='bbox 2315 1798 2364 1849; x_wconf 85' lang='lat' dir='ltr'><strong>in</strong></span> <span class='ocrx_word' id='word_1_350' title='bbox 2393 1814 2469 1851; x_wconf 87' lang='lat' dir='ltr'><strong>me</strong></span> <span class='ocrx_word' id='word_1_351' title='bbox 2495 1800 2891 1852; x_wconf 84' lang='lat' dir='ltr'><strong>misericordiam</strong></span> <span class='ocrx_word' id='word_1_352' title='bbox 2905 1817 2925 1865; x_wconf 86' lang='lat'><strong><em>;</em></strong></span> <span class='ocrx_word' id='word_1_353' title='bbox 2947 1817 3008 1853; x_wconf 77' lang='lat' dir='ltr'><strong>ea:</strong></span> <span class='ocrx_word' id='word_1_354' title='bbox 3031 1796 3201 1853; x_wconf 75' lang='lat' dir='ltr'><strong>eodeni</strong></span> <span class='ocrx_word' id='word_1_355' title='bbox 3226 1803 3309 1853; x_wconf 71' lang='lat' dir='ltr'><strong>tibi</strong></span> <span class='ocrx_word' id='word_1_356' title='bbox 3325 1819 3352 1851; x_wconf 89' lang='grc' dir='ltr'><strong>ο</strong></span> 
     </span>
     <span class='ocr_line' id='line_1_49' title="bbox 1916 1879 2162 1914; baseline 0.004 -1"><span class='ocrx_word' id='word_1_357' title='bbox 1916 1879 1941 1913; x_wconf 87' lang='lat' dir='ltr'><strong>e</strong></span> <span class='ocrx_word' id='word_1_358' title='bbox 2009 1879 2162 1914; x_wconf 81' lang='lat' dir='ltr'><strong>eneu.</strong></span> 
     </span>
    </p>
   </div>
   <div class='ocr_carea' id='block_1_49' title="bbox 1916 1879 2162 1918">
    <p class='ocr_par' dir='ltr' id='par_1_49' title="bbox 1916 1879 2162 1918">
     <span class='ocr_line' id='line_1_50' title="bbox 1916 1879 2162 1918; baseline 0.016 -5"><span class='ocrx_word' id='word_1_359' title='bbox 1916 1879 1941 1913; x_wconf 87' lang='lat' dir='ltr'><strong>e</strong></span> <span class='ocrx_word' id='word_1_360' title='bbox 1961 1879 2162 1918; x_wconf 69' lang='lat' dir='ltr'><strong>bene&quot;.</strong></span> 
     </span>
    </p>
   </div>
   <div class='ocr_carea' id='block_1_50' title="bbox 1881 1949 3350 2022">
    <p class='ocr_par' dir='ltr' id='par_1_50' title="bbox 1881 1949 3350 2022">
     <span class='ocr_line' id='line_1_51' title="bbox 1881 1949 3350 2022; baseline 0.005 -20"><span class='ocrx_word' id='word_1_361' title='bbox 1881 1949 2160 2004; x_wconf 77' lang='lat' dir='ltr'><strong>Moriturus</strong></span> <span class='ocrx_word' id='word_1_362' title='bbox 2179 1950 2338 2006; x_wconf 83' lang='lat' dir='ltr'><strong>Jaeob</strong></span> <span class='ocrx_word' id='word_1_363' title='bbox 2371 1955 2475 2008; x_wconf 90' lang='lat' dir='ltr'><strong>filio</strong></span> <span class='ocrx_word' id='word_1_364' title='bbox 2522 1970 2619 2008; x_wconf 91' lang='lat' dir='ltr'><strong>suo</strong></span> <span class='ocrx_word' id='word_1_365' title='bbox 2661 1954 2855 2022; x_wconf 85' lang='lat' dir='ltr'><strong>Josepb</strong></span> <span class='ocrx_word' id='word_1_366' title='bbox 2894 1956 3017 2012; x_wconf 93' lang='lat' dir='ltr'><strong>dicit</strong></span> <span class='ocrx_word' id='word_1_367' title='bbox 3047 1973 3058 2009; x_wconf 90' lang='lat'>:</span> <span class='ocrx_word' id='word_1_368' title='bbox 3091 1956 3145 2009; x_wconf 93' lang='lat' dir='ltr'><strong>Si</strong></span> <span class='ocrx_word' id='word_1_369' title='bbox 3173 1956 3350 2009; x_wconf 78' lang='lat' dir='ltr'><strong>inveni</strong></span> 
     </span>
    </p>
   </div>
   <div class='ocr_carea' id='block_1_51' title="bbox 1807 2045 3348 2115">
    <p class='ocr_par' dir='ltr' id='par_1_51' title="bbox 1807 2045 3348 2115">
     <span class='ocr_line' id='line_1_52' title="bbox 1807 2045 3348 2115; baseline 0.001 -19"><span class='ocrx_word' id='word_1_370' title='bbox 1807 2045 2026 2111; x_wconf 84' lang='lat' dir='ltr'><strong>gratiam</strong></span> <span class='ocrx_word' id='word_1_371' title='bbox 2059 2045 2111 2098; x_wconf 91' lang='lat' dir='ltr'><strong>in</strong></span> <span class='ocrx_word' id='word_1_372' title='bbox 2141 2056 2426 2111; x_wconf 89' lang='lat' dir='ltr'><strong>conspectu</strong></span> <span class='ocrx_word' id='word_1_373' title='bbox 2454 2059 2561 2112; x_wconf 90' lang='lat' dir='ltr'><strong>tuo,</strong></span> <span class='ocrx_word' id='word_1_374' title='bbox 2594 2047 2796 2115; x_wconf 90' lang='lat' dir='ltr'><strong>subjice</strong></span> <span class='ocrx_word' id='word_1_375' title='bbox 2840 2064 3046 2102; x_wconf 91' lang='lat' dir='ltr'><strong>manum</strong></span> <span class='ocrx_word' id='word_1_376' title='bbox 3082 2059 3218 2100; x_wconf 84' lang='lat' dir='ltr'><strong>tuam</strong></span> <span class='ocrx_word' id='word_1_377' title='bbox 3250 2047 3348 2100; x_wconf 84' lang='lat' dir='ltr'><strong>sub</strong></span> 
     </span>
    </p>
   </div>
   <div class='ocr_carea' id='block_1_52' title="bbox 1807 2132 3348 2199">
    <p class='ocr_par' dir='ltr' id='par_1_52' title="bbox 1807 2132 3348 2199">
     <span class='ocr_line' id='line_1_53' title="bbox 1807 2132 3348 2199; baseline 0.004 -13"><span class='ocrx_word' id='word_1_378' title='bbox 1807 2132 2007 2187; x_wconf 90' lang='lat' dir='ltr'><strong>femore</strong></span> <span class='ocrx_word' id='word_1_379' title='bbox 2028 2147 2166 2199; x_wconf 91' lang='lat' dir='ltr'><strong>meo,</strong></span> <span class='ocrx_word' id='word_1_380' title='bbox 2205 2145 2257 2189; x_wconf 92' lang='lat' dir='ltr'><strong>et</strong></span> <span class='ocrx_word' id='word_1_381' title='bbox 2288 2137 2447 2191; x_wconf 89' lang='lat' dir='ltr'><strong>facies</strong></span> <span class='ocrx_word' id='word_1_382' title='bbox 2485 2137 2536 2190; x_wconf 90' lang='lat' dir='ltr'><strong>in</strong></span> <span class='ocrx_word' id='word_1_383' title='bbox 2573 2152 2656 2191; x_wconf 90' lang='lat' dir='ltr'><strong>me</strong></span> <span class='ocrx_word' id='word_1_384' title='bbox 2685 2137 3093 2192; x_wconf 85' lang='lat' dir='ltr'><strong>misericordiam</strong></span> <span class='ocrx_word' id='word_1_385' title='bbox 3125 2149 3175 2191; x_wconf 88' lang='lat' dir='ltr'><strong>et</strong></span> <span class='ocrx_word' id='word_1_386' title='bbox 3217 2142 3348 2192; x_wconf 88' lang='lat' dir='ltr'><strong>veri-</strong></span> 
     </span>
    </p>
   </div>
   <div class='ocr_carea' id='block_1_53' title="bbox 1807 2224 3380 2297">
    <p class='ocr_par' dir='ltr' id='par_1_53' title="bbox 1807 2224 3380 2297">
     <span class='ocr_line' id='line_1_54' title="bbox 1807 2224 3380 2297; baseline 0.003 -22"><span class='ocrx_word' id='word_1_387' title='bbox 1807 2229 1988 2277; x_wconf 87' lang='lat' dir='ltr'><strong>tatem.</strong></span> <span class='ocrx_word' id='word_1_388' title='bbox 2022 2224 2093 2278; x_wconf 86' lang='lat' dir='ltr'><strong>Ea</strong></span> <span class='ocrx_word' id='word_1_389' title='bbox 2126 2224 2287 2278; x_wconf 84' lang='lat' dir='ltr'><strong>lilium</strong></span> <span class='ocrx_word' id='word_1_390' title='bbox 2333 2226 2595 2292; x_wconf 90' lang='lat' dir='ltr'><strong>juratione</strong></span> <span class='ocrx_word' id='word_1_391' title='bbox 2646 2229 2956 2297; x_wconf 84' lang='lat' dir='ltr'><strong>constringit</strong></span> <span class='ocrx_word' id='word_1_392' title='bbox 3008 2244 3108 2296; x_wconf 90' lang='lat' dir='ltr'><strong>qua</strong></span> <span class='ocrx_word' id='word_1_393' title='bbox 3140 2245 3380 2282; x_wconf 80' lang='lat' dir='ltr'><strong>servum-</strong></span> 
     </span>
    </p>
   </div>
   <div class='ocr_carea' id='block_1_54' title="bbox 1804 2312 3347 2372">
    <p class='ocr_par' dir='ltr' id='par_1_54' title="bbox 1804 2312 3347 2372">
     <span class='ocr_line' id='line_1_55' title="bbox 1804 2312 3347 2372; baseline 0.005 -10"><span class='ocrx_word' id='word_1_394' title='bbox 1804 2312 2192 2367; x_wconf 85' lang='lat' dir='ltr'><strong>eonstrinxerat</strong></span> <span class='ocrx_word' id='word_1_395' title='bbox 2239 2314 2544 2369; x_wconf 86' lang='lat' dir='ltr'><strong>Abraham:</strong></span> <span class='ocrx_word' id='word_1_396' title='bbox 2591 2317 2682 2370; x_wconf 91' lang='lat' dir='ltr'><strong>ille</strong></span> <span class='ocrx_word' id='word_1_397' title='bbox 2729 2318 2981 2372; x_wconf 90' lang='lat' dir='ltr'><strong>mandans</strong></span> <span class='ocrx_word' id='word_1_398' title='bbox 3029 2319 3165 2371; x_wconf 82' lang='lat' dir='ltr'><strong>unde</strong></span> <span class='ocrx_word' id='word_1_399' title='bbox 3215 2333 3347 2371; x_wconf 85' lang='lat' dir='ltr'><strong>uxor</strong></span> 
     </span>
    </p>
   </div>
   <div class='ocr_carea' id='block_1_55' title="bbox 1804 2399 3334 2473">
    <p class='ocr_par' dir='ltr' id='par_1_55' title="bbox 1804 2399 3334 2473">
     <span class='ocr_line' id='line_1_56' title="bbox 1804 2399 3334 2473; baseline 0.005 -21"><span class='ocrx_word' id='word_1_400' title='bbox 1804 2399 2027 2454; x_wconf 88' lang='lat' dir='ltr'><strong>ducatur</strong></span> <span class='ocrx_word' id='word_1_401' title='bbox 2059 2402 2166 2456; x_wconf 82' lang='lat' dir='ltr'><strong>filio</strong></span> <span class='ocrx_word' id='word_1_402' title='bbox 2192 2417 2309 2467; x_wconf 91' lang='lat' dir='ltr'><strong>suo,</strong></span> <span class='ocrx_word' id='word_1_403' title='bbox 2342 2406 2440 2459; x_wconf 90' lang='lat' dir='ltr'><strong>iste</strong></span> <span class='ocrx_word' id='word_1_404' title='bbox 2471 2405 2789 2473; x_wconf 85' lang='lat' dir='ltr'><strong>sepulturam</strong></span> <span class='ocrx_word' id='word_1_405' title='bbox 2832 2407 3206 2460; x_wconf 89' lang='lat' dir='ltr'><strong>commendans</strong></span> <span class='ocrx_word' id='word_1_406' title='bbox 3231 2421 3334 2460; x_wconf 88' lang='lat' dir='ltr'><strong>cor-</strong></span> 
     </span>
    </p>
   </div>
   <div class='ocr_carea' id='block_1_56' title="bbox 1804 2492 3431 2561">
    <p class='ocr_par' dir='ltr' id='par_1_56' title="bbox 1804 2492 3431 2561">
     <span class='ocr_line' id='line_1_57' title="bbox 1804 2492 3431 2561; baseline 0.002 -18"><span class='ocrx_word' id='word_1_407' title='bbox 1804 2492 1946 2556; x_wconf 88' lang='lat' dir='ltr'><strong>poris</strong></span> <span class='ocrx_word' id='word_1_408' title='bbox 1967 2492 2071 2546; x_wconf 90' lang='lat' dir='ltr'><strong>sui.</strong></span> <span class='ocrx_word' id='word_1_409' title='bbox 2097 2493 2152 2546; x_wconf 87' lang='lat' dir='ltr'><strong>In</strong></span> <span class='ocrx_word' id='word_1_410' title='bbox 2185 2502 2407 2561; x_wconf 87' lang='lat' dir='ltr'><strong>utraque</strong></span> <span class='ocrx_word' id='word_1_411' title='bbox 2437 2505 2612 2549; x_wconf 90' lang='lat' dir='ltr'><strong>tamen</strong></span> <span class='ocrx_word' id='word_1_412' title='bbox 2642 2511 2796 2548; x_wconf 83' lang='lat' dir='ltr'><strong>causa</strong></span> <span class='ocrx_word' id='word_1_413' title='bbox 2819 2498 3081 2549; x_wconf 86' lang='lat' dir='ltr'><strong>nominata</strong></span> <span class='ocrx_word' id='word_1_414' title='bbox 3109 2497 3346 2551; x_wconf 83' lang='lat' dir='ltr'><strong>suntduo</strong></span> <span class='ocrx_word' id='word_1_415' title='bbox 3427 2541 3431 2546; x_wconf 91' lang='lat'><strong>.</strong></span> 
     </span>
    </p>
   </div>
   <div class='ocr_carea' id='block_1_57' title="bbox 1804 2579 3344 2650">
    <p class='ocr_par' dir='ltr' id='par_1_57' title="bbox 1804 2579 3344 2650">
     <span class='ocr_line' id='line_1_58' title="bbox 1804 2579 3344 2650; baseline 0.004 -20"><span class='ocrx_word' id='word_1_416' title='bbox 1804 2579 1895 2631; x_wconf 89' lang='lat' dir='ltr'><strong>illa</strong></span> <span class='ocrx_word' id='word_1_417' title='bbox 1946 2593 2063 2646; x_wconf 72' lang='lat' dir='ltr'><strong>qua:</strong></span> <span class='ocrx_word' id='word_1_418' title='bbox 2114 2581 2289 2649; x_wconf 88' lang='lat' dir='ltr'><strong>magni</strong></span> <span class='ocrx_word' id='word_1_419' title='bbox 2337 2580 2572 2635; x_wconf 88' lang='lat' dir='ltr'><strong>habenda</strong></span> <span class='ocrx_word' id='word_1_420' title='bbox 2619 2594 2773 2650; x_wconf 91' lang='lat' dir='ltr'><strong>atque</strong></span> <span class='ocrx_word' id='word_1_421' title='bbox 2817 2585 3085 2650; x_wconf 86' lang='lat' dir='ltr'><strong>pendenda</strong></span> <span class='ocrx_word' id='word_1_422' title='bbox 3136 2595 3255 2638; x_wconf 91' lang='lat' dir='ltr'><strong>sunt</strong></span> <span class='ocrx_word' id='word_1_423' title='bbox 3295 2584 3344 2636; x_wconf 90' lang='lat' dir='ltr'><strong>in</strong></span> 
     </span>
    </p>
   </div>
   <div class='ocr_carea' id='block_1_58' title="bbox 1741 2667 3341 2742">
    <p class='ocr_par' dir='ltr' id='par_1_58' title="bbox 1741 2667 3341 2742">
     <span class='ocr_line' id='line_1_59' title="bbox 1741 2667 3341 2742; baseline 0.003 -21"><span class='ocrx_word' id='word_1_424' title='bbox 1741 2721 1746 2726; x_wconf 76' lang='grc'><em>,</em></span> <span class='ocrx_word' id='word_1_425' title='bbox 1805 2667 2096 2737; x_wconf 88' lang='lat' dir='ltr'><strong>Seripturis</strong></span> <span class='ocrx_word' id='word_1_426' title='bbox 2141 2671 2409 2734; x_wconf 89' lang='lat' dir='ltr'><strong>omnibus,</strong></span> <span class='ocrx_word' id='word_1_427' title='bbox 2437 2685 2746 2739; x_wconf 91' lang='lat' dir='ltr'><strong>quacunque</strong></span> <span class='ocrx_word' id='word_1_428' title='bbox 2780 2672 3054 2740; x_wconf 84' lang='lat' dir='ltr'><strong>dispersim</strong></span> <span class='ocrx_word' id='word_1_429' title='bbox 3083 2674 3341 2742; x_wconf 68' lang='lat' dir='ltr'><strong>leguntur.</strong></span> 
     </span>
    </p>
   </div>
   <div class='ocr_carea' id='block_1_59' title="bbox 1803 2759 3342 2829">
    <p class='ocr_par' dir='ltr' id='par_1_59' title="bbox 1803 2759 3342 2829">
     <span class='ocr_line' id='line_1_60' title="bbox 1803 2759 3342 2829; baseline 0.004 -19"><span class='ocrx_word' id='word_1_430' title='bbox 1803 2759 2162 2814; x_wconf 82' lang='lat' dir='ltr'><strong>misericordia</strong></span> <span class='ocrx_word' id='word_1_431' title='bbox 2193 2759 2486 2828; x_wconf 89' lang='lat' dir='ltr'><strong>etjustitia,</strong></span> <span class='ocrx_word' id='word_1_432' title='bbox 2507 2761 2585 2812; x_wconf 84' lang='lat' dir='ltr'><strong>vel</strong></span> <span class='ocrx_word' id='word_1_433' title='bbox 2612 2760 2968 2814; x_wconf 73' lang='lat' dir='ltr'><strong>misericordia</strong></span> <span class='ocrx_word' id='word_1_434' title='bbox 3001 2761 3342 2829; x_wconf 72' lang='lat' dir='ltr'><strong>etjudicinm,</strong></span> 
     </span>
    </p>
   </div>
   <div class='ocr_carea' id='block_1_60' title="bbox 1802 2848 3340 2920">
    <p class='ocr_par' dir='ltr' id='par_1_60' title="bbox 1802 2848 3340 2920">
     <span class='ocr_line' id='line_1_61' title="bbox 1802 2848 3340 2920; baseline 0.003 -19"><span class='ocrx_word' id='word_1_435' title='bbox 1802 2849 1884 2903; x_wconf 92' lang='lat' dir='ltr'><strong>vel</strong></span> <span class='ocrx_word' id='word_1_436' title='bbox 1903 2848 2262 2902; x_wconf 86' lang='lat' dir='ltr'><strong>misericordia</strong></span> <span class='ocrx_word' id='word_1_437' title='bbox 2287 2858 2337 2902; x_wconf 90' lang='lat' dir='ltr'><strong>et</strong></span> <span class='ocrx_word' id='word_1_438' title='bbox 2365 2850 2576 2912; x_wconf 86' lang='lat' dir='ltr'><strong>veritas,</strong></span> <span class='ocrx_word' id='word_1_439' title='bbox 2600 2852 3020 2917; x_wconf 88' lang='lat' dir='ltr'><strong>quandoquidem</strong></span> <span class='ocrx_word' id='word_1_440' title='bbox 3046 2852 3094 2904; x_wconf 93' lang='lat' dir='ltr'><strong>in</strong></span> <span class='ocrx_word' id='word_1_441' title='bbox 3117 2853 3340 2920; x_wconf 87' lang='lat' dir='ltr'><strong>quodam</strong></span> 
     </span>
    </p>
   </div>
   <div class='ocr_carea' id='block_1_61' title="bbox 1801 2936 3342 3005">
    <p class='ocr_par' dir='ltr' id='par_1_61' title="bbox 1801 2936 3342 3005">
     <span class='ocr_line' id='line_1_62' title="bbox 1801 2936 3342 3005; baseline 0.003 -16"><span class='ocrx_word' id='word_1_442' title='bbox 1801 2936 1916 2991; x_wconf 92' lang='lat' dir='ltr'><strong>loco</strong></span> <span class='ocrx_word' id='word_1_443' title='bbox 1936 2937 2186 3005; x_wconf 88' lang='lat' dir='ltr'><strong>scriptum</strong></span> <span class='ocrx_word' id='word_1_444' title='bbox 2214 2947 2292 2990; x_wconf 89' lang='lat' dir='ltr'><strong>est</strong></span> <span class='ocrx_word' id='word_1_445' title='bbox 2327 2953 2340 2990; x_wconf 89' lang='lat'>:</span> <span class='ocrx_word' id='word_1_446' title='bbox 2375 2937 2646 2992; x_wconf 68' lang='lat' dir='ltr'><strong>Universae</strong></span> <span class='ocrx_word' id='word_1_447' title='bbox 2673 2939 2769 2990; x_wconf 75' lang='lat' dir='ltr'><strong>vite</strong></span> <span class='ocrx_word' id='word_1_448' title='bbox 2809 2937 3012 2992; x_wconf 89' lang='lat' dir='ltr'><strong>Domini</strong></span> <span class='ocrx_word' id='word_1_449' title='bbox 3043 2940 3342 2993; x_wconf 87' lang='lat' dir='ltr'><strong>misericor-</strong></span> 
     </span>
    </p>
   </div>
   <div class='ocr_carea' id='block_1_62' title="bbox 1799 3027 3338 3094">
    <p class='ocr_par' dir='ltr' id='par_1_62' title="bbox 1799 3027 3338 3094">
     <span class='ocr_line' id='line_1_63' title="bbox 1799 3027 3338 3094; baseline 0.001 -13"><span class='ocrx_word' id='word_1_450' title='bbox 1799 3028 1883 3081; x_wconf 91' lang='lat' dir='ltr'><strong>dia</strong></span> <span class='ocrx_word' id='word_1_451' title='bbox 1903 3035 1958 3083; x_wconf 88' lang='lat' dir='ltr'><strong>et</strong></span> <span class='ocrx_word' id='word_1_452' title='bbox 1977 3028 2194 3089; x_wconf 86' lang='lat' dir='ltr'><strong>veritas.</strong></span> <span class='ocrx_word' id='word_1_453' title='bbox 2215 3027 2288 3081; x_wconf 87' lang='lat' dir='ltr'><strong>lta</strong></span> <span class='ocrx_word' id='word_1_454' title='bbox 2305 3028 2416 3082; x_wconf 66' lang='lat' dir='ltr'><strong>haec</strong></span> <span class='ocrx_word' id='word_1_455' title='bbox 2432 3027 2535 3081; x_wconf 88' lang='lat' dir='ltr'><strong>duo</strong></span> <span class='ocrx_word' id='word_1_456' title='bbox 2557 3028 2775 3081; x_wconf 92' lang='lat' dir='ltr'><strong>multum</strong></span> <span class='ocrx_word' id='word_1_457' title='bbox 2795 3031 3183 3094; x_wconf 81' lang='lat' dir='ltr'><strong>commendata,</strong></span> <span class='ocrx_word' id='word_1_458' title='bbox 3207 3033 3338 3083; x_wconf 86' lang='lat' dir='ltr'><strong>mul-</strong></span> 
     </span>
    </p>
   </div>
   <div class='ocr_carea' id='block_1_63' title="bbox 159 3113 3336 3191">
    <p class='ocr_par' dir='ltr' id='par_1_63' title="bbox 159 3113 3336 3191">
     <span class='ocr_line' id='line_1_64' title="bbox 159 3113 3336 3191; baseline -0 -17"><span class='ocrx_word' id='word_1_459' title='bbox 159 3123 494 3175; x_wconf 82' lang='lat' dir='ltr'><strong>consentiant.</strong></span> <span class='ocrx_word' id='word_1_460' title='bbox 524 3118 622 3175; x_wconf 81' lang='lat' dir='ltr'><strong>Per</strong></span> <span class='ocrx_word' id='word_1_461' title='bbox 650 3135 828 3175; x_wconf 87' lang='lat' dir='ltr'><strong>semen</strong></span> <span class='ocrx_word' id='word_1_462' title='bbox 870 3119 1064 3187; x_wconf 90' lang='lat' dir='ltr'><strong>quippe</strong></span> <span class='ocrx_word' id='word_1_463' title='bbox 1115 3119 1511 3175; x_wconf 88' lang='lat' dir='ltr'><strong>concumbentis</strong></span> <span class='ocrx_word' id='word_1_464' title='bbox 1538 3122 1698 3191; x_wconf 85' lang='lat' dir='ltr'><strong>patris</strong></span> <span class='ocrx_word' id='word_1_465' title='bbox 1724 3113 1769 3172; x_wconf 85' lang='lat' dir='ltr'><strong>C</strong></span> <span class='ocrx_word' id='word_1_466' title='bbox 1801 3129 1908 3174; x_wconf 91' lang='lat' dir='ltr'><strong>tum</strong></span> <span class='ocrx_word' id='word_1_467' title='bbox 1931 3119 2308 3174; x_wconf 89' lang='lat' dir='ltr'><strong>consideranda</strong></span> <span class='ocrx_word' id='word_1_468' title='bbox 2338 3127 2480 3172; x_wconf 88' lang='lat' dir='ltr'><strong>sunt.</strong></span> <span class='ocrx_word' id='word_1_469' title='bbox 2510 3120 2706 3174; x_wconf 88' lang='lat' dir='ltr'><strong>Servus</strong></span> <span class='ocrx_word' id='word_1_470' title='bbox 2730 3131 2903 3174; x_wconf 89' lang='lat' dir='ltr'><strong>autem</strong></span> <span class='ocrx_word' id='word_1_471' title='bbox 2939 3121 3160 3173; x_wconf 57' lang='lat' dir='ltr'><strong>Abrahae</strong></span> <span class='ocrx_word' id='word_1_472' title='bbox 3188 3120 3336 3191; x_wconf 79' lang='lat' dir='ltr'><strong>dixe-</strong></span> 
     </span>
    </p>
   </div>
   <div class='ocr_carea' id='block_1_64' title="bbox 160 3208 1699 3279">
    <p class='ocr_par' dir='ltr' id='par_1_64' title="bbox 160 3208 1699 3279">
     <span class='ocr_line' id='line_1_65' title="bbox 160 3208 1699 3279; baseline 0.003 -18"><span class='ocrx_word' id='word_1_473' title='bbox 160 3211 442 3265; x_wconf 84' lang='lat' dir='ltr'><strong>transfundi</strong></span> <span class='ocrx_word' id='word_1_474' title='bbox 474 3210 632 3264; x_wconf 89' lang='lat' dir='ltr'><strong>etiam</strong></span> <span class='ocrx_word' id='word_1_475' title='bbox 663 3224 840 3263; x_wconf 87' lang='lat' dir='ltr'><strong>semen</strong></span> <span class='ocrx_word' id='word_1_476' title='bbox 865 3209 1053 3261; x_wconf 68' lang='lat' dir='ltr'><strong>anima:</strong></span> <span class='ocrx_word' id='word_1_477' title='bbox 1083 3208 1285 3271; x_wconf 85' lang='lat' dir='ltr'><strong>volunt,</strong></span> <span class='ocrx_word' id='word_1_478' title='bbox 1315 3211 1343 3262; x_wconf 85' lang='lat' dir='ltr'><strong>a</strong></span> <span class='ocrx_word' id='word_1_479' title='bbox 1375 3225 1478 3277; x_wconf 91' lang='lat' dir='ltr'><strong>quo</strong></span> <span class='ocrx_word' id='word_1_480' title='bbox 1507 3225 1699 3279; x_wconf 87' lang='lat' dir='ltr'><strong>genere</strong></span> 
     </span>
    </p>
   </div>
   <div class='ocr_carea' id='block_1_65' title="bbox 163 3297 1699 3367">
    <p class='ocr_par' dir='ltr' id='par_1_65' title="bbox 163 3297 1699 3367">
     <span class='ocr_line' id='line_1_66' title="bbox 163 3297 1699 3367; baseline 0.002 -17"><span class='ocrx_word' id='word_1_481' title='bbox 163 3300 514 3367; x_wconf 84' lang='lat' dir='ltr'><strong>eoneeptionis</strong></span> <span class='ocrx_word' id='word_1_482' title='bbox 545 3299 784 3352; x_wconf 82' lang='lat' dir='ltr'><strong>Christus</strong></span> <span class='ocrx_word' id='word_1_483' title='bbox 812 3297 1016 3350; x_wconf 88' lang='lat' dir='ltr'><strong>alienus</strong></span> <span class='ocrx_word' id='word_1_484' title='bbox 1044 3308 1143 3351; x_wconf 88' lang='lat' dir='ltr'><strong>est.</strong></span> <span class='ocrx_word' id='word_1_485' title='bbox 1180 3298 1240 3352; x_wconf 85' lang='lat' dir='ltr'><strong>Et</strong></span> <span class='ocrx_word' id='word_1_486' title='bbox 1289 3302 1408 3366; x_wconf 89' lang='lat' dir='ltr'><strong>quia</strong></span> <span class='ocrx_word' id='word_1_487' title='bbox 1459 3301 1510 3354; x_wconf 90' lang='lat' dir='ltr'><strong>in</strong></span> <span class='ocrx_word' id='word_1_488' title='bbox 1539 3302 1699 3357; x_wconf 84' lang='lat' dir='ltr'><strong>Abra-</strong></span> 
     </span>
    </p>
   </div>
   <div class='ocr_carea' id='block_1_66' title="bbox 164 3384 1693 3460">
    <p class='ocr_par' dir='ltr' id='par_1_66' title="bbox 164 3384 1693 3460">
     <span class='ocr_line' id='line_1_67' title="bbox 164 3384 1693 3460; baseline 0.004 -26"><span class='ocrx_word' id='word_1_489' title='bbox 164 3384 272 3436; x_wconf 88' lang='lat' dir='ltr'><strong>ham</strong></span> <span class='ocrx_word' id='word_1_490' title='bbox 303 3387 346 3439; x_wconf 88' lang='lat' dir='ltr'><strong>si</strong></span> <span class='ocrx_word' id='word_1_491' title='bbox 376 3387 667 3460; x_wconf 82' lang='lat' dir='ltr'><strong>secundum</strong></span> <span class='ocrx_word' id='word_1_492' title='bbox 697 3388 924 3438; x_wconf 89' lang='lat' dir='ltr'><strong>animam</strong></span> <span class='ocrx_word' id='word_1_493' title='bbox 965 3385 1171 3452; x_wconf 80' lang='lat' dir='ltr'><strong>fuisset,</strong></span> <span class='ocrx_word' id='word_1_494' title='bbox 1221 3388 1375 3440; x_wconf 87' lang='lat' dir='ltr'><strong>etiam</strong></span> <span class='ocrx_word' id='word_1_495' title='bbox 1408 3389 1518 3456; x_wconf 86' lang='lat' dir='ltr'><strong>ipse</strong></span> <span class='ocrx_word' id='word_1_496' title='bbox 1547 3391 1693 3443; x_wconf 86' lang='lat' dir='ltr'><strong>deei-</strong></span> 
     </span>
    </p>
   </div>
   <div class='ocr_carea' id='block_1_67' title="bbox 167 3476 1695 3549">
    <p class='ocr_par' dir='ltr' id='par_1_67' title="bbox 167 3476 1695 3549">
     <span class='ocr_line' id='line_1_68' title="bbox 167 3476 1695 3549; baseline 0.007 -25"><span class='ocrx_word' id='word_1_497' title='bbox 167 3483 322 3526; x_wconf 73' lang='lat' dir='ltr'><strong>malus</strong></span> <span class='ocrx_word' id='word_1_498' title='bbox 359 3483 527 3539; x_wconf 83' lang='lat' dir='ltr'><strong>esset,</strong></span> <span class='ocrx_word' id='word_1_499' title='bbox 569 3490 670 3528; x_wconf 92' lang='lat' dir='ltr'><strong>non</strong></span> <span class='ocrx_word' id='word_1_500' title='bbox 721 3488 840 3527; x_wconf 80' lang='lat' dir='ltr'><strong>esse</strong></span> <span class='ocrx_word' id='word_1_501' title='bbox 879 3484 1050 3549; x_wconf 69' lang='lat' dir='ltr'><strong>autem</strong></span> <span class='ocrx_word' id='word_1_502' title='bbox 1083 3476 1393 3538; x_wconf 83' lang='lat' dir='ltr'><strong>decimatum</strong></span> <span class='ocrx_word' id='word_1_503' title='bbox 1425 3477 1695 3544; x_wconf 81' lang='lat' dir='ltr'><strong>Scriptura</strong></span> 
     </span>
    </p>
   </div>
   <div class='ocr_carea' id='block_1_68' title="bbox 165 3563 1696 3634">
    <p class='ocr_par' dir='ltr' id='par_1_68' title="bbox 165 3563 1696 3634">
     <span class='ocr_line' id='line_1_69' title="bbox 165 3563 1696 3634; baseline 0.005 -21"><span class='ocrx_word' id='word_1_504' title='bbox 165 3572 385 3626; x_wconf 90' lang='lat' dir='ltr'><strong>testatur,</strong></span> <span class='ocrx_word' id='word_1_505' title='bbox 429 3579 548 3632; x_wconf 71' lang='lat' dir='ltr'><strong>qua:</strong></span> <span class='ocrx_word' id='word_1_506' title='bbox 575 3563 695 3616; x_wconf 87' lang='lat' dir='ltr'><strong>hinc</strong></span> <span class='ocrx_word' id='word_1_507' title='bbox 717 3577 925 3632; x_wconf 87' lang='lat' dir='ltr'><strong>quoque</strong></span> <span class='ocrx_word' id='word_1_508' title='bbox 962 3564 1315 3618; x_wconf 86' lang='lat' dir='ltr'><strong>sacerdotium</strong></span> <span class='ocrx_word' id='word_1_509' title='bbox 1339 3565 1451 3634; x_wconf 85' lang='lat' dir='ltr'><strong>ejus</strong></span> <span class='ocrx_word' id='word_1_510' title='bbox 1480 3581 1508 3618; x_wconf 88' lang='lat' dir='ltr'><strong>a</strong></span> <span class='ocrx_word' id='word_1_511' title='bbox 1541 3567 1696 3621; x_wconf 86' lang='lat' dir='ltr'><strong>Levi-</strong></span> 
     </span>
    </p>
   </div>
   <div class='ocr_carea' id='block_1_69' title="bbox 166 3650 1695 3723">
    <p class='ocr_par' dir='ltr' id='par_1_69' title="bbox 166 3650 1695 3723">
     <span class='ocr_line' id='line_1_70' title="bbox 166 3650 1695 3723; baseline 0.005 -20"><span class='ocrx_word' id='word_1_512' title='bbox 166 3650 258 3703; x_wconf 81' lang='lat' dir='ltr'><strong>tieu</strong></span> <span class='ocrx_word' id='word_1_513' title='bbox 279 3653 574 3705; x_wconf 77' lang='lat' dir='ltr'><strong>sacerdotio</strong></span> <span class='ocrx_word' id='word_1_514' title='bbox 591 3651 885 3720; x_wconf 85' lang='lat' dir='ltr'><strong>distinguit,</strong></span> <span class='ocrx_word' id='word_1_515' title='bbox 915 3667 978 3704; x_wconf 89' lang='lat' dir='ltr'><strong>an</strong></span> <span class='ocrx_word' id='word_1_516' title='bbox 1007 3651 1142 3706; x_wconf 86' lang='lat' dir='ltr'><strong>forte</strong></span> <span class='ocrx_word' id='word_1_517' title='bbox 1163 3652 1339 3707; x_wconf 91' lang='lat' dir='ltr'><strong>dicent</strong></span> <span class='ocrx_word' id='word_1_518' title='bbox 1367 3655 1499 3709; x_wconf 87' lang='lat' dir='ltr'><strong>sicut</strong></span> <span class='ocrx_word' id='word_1_519' title='bbox 1529 3657 1695 3723; x_wconf 86' lang='lat' dir='ltr'><strong>potuit</strong></span> 
     </span>
    </p>
   </div>
   <div class='ocr_carea' id='block_1_70' title="bbox 163 3739 1690 3811">
    <p class='ocr_par' dir='ltr' id='par_1_70' title="bbox 163 3739 1690 3811">
     <span class='ocr_line' id='line_1_71' title="bbox 163 3739 1690 3811; baseline 0.006 -20"><span class='ocrx_word' id='word_1_520' title='bbox 163 3739 222 3792; x_wconf 87' lang='lat' dir='ltr'><strong>ibi</strong></span> <span class='ocrx_word' id='word_1_521' title='bbox 249 3755 360 3796; x_wconf 86' lang='lat' dir='ltr'><strong>esse</strong></span> <span class='ocrx_word' id='word_1_522' title='bbox 388 3743 678 3796; x_wconf 90' lang='lat' dir='ltr'><strong>secundum</strong></span> <span class='ocrx_word' id='word_1_523' title='bbox 709 3759 932 3796; x_wconf 82' lang='lat' dir='ltr'><strong>earneur</strong></span> <span class='ocrx_word' id='word_1_524' title='bbox 951 3755 1003 3797; x_wconf 91' lang='lat' dir='ltr'><strong>et</strong></span> <span class='ocrx_word' id='word_1_525' title='bbox 1034 3759 1134 3797; x_wconf 91' lang='lat' dir='ltr'><strong>non</strong></span> <span class='ocrx_word' id='word_1_526' title='bbox 1165 3744 1436 3811; x_wconf 88' lang='lat' dir='ltr'><strong>decimari,</strong></span> <span class='ocrx_word' id='word_1_527' title='bbox 1466 3761 1559 3799; x_wconf 91' lang='lat' dir='ltr'><strong>cur</strong></span> <span class='ocrx_word' id='word_1_528' title='bbox 1590 3763 1690 3800; x_wconf 89' lang='lat' dir='ltr'><strong>non</strong></span> 
     </span>
    </p>
   </div>
   <div class='ocr_carea' id='block_1_71' title="bbox 164 3829 1692 3902">
    <p class='ocr_par' dir='ltr' id='par_1_71' title="bbox 164 3829 1692 3902">
     <span class='ocr_line' id='line_1_72' title="bbox 164 3829 1692 3902; baseline 0.007 -23"><span class='ocrx_word' id='word_1_529' title='bbox 164 3829 304 3881; x_wconf 86' lang='lat' dir='ltr'><strong>etiam</strong></span> <span class='ocrx_word' id='word_1_530' title='bbox 336 3833 624 3884; x_wconf 83' lang='lat' dir='ltr'><strong>secundum</strong></span> <span class='ocrx_word' id='word_1_531' title='bbox 654 3832 880 3884; x_wconf 91' lang='lat' dir='ltr'><strong>animam</strong></span> <span class='ocrx_word' id='word_1_532' title='bbox 913 3833 1025 3885; x_wconf 87' lang='lat' dir='ltr'><strong>sine</strong></span> <span class='ocrx_word' id='word_1_533' title='bbox 1053 3833 1404 3888; x_wconf 84' lang='lat' dir='ltr'><strong>decimatione</strong></span> <span class='ocrx_word' id='word_1_534' title='bbox 1430 3838 1692 3902; x_wconf 79' lang='lat' dir='ltr'><strong>potuerit?</strong></span> 
     </span>
    </p>
   </div>
   <div class='ocr_carea' id='block_1_72' title="bbox 165 3915 1689 3990">
    <p class='ocr_par' dir='ltr' id='par_1_72' title="bbox 165 3915 1689 3990">
     <span class='ocr_line' id='line_1_73' title="bbox 165 3915 1689 3990; baseline 0.009 -23"><span class='ocrx_word' id='word_1_535' title='bbox 165 3915 247 3970; x_wconf 86' lang='lat' dir='ltr'><strong>llic</strong></span> <span class='ocrx_word' id='word_1_536' title='bbox 277 3922 645 3987; x_wconf 87' lang='lat' dir='ltr'><strong>respondetur,</strong></span> <span class='ocrx_word' id='word_1_537' title='bbox 678 3923 792 3988; x_wconf 87' lang='lat' dir='ltr'><strong>quia</strong></span> <span class='ocrx_word' id='word_1_538' title='bbox 828 3925 1003 3990; x_wconf 91' lang='lat' dir='ltr'><strong>utique</strong></span> <span class='ocrx_word' id='word_1_539' title='bbox 1033 3924 1318 3990; x_wconf 88' lang='lat' dir='ltr'><strong>simplicem</strong></span> <span class='ocrx_word' id='word_1_540' title='bbox 1353 3926 1539 3978; x_wconf 78' lang='lat' dir='ltr'><strong>anima:</strong></span> <span class='ocrx_word' id='word_1_541' title='bbox 1569 3928 1689 3981; x_wconf 90' lang='lat' dir='ltr'><strong>sub-</strong></span> 
     </span>
    </p>
   </div>
   <div class='ocr_carea' id='block_1_73' title="bbox 164 4010 1685 4079">
    <p class='ocr_par' dir='ltr' id='par_1_73' title="bbox 164 4010 1685 4079">
     <span class='ocr_line' id='line_1_74' title="bbox 164 4010 1685 4079; baseline 0.009 -23"><span class='ocrx_word' id='word_1_542' title='bbox 164 4010 388 4062; x_wconf 86' lang='lat' dir='ltr'><strong>stantiam</strong></span> <span class='ocrx_word' id='word_1_543' title='bbox 444 4012 787 4065; x_wconf 83' lang='lat' dir='ltr'><strong>incremeiitis</strong></span> <span class='ocrx_word' id='word_1_544' title='bbox 839 4011 1015 4078; x_wconf 74' lang='lat' dir='ltr'><strong>augeri</strong></span> <span class='ocrx_word' id='word_1_545' title='bbox 1063 4014 1424 4079; x_wconf 86' lang='lat' dir='ltr'><strong>corporalibus</strong></span> <span class='ocrx_word' id='word_1_546' title='bbox 1475 4031 1571 4069; x_wconf 91' lang='lat' dir='ltr'><strong>nec</strong></span> <span class='ocrx_word' id='word_1_547' title='bbox 1615 4019 1685 4070; x_wconf 89' lang='lat' dir='ltr'><strong>illi</strong></span> 
     </span>
    </p>
   </div>
   <div class='ocr_carea' id='block_1_74' title="bbox 165 4101 1683 4172">
    <p class='ocr_par' dir='ltr' id='par_1_74' title="bbox 165 4101 1683 4172">
     <span class='ocr_line' id='line_1_75' title="bbox 165 4101 1683 4172; baseline 0.009 -26"><span class='ocrx_word' id='word_1_548' title='bbox 165 4107 459 4160; x_wconf 86' lang='lat' dir='ltr'><strong>putaverunt</strong></span> <span class='ocrx_word' id='word_1_549' title='bbox 491 4101 579 4168; x_wconf 92' lang='lat' dir='ltr'><strong>qui</strong></span> <span class='ocrx_word' id='word_1_550' title='bbox 627 4115 740 4153; x_wconf 87' lang='lat' dir='ltr'><strong>eam</strong></span> <span class='ocrx_word' id='word_1_551' title='bbox 793 4116 985 4168; x_wconf 90' lang='lat' dir='ltr'><strong>corpus</strong></span> <span class='ocrx_word' id='word_1_552' title='bbox 1037 4102 1354 4169; x_wconf 86' lang='lat' dir='ltr'><strong>existimant,</strong></span> <span class='ocrx_word' id='word_1_553' title='bbox 1384 4119 1603 4172; x_wconf 91' lang='lat' dir='ltr'><strong>quorum</strong></span> <span class='ocrx_word' id='word_1_554' title='bbox 1635 4108 1683 4160; x_wconf 90' lang='lat' dir='ltr'><strong>in</strong></span> 
     </span>
    </p>
   </div>
   <div class='ocr_carea' id='block_1_75' title="bbox 163 4177 1685 4262">
    <p class='ocr_par' dir='ltr' id='par_1_75' title="bbox 163 4177 1685 4262">
     <span class='ocr_line' id='line_1_76' title="bbox 163 4177 1685 4262; baseline 0.007 -25"><span class='ocrx_word' id='word_1_555' title='bbox 163 4194 297 4249; x_wconf 79' lang='lat' dir='ltr'><strong>parte</strong></span> <span class='ocrx_word' id='word_1_556' title='bbox 318 4199 438 4241; x_wconf 90' lang='lat' dir='ltr'><strong>sunt</strong></span> <span class='ocrx_word' id='word_1_557' title='bbox 469 4177 692 4242; x_wconf 50' lang='lat' dir='ltr'><strong>maxime</strong></span> <span class='ocrx_word' id='word_1_558' title='bbox 724 4191 807 4258; x_wconf 92' lang='lat' dir='ltr'><strong>qui</strong></span> <span class='ocrx_word' id='word_1_559' title='bbox 832 4205 944 4243; x_wconf 90' lang='lat' dir='ltr'><strong>eam</strong></span> <span class='ocrx_word' id='word_1_560' title='bbox 967 4205 1026 4243; x_wconf 90' lang='lat' dir='ltr'><strong>ex</strong></span> <span class='ocrx_word' id='word_1_561' title='bbox 1053 4191 1351 4258; x_wconf 88' lang='lat' dir='ltr'><strong>parentibus</strong></span> <span class='ocrx_word' id='word_1_562' title='bbox 1382 4195 1549 4247; x_wconf 91' lang='lat' dir='ltr'><strong>creari</strong></span> <span class='ocrx_word' id='word_1_563' title='bbox 1575 4197 1685 4262; x_wconf 91' lang='lat' dir='ltr'><strong>opi-</strong></span> 
     </span>
    </p>
   </div>
   <div class='ocr_carea' id='block_1_76' title="bbox 165 4278 1682 4349">
    <p class='ocr_par' dir='ltr' id='par_1_76' title="bbox 165 4278 1682 4349">
     <span class='ocr_line' id='line_1_77' title="bbox 165 4278 1682 4349; baseline 0.009 -25"><span class='ocrx_word' id='word_1_564' title='bbox 165 4286 354 4332; x_wconf 82' lang='lat' dir='ltr'><strong>nantur.</strong></span> <span class='ocrx_word' id='word_1_565' title='bbox 384 4278 603 4332; x_wconf 84' lang='lat' dir='ltr'><strong>Proinde</strong></span> <span class='ocrx_word' id='word_1_566' title='bbox 645 4280 694 4332; x_wconf 90' lang='lat' dir='ltr'><strong>in</strong></span> <span class='ocrx_word' id='word_1_567' title='bbox 737 4281 972 4346; x_wconf 87' lang='lat' dir='ltr'><strong>corporis</strong></span> <span class='ocrx_word' id='word_1_568' title='bbox 1003 4281 1198 4334; x_wconf 89' lang='lat' dir='ltr'><strong>semine</strong></span> <span class='ocrx_word' id='word_1_569' title='bbox 1243 4290 1413 4349; x_wconf 90' lang='lat' dir='ltr'><strong>potest</strong></span> <span class='ocrx_word' id='word_1_570' title='bbox 1448 4298 1566 4337; x_wconf 90' lang='lat' dir='ltr'><strong>esse</strong></span> <span class='ocrx_word' id='word_1_571' title='bbox 1595 4284 1682 4337; x_wconf 90' lang='lat' dir='ltr'><strong>vis</strong></span> 
     </span>
    </p>
   </div>
   <div class='ocr_carea' id='block_1_77' title="bbox 165 4362 1718 4440">
    <p class='ocr_par' dir='ltr' id='par_1_77' title="bbox 165 4362 1718 4440">
     <span class='ocr_line' id='line_1_78' title="bbox 165 4362 1718 4440; baseline 0.01 -27"><span class='ocrx_word' id='word_1_572' title='bbox 165 4362 436 4429; x_wconf 84' lang='lat' dir='ltr'><strong>invisibilis,</strong></span> <span class='ocrx_word' id='word_1_573' title='bbox 460 4385 577 4436; x_wconf 68' lang='lat' dir='ltr'><strong>qum</strong></span> <span class='ocrx_word' id='word_1_574' title='bbox 595 4370 991 4437; x_wconf 89' lang='lat' dir='ltr'><strong>incorporaliter</strong></span> <span class='ocrx_word' id='word_1_575' title='bbox 1017 4386 1260 4424; x_wconf 90' lang='lat' dir='ltr'><strong>numeros</strong></span> <span class='ocrx_word' id='word_1_576' title='bbox 1285 4373 1526 4440; x_wconf 86' lang='lat' dir='ltr'><strong>agit,non</strong></span> <span class='ocrx_word' id='word_1_577' title='bbox 1553 4389 1680 4427; x_wconf 85' lang='lat' dir='ltr'><strong>oeu-</strong></span> <span class='ocrx_word' id='word_1_578' title='bbox 1712 4416 1718 4422; x_wconf 92' lang='lat'><strong>.</strong></span> 
     </span>
    </p>
   </div>
   <div class='ocr_carea' id='block_1_78' title="bbox 1799 3209 3338 3265">
    <p class='ocr_par' dir='ltr' id='par_1_78' title="bbox 1799 3209 3338 3265">
     <span class='ocr_line' id='line_1_79' title="bbox 1799 3209 3338 3265; baseline -0.001 -1"><span class='ocrx_word' id='word_1_579' title='bbox 1799 3219 1880 3264; x_wconf 89' lang='lat' dir='ltr'><strong>rat</strong></span> <span class='ocrx_word' id='word_1_580' title='bbox 1913 3227 1926 3263; x_wconf 91' lang='lat'><strong>:</strong></span> <span class='ocrx_word' id='word_1_581' title='bbox 1961 3211 2014 3265; x_wconf 93' lang='lat' dir='ltr'><strong>Si</strong></span> <span class='ocrx_word' id='word_1_582' title='bbox 2048 3209 2220 3263; x_wconf 82' lang='lat' dir='ltr'><strong>facitis</strong></span> <span class='ocrx_word' id='word_1_583' title='bbox 2247 3209 2300 3263; x_wconf 89' lang='lat' dir='ltr'><strong>in</strong></span> <span class='ocrx_word' id='word_1_584' title='bbox 2331 3210 2599 3264; x_wconf 92' lang='lat' dir='ltr'><strong>dominum</strong></span> <span class='ocrx_word' id='word_1_585' title='bbox 2633 3224 2805 3264; x_wconf 88' lang='lat' dir='ltr'><strong>meum</strong></span> <span class='ocrx_word' id='word_1_586' title='bbox 2839 3210 3253 3265; x_wconf 90' lang='lat' dir='ltr'><strong>misericordiam</strong></span> <span class='ocrx_word' id='word_1_587' title='bbox 3285 3221 3338 3264; x_wconf 89' lang='lat' dir='ltr'><strong>et</strong></span> 
     </span>
    </p>
   </div>
   <div class='ocr_carea' id='block_1_79' title="bbox 1794 3298 3336 3368">
    <p class='ocr_par' dir='ltr' id='par_1_79' title="bbox 1794 3298 3336 3368">
     <span class='ocr_line' id='line_1_80' title="bbox 1794 3298 3336 3368; baseline -0.002 -14"><span class='ocrx_word' id='word_1_588' title='bbox 1794 3301 2049 3368; x_wconf 84' lang='lat' dir='ltr'><strong>justitiam</strong></span> <span class='ocrx_word' id='word_1_589' title='bbox 2076 3341 2090 3364; x_wconf 90' lang='lat'><strong>,</strong></span> <span class='ocrx_word' id='word_1_590' title='bbox 2131 3300 2264 3355; x_wconf 86' lang='lat' dir='ltr'><strong>sicut</strong></span> <span class='ocrx_word' id='word_1_591' title='bbox 2293 3308 2347 3354; x_wconf 91' lang='lat' dir='ltr'><strong>et</strong></span> <span class='ocrx_word' id='word_1_592' title='bbox 2375 3300 2475 3354; x_wconf 89' lang='lat' dir='ltr'><strong>iste</strong></span> <span class='ocrx_word' id='word_1_593' title='bbox 2516 3298 2623 3352; x_wconf 84' lang='lat' dir='ltr'><strong>filio</strong></span> <span class='ocrx_word' id='word_1_594' title='bbox 2661 3314 2755 3356; x_wconf 86' lang='lat' dir='ltr'><strong>suo</strong></span> <span class='ocrx_word' id='word_1_595' title='bbox 2785 3299 2941 3352; x_wconf 88' lang='lat' dir='ltr'><strong>dicit:</strong></span> <span class='ocrx_word' id='word_1_596' title='bbox 2972 3307 3028 3353; x_wconf 93' lang='lat' dir='ltr'><strong>ut</strong></span> <span class='ocrx_word' id='word_1_597' title='bbox 3065 3298 3228 3354; x_wconf 82' lang='lat' dir='ltr'><strong>facias</strong></span> <span class='ocrx_word' id='word_1_598' title='bbox 3285 3304 3336 3352; x_wconf 90' lang='lat' dir='ltr'><strong>in</strong></span> 
     </span>
    </p>
   </div>
   <div class='ocr_carea' id='block_1_80' title="bbox 1795 3390 3332 3454">
    <p class='ocr_par' dir='ltr' id='par_1_80' title="bbox 1795 3390 3332 3454">
     <span class='ocr_line' id='line_1_81' title="bbox 1795 3390 3332 3454; baseline -0.001 -10"><span class='ocrx_word' id='word_1_599' title='bbox 1795 3405 1880 3445; x_wconf 89' lang='lat' dir='ltr'><strong>me</strong></span> <span class='ocrx_word' id='word_1_600' title='bbox 1898 3391 2303 3444; x_wconf 80' lang='lat' dir='ltr'><strong>misericordiam</strong></span> <span class='ocrx_word' id='word_1_601' title='bbox 2330 3398 2382 3444; x_wconf 91' lang='lat' dir='ltr'><strong>et</strong></span> <span class='ocrx_word' id='word_1_602' title='bbox 2413 3391 2706 3444; x_wconf 90' lang='lat' dir='ltr'><strong>veritatem.</strong></span> <span class='ocrx_word' id='word_1_603' title='bbox 2731 3390 2861 3454; x_wconf 81' lang='lat' dir='ltr'><strong>Quid</strong></span> <span class='ocrx_word' id='word_1_604' title='bbox 2886 3390 2982 3443; x_wconf 86' lang='lat' dir='ltr'><strong>sibi</strong></span> <span class='ocrx_word' id='word_1_605' title='bbox 3007 3400 3178 3444; x_wconf 82' lang='lat' dir='ltr'><strong>autem</strong></span> <span class='ocrx_word' id='word_1_606' title='bbox 3205 3393 3332 3445; x_wconf 89' lang='lat' dir='ltr'><strong>velit</strong></span> 
     </span>
    </p>
   </div>
   <div class='ocr_carea' id='block_1_81' title="bbox 1794 3474 3336 3546">
    <p class='ocr_par' dir='ltr' id='par_1_81' title="bbox 1794 3474 3336 3546">
     <span class='ocr_line' id='line_1_82' title="bbox 1794 3474 3336 3546; baseline 0.001 -14"><span class='ocrx_word' id='word_1_607' title='bbox 1794 3495 1821 3532; x_wconf 90' lang='lat' dir='ltr'><strong>a</strong></span> <span class='ocrx_word' id='word_1_608' title='bbox 1853 3489 1996 3532; x_wconf 90' lang='lat' dir='ltr'><strong>tanto</strong></span> <span class='ocrx_word' id='word_1_609' title='bbox 2030 3482 2144 3532; x_wconf 90' lang='lat' dir='ltr'><strong>viro</strong></span> <span class='ocrx_word' id='word_1_610' title='bbox 2173 3489 2277 3532; x_wconf 83' lang='lat' dir='ltr'><strong>tam</strong></span> <span class='ocrx_word' id='word_1_611' title='bbox 2307 3479 2532 3532; x_wconf 89' lang='lat' dir='ltr'><strong>sollicita</strong></span> <span class='ocrx_word' id='word_1_612' title='bbox 2561 3474 2799 3546; x_wconf 86' lang='lat' dir='ltr'><strong>corporis</strong></span> <span class='ocrx_word' id='word_1_613' title='bbox 2846 3479 3250 3546; x_wconf 86' lang='lat' dir='ltr'><strong>commendatio,</strong></span> <span class='ocrx_word' id='word_1_614' title='bbox 3281 3493 3336 3533; x_wconf 94' lang='lat' dir='ltr'><strong>ut</strong></span> 
     </span>
    </p>
   </div>
   <div class='ocr_carea' id='block_1_82' title="bbox 1794 3568 3334 3638">
    <p class='ocr_par' dir='ltr' id='par_1_82' title="bbox 1794 3568 3334 3638">
     <span class='ocr_line' id='line_1_83' title="bbox 1794 3568 3334 3638; baseline 0 -16"><span class='ocrx_word' id='word_1_615' title='bbox 1794 3586 1895 3622; x_wconf 88' lang='lat' dir='ltr'><strong>non</strong></span> <span class='ocrx_word' id='word_1_616' title='bbox 1917 3571 1965 3622; x_wconf 91' lang='lat' dir='ltr'><strong>in</strong></span> <span class='ocrx_word' id='word_1_617' title='bbox 1995 3568 2225 3638; x_wconf 66' lang='lat' dir='ltr'><strong>Egypto</strong></span> <span class='ocrx_word' id='word_1_618' title='bbox 2242 3570 2545 3634; x_wconf 88' lang='lat' dir='ltr'><strong>sepeliatur,</strong></span> <span class='ocrx_word' id='word_1_619' title='bbox 2573 3568 2664 3622; x_wconf 84' lang='lat' dir='ltr'><strong>sed</strong></span> <span class='ocrx_word' id='word_1_620' title='bbox 2693 3570 2742 3621; x_wconf 92' lang='lat' dir='ltr'><strong>in</strong></span> <span class='ocrx_word' id='word_1_621' title='bbox 2770 3576 2904 3622; x_wconf 90' lang='lat' dir='ltr'><strong>terra</strong></span> <span class='ocrx_word' id='word_1_622' title='bbox 2930 3568 3334 3637; x_wconf 85' lang='lat' dir='ltr'><strong>Chanaanjuxta</strong></span> 
     </span>
    </p>
   </div>
   <div class='ocr_carea' id='block_1_83' title="bbox 1793 3656 3410 3725">
    <p class='ocr_par' dir='ltr' id='par_1_83' title="bbox 1793 3656 3410 3725">
     <span class='ocr_line' id='line_1_84' title="bbox 1793 3656 3410 3725; baseline 0.003 -16"><span class='ocrx_word' id='word_1_623' title='bbox 1793 3668 1967 3725; x_wconf 90' lang='lat' dir='ltr'><strong>patres</strong></span> <span class='ocrx_word' id='word_1_624' title='bbox 1994 3672 2135 3720; x_wconf 84' lang='lat' dir='ltr'><strong>suos,</strong></span> <span class='ocrx_word' id='word_1_625' title='bbox 2167 3657 2360 3710; x_wconf 90' lang='lat' dir='ltr'><strong>mirum</strong></span> <span class='ocrx_word' id='word_1_626' title='bbox 2389 3656 2596 3710; x_wconf 88' lang='lat' dir='ltr'><strong>videtur</strong></span> <span class='ocrx_word' id='word_1_627' title='bbox 2622 3667 2674 3711; x_wconf 91' lang='lat' dir='ltr'><strong>et</strong></span> <span class='ocrx_word' id='word_1_628' title='bbox 2703 3657 2850 3724; x_wconf 90' lang='lat' dir='ltr'><strong>quasi</strong></span> <span class='ocrx_word' id='word_1_629' title='bbox 2888 3659 3194 3724; x_wconf 87' lang='lat' dir='ltr'><strong>absurdum,</strong></span> <span class='ocrx_word' id='word_1_630' title='bbox 3236 3677 3333 3714; x_wconf 79' lang='lat' dir='ltr'><strong>nec</strong></span> <span class='ocrx_word' id='word_1_631' title='bbox 3405 3714 3410 3721; x_wconf 79' lang='grc'><em>,</em></span> 
     </span>
    </p>
   </div>
   <div class='ocr_carea' id='block_1_84' title="bbox 1791 3746 3332 3816">
    <p class='ocr_par' dir='ltr' id='par_1_84' title="bbox 1791 3746 3332 3816">
     <span class='ocr_line' id='line_1_85' title="bbox 1791 3746 3332 3816; baseline 0.002 -18"><span class='ocrx_word' id='word_1_632' title='bbox 1791 3747 2113 3800; x_wconf 81' lang='lat' dir='ltr'><strong>conveniens</strong></span> <span class='ocrx_word' id='word_1_633' title='bbox 2143 3755 2300 3799; x_wconf 68' lang='lat' dir='ltr'><strong>tantae</strong></span> <span class='ocrx_word' id='word_1_634' title='bbox 2326 3746 2654 3799; x_wconf 66' lang='lat' dir='ltr'><strong>excellentiae</strong></span> <span class='ocrx_word' id='word_1_635' title='bbox 2688 3746 2874 3798; x_wconf 77' lang='lat' dir='ltr'><strong>mentis</strong></span> <span class='ocrx_word' id='word_1_636' title='bbox 2922 3747 3257 3816; x_wconf 67' lang='lat' dir='ltr'><strong>propheticaa,</strong></span> <span class='ocrx_word' id='word_1_637' title='bbox 3288 3750 3332 3801; x_wconf 80' lang='lat' dir='ltr'><strong>si</strong></span> 
     </span>
    </p>
   </div>
   <div class='ocr_carea' id='block_1_85' title="bbox 1794 3834 3322 3890">
    <p class='ocr_par' dir='ltr' id='par_1_85' title="bbox 1794 3834 3322 3890">
     <span class='ocr_line' id='line_1_86' title="bbox 1794 3834 3322 3890; baseline 0.001 -2"><span class='ocrx_word' id='word_1_638' title='bbox 1794 3837 1890 3888; x_wconf 92' lang='lat' dir='ltr'><strong>hoe</strong></span> <span class='ocrx_word' id='word_1_639' title='bbox 1918 3852 1979 3889; x_wconf 88' lang='lat' dir='ltr'><strong>ex</strong></span> <span class='ocrx_word' id='word_1_640' title='bbox 2009 3836 2278 3888; x_wconf 86' lang='lat' dir='ltr'><strong>hominum</strong></span> <span class='ocrx_word' id='word_1_641' title='bbox 2309 3834 2688 3887; x_wconf 85' lang='lat' dir='ltr'><strong>consuetudine</strong></span> <span class='ocrx_word' id='word_1_642' title='bbox 2713 3834 3009 3889; x_wconf 88' lang='lat' dir='ltr'><strong>metiamur.</strong></span> <span class='ocrx_word' id='word_1_643' title='bbox 3067 3836 3121 3890; x_wconf 92' lang='lat' dir='ltr'><strong>Si</strong></span> <span class='ocrx_word' id='word_1_644' title='bbox 3149 3846 3322 3890; x_wconf 83' lang='lat' dir='ltr'><strong>autem</strong></span> 
     </span>
    </p>
   </div>
   <div class='ocr_carea' id='block_1_86' title="bbox 1788 3909 3329 3993">
    <p class='ocr_par' dir='ltr' id='par_1_86' title="bbox 1788 3909 3329 3993">
     <span class='ocr_line' id='line_1_87' title="bbox 1788 3909 3329 3993; baseline 0.002 -17"><span class='ocrx_word' id='word_1_645' title='bbox 1788 3919 1841 3978; x_wconf 89' lang='lat' dir='ltr'><strong>in</strong></span> <span class='ocrx_word' id='word_1_646' title='bbox 1877 3925 1958 3978; x_wconf 92' lang='lat' dir='ltr'><strong>his</strong></span> <span class='ocrx_word' id='word_1_647' title='bbox 1984 3924 2226 3977; x_wconf 87' lang='lat' dir='ltr'><strong>omnibus</strong></span> <span class='ocrx_word' id='word_1_648' title='bbox 2255 3931 2584 3976; x_wconf 89' lang='lat' dir='ltr'><strong>sacramenta</strong></span> <span class='ocrx_word' id='word_1_649' title='bbox 2625 3935 2925 3990; x_wconf 78' lang='lat' dir='ltr'><strong>qua&#39;rantur</strong></span> <span class='ocrx_word' id='word_1_650' title='bbox 2953 3925 3079 3993; x_wconf 74' lang='lat'><strong>65,</strong></span> <span class='ocrx_word' id='word_1_651' title='bbox 3113 3909 3329 3991; x_wconf 78' lang='lat' dir='ltr'><strong>majoris</strong></span> 
     </span>
    </p>
   </div>
   <div class='ocr_carea' id='block_1_87' title="bbox 1789 4011 3332 4081">
    <p class='ocr_par' dir='ltr' id='par_1_87' title="bbox 1789 4011 3332 4081">
     <span class='ocr_line' id='line_1_88' title="bbox 1789 4011 3332 4081; baseline 0.001 -15"><span class='ocrx_word' id='word_1_652' title='bbox 1789 4013 2157 4066; x_wconf 88' lang='lat' dir='ltr'><strong>admirationis</strong></span> <span class='ocrx_word' id='word_1_653' title='bbox 2187 4013 2432 4081; x_wconf 88' lang='lat' dir='ltr'><strong>gaudium</strong></span> <span class='ocrx_word' id='word_1_654' title='bbox 2461 4013 2556 4077; x_wconf 85' lang='lat' dir='ltr'><strong>ipsi</strong></span> <span class='ocrx_word' id='word_1_655' title='bbox 2595 4011 2682 4080; x_wconf 88' lang='lat' dir='ltr'><strong>qui</strong></span> <span class='ocrx_word' id='word_1_656' title='bbox 2703 4013 2964 4065; x_wconf 82' lang='lat' dir='ltr'><strong>invenerit</strong></span> <span class='ocrx_word' id='word_1_657' title='bbox 2992 4015 3209 4067; x_wconf 88' lang='lat' dir='ltr'><strong>orietur.</strong></span> <span class='ocrx_word' id='word_1_658' title='bbox 3231 4016 3332 4066; x_wconf 87' lang='lat' dir='ltr'><strong>Ca-</strong></span> 
     </span>
    </p>
   </div>
   <div class='ocr_carea' id='block_1_88' title="bbox 1787 4101 3328 4170">
    <p class='ocr_par' dir='ltr' id='par_1_88' title="bbox 1787 4101 3328 4170">
     <span class='ocr_line' id='line_1_89' title="bbox 1787 4101 3328 4170; baseline 0.001 -17"><span class='ocrx_word' id='word_1_659' title='bbox 1787 4104 1850 4153; x_wconf 84' lang='lat' dir='ltr'><strong>da</strong></span> <span class='ocrx_word' id='word_1_660' title='bbox 1862 4101 2066 4153; x_wconf 76' lang='lat' dir='ltr'><strong>veribus</strong></span> <span class='ocrx_word' id='word_1_661' title='bbox 2081 4102 2272 4166; x_wconf 82' lang='lat' dir='ltr'><strong>quippe</strong></span> <span class='ocrx_word' id='word_1_662' title='bbox 2287 4109 2611 4152; x_wconf 93' lang='lat' dir='ltr'><strong>mortuorum</strong></span> <span class='ocrx_word' id='word_1_663' title='bbox 2628 4110 2834 4167; x_wconf 89' lang='lat' dir='ltr'><strong>peccata</strong></span> <span class='ocrx_word' id='word_1_664' title='bbox 2854 4101 3130 4167; x_wconf 83' lang='lat' dir='ltr'><strong>significari</strong></span> <span class='ocrx_word' id='word_1_665' title='bbox 3147 4103 3195 4153; x_wconf 93' lang='lat' dir='ltr'><strong>in</strong></span> <span class='ocrx_word' id='word_1_666' title='bbox 3216 4103 3328 4170; x_wconf 80' lang='lat' dir='ltr'><strong>lege</strong></span> 
     </span>
    </p>
   </div>
   <div class='ocr_carea' id='block_1_89' title="bbox 1787 4187 3321 4256">
    <p class='ocr_par' dir='ltr' id='par_1_89' title="bbox 1787 4187 3321 4256">
     <span class='ocr_line' id='line_1_90' title="bbox 1787 4187 3321 4256; baseline 0.002 -15"><span class='ocrx_word' id='word_1_667' title='bbox 1787 4204 1889 4241; x_wconf 91' lang='lat' dir='ltr'><strong>non</strong></span> <span class='ocrx_word' id='word_1_668' title='bbox 1920 4189 2138 4242; x_wconf 93' lang='lat' dir='ltr'><strong>dubium</strong></span> <span class='ocrx_word' id='word_1_669' title='bbox 2170 4197 2269 4251; x_wconf 92' lang='lat' dir='ltr'><strong>est,</strong></span> <span class='ocrx_word' id='word_1_670' title='bbox 2296 4187 2683 4254; x_wconf 90' lang='lat' dir='ltr'><strong>cumjubentur</strong></span> <span class='ocrx_word' id='word_1_671' title='bbox 2717 4188 2955 4241; x_wconf 87' lang='lat' dir='ltr'><strong>homines</strong></span> <span class='ocrx_word' id='word_1_672' title='bbox 2987 4199 3100 4256; x_wconf 90' lang='lat' dir='ltr'><strong>post</strong></span> <span class='ocrx_word' id='word_1_673' title='bbox 3139 4206 3321 4244; x_wconf 91' lang='lat' dir='ltr'><strong>eorum</strong></span> 
     </span>
    </p>
   </div>
   <div class='ocr_carea' id='block_1_90' title="bbox 1784 4279 3326 4347">
    <p class='ocr_par' dir='ltr' id='par_1_90' title="bbox 1784 4279 3326 4347">
     <span class='ocr_line' id='line_1_91' title="bbox 1784 4279 3326 4347; baseline 0.001 -14"><span class='ocrx_word' id='word_1_674' title='bbox 1784 4281 2246 4334; x_wconf 88' lang='lat' dir='ltr'><strong>contreetationem</strong></span> <span class='ocrx_word' id='word_1_675' title='bbox 2287 4280 2402 4333; x_wconf 86' lang='lat' dir='ltr'><strong>sive</strong></span> <span class='ocrx_word' id='word_1_676' title='bbox 2425 4279 2840 4347; x_wconf 85' lang='lat' dir='ltr'><strong>qualemcunque</strong></span> <span class='ocrx_word' id='word_1_677' title='bbox 2882 4290 3177 4333; x_wconf 85' lang='lat' dir='ltr'><strong>contactum</strong></span> <span class='ocrx_word' id='word_1_678' title='bbox 3212 4291 3326 4334; x_wconf 90' lang='lat' dir='ltr'><strong>tan-</strong></span> 
     </span>
    </p>
   </div>
   <div class='ocr_carea' id='block_1_91' title="bbox 1786 4369 3322 4438">
    <p class='ocr_par' dir='ltr' id='par_1_91' title="bbox 1786 4369 3322 4438">
     <span class='ocr_line' id='line_1_92' title="bbox 1786 4369 3322 4438; baseline 0.002 -17"><span class='ocrx_word' id='word_1_679' title='bbox 1786 4385 1938 4438; x_wconf 87' lang='lat' dir='ltr'><strong>quam</strong></span> <span class='ocrx_word' id='word_1_680' title='bbox 1969 4369 2034 4420; x_wconf 90' lang='lat' dir='ltr'><strong>ab</strong></span> <span class='ocrx_word' id='word_1_681' title='bbox 2059 4369 2386 4421; x_wconf 89' lang='lat' dir='ltr'><strong>immunditia</strong></span> <span class='ocrx_word' id='word_1_682' title='bbox 2413 4369 2694 4436; x_wconf 89' lang='lat' dir='ltr'><strong>purifleari,</strong></span> <span class='ocrx_word' id='word_1_683' title='bbox 2732 4379 2782 4421; x_wconf 90' lang='lat' dir='ltr'><strong>et</strong></span> <span class='ocrx_word' id='word_1_684' title='bbox 2813 4370 2929 4420; x_wconf 91' lang='lat' dir='ltr'><strong>hinc</strong></span> <span class='ocrx_word' id='word_1_685' title='bbox 2953 4370 3032 4420; x_wconf 91' lang='lat' dir='ltr'><strong>illa</strong></span> <span class='ocrx_word' id='word_1_686' title='bbox 3062 4374 3322 4424; x_wconf 87' lang='lat' dir='ltr'><strong>sententia</strong></span> 
     </span>
    </p>
   </div>
   <div class='ocr_carea' id='block_1_92' title="bbox 167 4451 3321 4530">
    <p class='ocr_par' dir='ltr' id='par_1_92' title="bbox 167 4451 3321 4530">
     <span class='ocr_line' id='line_1_93' title="bbox 167 4451 3321 4530; baseline 0.004 -30"><span class='ocrx_word' id='word_1_687' title='bbox 167 4451 223 4504; x_wconf 84' lang='lat' dir='ltr'><strong>lis</strong></span> <span class='ocrx_word' id='word_1_688' title='bbox 241 4456 324 4509; x_wconf 88' lang='lat' dir='ltr'><strong>sed</strong></span> <span class='ocrx_word' id='word_1_689' title='bbox 356 4459 621 4512; x_wconf 90' lang='lat' dir='ltr'><strong>intellectu</strong></span> <span class='ocrx_word' id='word_1_690' title='bbox 654 4460 994 4514; x_wconf 88' lang='lat' dir='ltr'><strong>discernenda</strong></span> <span class='ocrx_word' id='word_1_691' title='bbox 1024 4462 1090 4514; x_wconf 91' lang='lat' dir='ltr'><strong>ab</strong></span> <span class='ocrx_word' id='word_1_692' title='bbox 1117 4476 1176 4515; x_wconf 89' lang='lat' dir='ltr'><strong>ea</strong></span> <span class='ocrx_word' id='word_1_693' title='bbox 1216 4458 1543 4530; x_wconf 83' lang='lat' dir='ltr'><strong>corpulentia</strong></span> <span class='ocrx_word' id='word_1_694' title='bbox 1569 4482 1682 4528; x_wconf 64' lang='lat' dir='ltr'><strong>qua:</strong></span> <span class='ocrx_word' id='word_1_695' title='bbox 1713 4457 1760 4516; x_wconf 90' lang='lat' dir='ltr'><strong>D</strong></span> <span class='ocrx_word' id='word_1_696' title='bbox 1785 4461 1938 4513; x_wconf 91' lang='lat' dir='ltr'><strong>ducta</strong></span> <span class='ocrx_word' id='word_1_697' title='bbox 1962 4471 2036 4512; x_wconf 90' lang='lat' dir='ltr'><strong>est</strong></span> <span class='ocrx_word' id='word_1_698' title='bbox 2059 4477 2072 4514; x_wconf 90' lang='lat'><strong>:</strong></span> <span class='ocrx_word' id='word_1_699' title='bbox 2096 4459 2193 4524; x_wconf 87' lang='lat' dir='ltr'><strong>Qui</strong></span> <span class='ocrx_word' id='word_1_700' title='bbox 2219 4457 2510 4523; x_wconf 83' lang='lat' dir='ltr'><strong>baptizatur</strong></span> <span class='ocrx_word' id='word_1_701' title='bbox 2531 4475 2558 4510; x_wconf 88' lang='lat' dir='ltr'><strong>a</strong></span> <span class='ocrx_word' id='word_1_702' title='bbox 2581 4468 2783 4510; x_wconf 90' lang='lat' dir='ltr'><strong>mortuo</strong></span> <span class='ocrx_word' id='word_1_703' title='bbox 2802 4468 2851 4511; x_wconf 89' lang='lat' dir='ltr'><strong>et</strong></span> <span class='ocrx_word' id='word_1_704' title='bbox 2878 4459 3066 4511; x_wconf 89' lang='lat' dir='ltr'><strong>iterum</strong></span> <span class='ocrx_word' id='word_1_705' title='bbox 3086 4463 3247 4528; x_wconf 89' lang='lat' dir='ltr'><strong>tangit</strong></span> <span class='ocrx_word' id='word_1_706' title='bbox 3271 4464 3321 4514; x_wconf 87' lang='lat' dir='ltr'><strong>il-</strong></span> 
     </span>
    </p>
   </div>
   <div class='ocr_carea' id='block_1_93' title="bbox 167 4541 1674 4622">
    <p class='ocr_par' dir='ltr' id='par_1_93' title="bbox 167 4541 1674 4622">
     <span class='ocr_line' id='line_1_94' title="bbox 167 4541 1674 4622; baseline 0.011 -32"><span class='ocrx_word' id='word_1_707' title='bbox 167 4541 284 4606; x_wconf 87' lang='lat' dir='ltr'><strong>visu,</strong></span> <span class='ocrx_word' id='word_1_708' title='bbox 310 4554 440 4598; x_wconf 86' lang='lat' dir='ltr'><strong>tactu</strong></span> <span class='ocrx_word' id='word_1_709' title='bbox 467 4547 604 4619; x_wconf 74' lang='lat' dir='ltr'><strong>[visu</strong></span> <span class='ocrx_word' id='word_1_710' title='bbox 638 4549 900 4618; x_wconf 80' lang='lat' dir='ltr'><strong>taetuque]</strong></span> <span class='ocrx_word' id='word_1_711' title='bbox 930 4546 1166 4612; x_wconf 83' lang='lat' dir='ltr'><strong>sentitur,</strong></span> <span class='ocrx_word' id='word_1_712' title='bbox 1200 4561 1251 4604; x_wconf 89' lang='lat' dir='ltr'><strong>et</strong></span> <span class='ocrx_word' id='word_1_713' title='bbox 1282 4553 1389 4621; x_wconf 82' lang='lat' dir='ltr'><strong>ipsa</strong></span> <span class='ocrx_word' id='word_1_714' title='bbox 1415 4555 1674 4622; x_wconf 88' lang='lat' dir='ltr'><strong>quantitas</strong></span> 
     </span>
    </p>
   </div>
   <div class='ocr_carea' id='block_1_94' title="bbox 166 4637 1677 4709">
    <p class='ocr_par' dir='ltr' id='par_1_94' title="bbox 166 4637 1677 4709">
     <span class='ocr_line' id='line_1_95' title="bbox 166 4637 1677 4709; baseline 0.011 -27"><span class='ocrx_word' id='word_1_715' title='bbox 166 4637 374 4701; x_wconf 82' lang='lat' dir='ltr'><strong>corporis</strong></span> <span class='ocrx_word' id='word_1_716' title='bbox 418 4641 649 4706; x_wconf 89' lang='lat' dir='ltr'><strong>humani,</strong></span> <span class='ocrx_word' id='word_1_717' title='bbox 682 4656 796 4705; x_wconf 72' lang='lat' dir='ltr'><strong>qua:</strong></span> <span class='ocrx_word' id='word_1_718' title='bbox 826 4642 998 4709; x_wconf 87' lang='lat' dir='ltr'><strong>utique</strong></span> <span class='ocrx_word' id='word_1_719' title='bbox 1025 4644 1290 4696; x_wconf 87' lang='lat' dir='ltr'><strong>modu&#39;um</strong></span> <span class='ocrx_word' id='word_1_720' title='bbox 1337 4646 1552 4699; x_wconf 87' lang='lat' dir='ltr'><strong>seminis</strong></span> <span class='ocrx_word' id='word_1_721' title='bbox 1600 4647 1677 4698; x_wconf 88' lang='lat' dir='ltr'><strong>in-</strong></span> 
     </span>
    </p>
   </div>
   <div class='ocr_carea' id='block_1_95' title="bbox 166 4727 1674 4798">
    <p class='ocr_par' dir='ltr' id='par_1_95' title="bbox 166 4727 1674 4798">
     <span class='ocr_line' id='line_1_96' title="bbox 166 4727 1674 4798; baseline 0.01 -25"><span class='ocrx_word' id='word_1_722' title='bbox 166 4727 564 4790; x_wconf 83' lang='lat' dir='ltr'><strong>enmparabiliter</strong></span> <span class='ocrx_word' id='word_1_723' title='bbox 590 4731 820 4794; x_wconf 81' lang='lat' dir='ltr'><strong>excedit,</strong></span> <span class='ocrx_word' id='word_1_724' title='bbox 849 4732 979 4782; x_wconf 89' lang='lat' dir='ltr'><strong>satis</strong></span> <span class='ocrx_word' id='word_1_725' title='bbox 1009 4733 1233 4784; x_wconf 87' lang='lat' dir='ltr'><strong>ostendit</strong></span> <span class='ocrx_word' id='word_1_726' title='bbox 1262 4746 1413 4798; x_wconf 89' lang='lat' dir='ltr'><strong>posse</strong></span> <span class='ocrx_word' id='word_1_727' title='bbox 1436 4733 1556 4787; x_wconf 91' lang='lat' dir='ltr'><strong>inde</strong></span> <span class='ocrx_word' id='word_1_728' title='bbox 1581 4736 1674 4793; x_wconf 82' lang='lat' dir='ltr'><strong>ali-</strong></span> 
     </span>
    </p>
   </div>
   <div class='ocr_carea' id='block_1_96' title="bbox 167 4812 1672 4889">
    <p class='ocr_par' dir='ltr' id='par_1_96' title="bbox 167 4812 1672 4889">
     <span class='ocr_line' id='line_1_97' title="bbox 167 4812 1672 4889; baseline 0.011 -29"><span class='ocrx_word' id='word_1_729' title='bbox 167 4812 270 4875; x_wconf 87' lang='lat' dir='ltr'><strong>quid</strong></span> <span class='ocrx_word' id='word_1_730' title='bbox 298 4820 424 4870; x_wconf 87' lang='lat' dir='ltr'><strong>sumi</strong></span> <span class='ocrx_word' id='word_1_731' title='bbox 469 4819 608 4888; x_wconf 89' lang='lat' dir='ltr'><strong>quod</strong></span> <span class='ocrx_word' id='word_1_732' title='bbox 663 4834 763 4872; x_wconf 93' lang='lat' dir='ltr'><strong>non</strong></span> <span class='ocrx_word' id='word_1_733' title='bbox 821 4821 1013 4873; x_wconf 84' lang='lat' dir='ltr'><strong>habeat</strong></span> <span class='ocrx_word' id='word_1_734' title='bbox 1043 4821 1182 4873; x_wconf 90' lang='lat' dir='ltr'><strong>illam</strong></span> <span class='ocrx_word' id='word_1_735' title='bbox 1213 4824 1315 4874; x_wconf 89' lang='lat' dir='ltr'><strong>vim</strong></span> <span class='ocrx_word' id='word_1_736' title='bbox 1347 4825 1672 4889; x_wconf 86' lang='lat' dir='ltr'><strong>seminalem,</strong></span> 
     </span>
    </p>
   </div>
   <div class='ocr_carea' id='block_1_97' title="bbox 167 4901 1673 4979">
    <p class='ocr_par' dir='ltr' id='par_1_97' title="bbox 167 4901 1673 4979">
     <span class='ocr_line' id='line_1_98' title="bbox 167 4901 1673 4979; baseline 0.009 -27"><span class='ocrx_word' id='word_1_737' title='bbox 167 4901 242 4952; x_wconf 84' lang='lat' dir='ltr'><strong>sed</strong></span> <span class='ocrx_word' id='word_1_738' title='bbox 265 4911 447 4961; x_wconf 84' lang='lat' dir='ltr'><strong>tantum</strong></span> <span class='ocrx_word' id='word_1_739' title='bbox 473 4909 802 4976; x_wconf 88' lang='lat' dir='ltr'><strong>corporalem</strong></span> <span class='ocrx_word' id='word_1_740' title='bbox 855 4910 1222 4974; x_wconf 87' lang='lat' dir='ltr'><strong>substantiam,</strong></span> <span class='ocrx_word' id='word_1_741' title='bbox 1265 4927 1380 4979; x_wconf 68' lang='lat' dir='ltr'><strong>qua:</strong></span> <span class='ocrx_word' id='word_1_742' title='bbox 1429 4912 1673 4966; x_wconf 88' lang='lat' dir='ltr'><strong>divinitus</strong></span> 
     </span>
    </p>
   </div>
   <div class='ocr_carea' id='block_1_98' title="bbox 1786 4549 3320 4620">
    <p class='ocr_par' dir='ltr' id='par_1_98' title="bbox 1786 4549 3320 4620">
     <span class='ocr_line' id='line_1_99' title="bbox 1786 4549 3320 4620; baseline 0.002 -17"><span class='ocrx_word' id='word_1_743' title='bbox 1786 4551 1912 4614; x_wconf 91' lang='lat' dir='ltr'><strong>lum,</strong></span> <span class='ocrx_word' id='word_1_744' title='bbox 1938 4551 2062 4619; x_wconf 85' lang='lat' dir='ltr'><strong>quid</strong></span> <span class='ocrx_word' id='word_1_745' title='bbox 2088 4551 2290 4617; x_wconf 85' lang='lat' dir='ltr'><strong>proficit</strong></span> <span class='ocrx_word' id='word_1_746' title='bbox 2312 4551 2499 4603; x_wconf 90' lang='lat' dir='ltr'><strong>lavatio</strong></span> <span class='ocrx_word' id='word_1_747' title='bbox 2515 4549 2627 4618; x_wconf 88' lang='lat' dir='ltr'><strong>ejus</strong></span> <span class='ocrx_word' id='word_1_748' title='bbox 2642 4551 2663 4602; x_wconf 85' lang='lat'><strong>?</strong></span> <span class='ocrx_word' id='word_1_749' title='bbox 2680 4549 2754 4602; x_wconf 90' lang='lat' dir='ltr'><strong>sic</strong></span> <span class='ocrx_word' id='word_1_750' title='bbox 2770 4561 2819 4602; x_wconf 93' lang='lat' dir='ltr'><strong>et</strong></span> <span class='ocrx_word' id='word_1_751' title='bbox 2841 4553 2924 4617; x_wconf 92' lang='lat' dir='ltr'><strong>qui</strong></span> <span class='ocrx_word' id='word_1_752' title='bbox 2945 4550 3147 4619; x_wconf 88' lang='lat' dir='ltr'><strong>jejunat</strong></span> <span class='ocrx_word' id='word_1_753' title='bbox 3164 4568 3320 4620; x_wconf 89' lang='lat' dir='ltr'><strong>super</strong></span> 
     </span>
    </p>
   </div>
   <div class='ocr_carea' id='block_1_99' title="bbox 1784 4629 3320 4707">
    <p class='ocr_par' dir='ltr' id='par_1_99' title="bbox 1784 4629 3320 4707">
     <span class='ocr_line' id='line_1_100' title="bbox 1784 4629 3320 4707; baseline 0.001 -12"><span class='ocrx_word' id='word_1_754' title='bbox 1784 4649 1994 4707; x_wconf 86' lang='lat' dir='ltr'><strong>peccata</strong></span> <span class='ocrx_word' id='word_1_755' title='bbox 2018 4629 2130 4704; x_wconf 81' lang='lat' dir='ltr'><strong>sua,</strong></span> <span class='ocrx_word' id='word_1_756' title='bbox 2156 4649 2206 4693; x_wconf 92' lang='lat' dir='ltr'><strong>et</strong></span> <span class='ocrx_word' id='word_1_757' title='bbox 2224 4641 2409 4692; x_wconf 90' lang='lat' dir='ltr'><strong>iterum</strong></span> <span class='ocrx_word' id='word_1_758' title='bbox 2433 4638 2706 4690; x_wconf 83' lang='lat' dir='ltr'><strong>ambulans</strong></span> <span class='ocrx_word' id='word_1_759' title='bbox 2732 4641 2841 4693; x_wconf 70' lang='lat' dir='ltr'><strong>tunc</strong></span> <span class='ocrx_word' id='word_1_760' title='bbox 2863 4641 3043 4692; x_wconf 88' lang='lat' dir='ltr'><strong>eadem</strong></span> <span class='ocrx_word' id='word_1_761' title='bbox 3067 4641 3204 4695; x_wconf 78' lang='lat' dir='ltr'><strong>facit.</strong></span> <span class='ocrx_word' id='word_1_762' title='bbox 3231 4643 3320 4696; x_wconf 86' lang='lat' dir='ltr'><strong>Se-</strong></span> 
     </span>
    </p>
   </div>
   <div class='ocr_carea' id='block_1_100' title="bbox 1782 4719 3319 4799">
    <p class='ocr_par' dir='ltr' id='par_1_100' title="bbox 1782 4719 3319 4799">
     <span class='ocr_line' id='line_1_101' title="bbox 1782 4719 3319 4799; baseline -0.001 -18"><span class='ocrx_word' id='word_1_763' title='bbox 1782 4732 1983 4799; x_wconf 85' lang='lat' dir='ltr'><strong>pultnra</strong></span> <span class='ocrx_word' id='word_1_764' title='bbox 2001 4743 2125 4796; x_wconf 90' lang='lat' dir='ltr'><strong>ergo</strong></span> <span class='ocrx_word' id='word_1_765' title='bbox 2145 4736 2468 4780; x_wconf 91' lang='lat' dir='ltr'><strong>mortuorum</strong></span> <span class='ocrx_word' id='word_1_766' title='bbox 2486 4719 3120 4795; x_wconf 75' lang='lat' dir='ltr'><strong>reinissionemsigniﬁcat</strong></span> <span class='ocrx_word' id='word_1_767' title='bbox 3139 4745 3319 4796; x_wconf 89' lang='lat' dir='ltr'><strong>pecea-</strong></span> 
     </span>
    </p>
   </div>
   <div class='ocr_carea' id='block_1_101' title="bbox 1785 4814 3314 4886">
    <p class='ocr_par' dir='ltr' id='par_1_101' title="bbox 1785 4814 3314 4886">
     <span class='ocr_line' id='line_1_102' title="bbox 1785 4814 3314 4886; baseline 0.001 -15"><span class='ocrx_word' id='word_1_768' title='bbox 1785 4830 1978 4880; x_wconf 91' lang='lat' dir='ltr'><strong>torum,</strong></span> <span class='ocrx_word' id='word_1_769' title='bbox 2009 4834 2072 4870; x_wconf 90' lang='lat' dir='ltr'><strong>eo</strong></span> <span class='ocrx_word' id='word_1_770' title='bbox 2101 4816 2366 4883; x_wconf 91' lang='lat' dir='ltr'><strong>pertinens</strong></span> <span class='ocrx_word' id='word_1_771' title='bbox 2396 4816 2530 4884; x_wconf 90' lang='lat' dir='ltr'><strong>quod</strong></span> <span class='ocrx_word' id='word_1_772' title='bbox 2553 4814 2744 4868; x_wconf 88' lang='lat' dir='ltr'><strong>dictum</strong></span> <span class='ocrx_word' id='word_1_773' title='bbox 2774 4826 2852 4870; x_wconf 90' lang='lat' dir='ltr'><strong>est</strong></span> <span class='ocrx_word' id='word_1_774' title='bbox 2882 4834 2894 4870; x_wconf 76' lang='grc' dir='ltr'>ε</span> <span class='ocrx_word' id='word_1_775' title='bbox 2930 4817 3070 4870; x_wconf 84' lang='lat' dir='ltr'><strong>Beati</strong></span> <span class='ocrx_word' id='word_1_776' title='bbox 3093 4834 3314 4886; x_wconf 91' lang='lat' dir='ltr'><strong>quorum</strong></span> 
     </span>
    </p>
   </div>
   <div class='ocr_carea' id='block_1_102' title="bbox 1787 4905 3314 4972">
    <p class='ocr_par' dir='ltr' id='par_1_102' title="bbox 1787 4905 3314 4972">
     <span class='ocr_line' id='line_1_103' title="bbox 1787 4905 3314 4972; baseline 0.001 -14"><span class='ocrx_word' id='word_1_777' title='bbox 1787 4909 2019 4959; x_wconf 66' lang='lat' dir='ltr'><strong>remissae</strong></span> <span class='ocrx_word' id='word_1_778' title='bbox 2040 4915 2159 4959; x_wconf 90' lang='lat' dir='ltr'><strong>sunt</strong></span> <span class='ocrx_word' id='word_1_779' title='bbox 2182 4905 2498 4972; x_wconf 86' lang='lat' dir='ltr'><strong>iniquitates,</strong></span> <span class='ocrx_word' id='word_1_780' title='bbox 2529 4913 2579 4956; x_wconf 92' lang='lat' dir='ltr'><strong>et</strong></span> <span class='ocrx_word' id='word_1_781' title='bbox 2603 4919 2818 4970; x_wconf 91' lang='lat' dir='ltr'><strong>quorum</strong></span> <span class='ocrx_word' id='word_1_782' title='bbox 2839 4913 2970 4958; x_wconf 86' lang='lat' dir='ltr'><strong>tecta</strong></span> <span class='ocrx_word' id='word_1_783' title='bbox 2994 4915 3117 4958; x_wconf 82' lang='lat' dir='ltr'><strong>sunt</strong></span> <span class='ocrx_word' id='word_1_784' title='bbox 3138 4922 3314 4970; x_wconf 86' lang='lat' dir='ltr'><strong>pecea-</strong></span> 
     </span>
    </p>
   </div>
   <div class='ocr_carea' id='block_1_103' title="bbox 1777 4993 3313 5063">
    <p class='ocr_par' dir='ltr' id='par_1_103' title="bbox 1777 4993 3313 5063">
     <span class='ocr_line' id='line_1_104' title="bbox 1777 4993 3313 5063; baseline 0 -16"><span class='ocrx_word' id='word_1_785' title='bbox 1777 5005 1847 5049; x_wconf 89' lang='lat' dir='ltr'><strong>ta.</strong></span> <span class='ocrx_word' id='word_1_786' title='bbox 1870 4996 1960 5050; x_wconf 91' lang='lat' dir='ltr'><strong>Ubi</strong></span> <span class='ocrx_word' id='word_1_787' title='bbox 1976 5011 2100 5062; x_wconf 84' lang='lat' dir='ltr'><strong>ergo</strong></span> <span class='ocrx_word' id='word_1_788' title='bbox 2113 4995 2415 5063; x_wconf 85' lang='lat' dir='ltr'><strong>sepelienda</strong></span> <span class='ocrx_word' id='word_1_789' title='bbox 2431 5010 2513 5046; x_wconf 73' lang='lat' dir='ltr'><strong>era</strong></span> <span class='ocrx_word' id='word_1_790' title='bbox 2525 5004 2580 5047; x_wconf 87' lang='lat' dir='ltr'><strong>ut</strong></span> <span class='ocrx_word' id='word_1_791' title='bbox 2594 4994 2691 5044; x_wconf 88' lang='lat' dir='ltr'><strong>hoc</strong></span> <span class='ocrx_word' id='word_1_792' title='bbox 2704 4993 3044 5061; x_wconf 73' lang='lat' dir='ltr'><strong>significantia</strong></span> <span class='ocrx_word' id='word_1_793' title='bbox 3061 4996 3313 5048; x_wconf 88' lang='lat' dir='ltr'><strong>cadavera</strong></span> 
     </span>
    </p>
   </div>
   <div class='ocr_carea' id='block_1_104' title="bbox 1777 5083 3314 5153">
    <p class='ocr_par' dir='ltr' id='par_1_104' title="bbox 1777 5083 3314 5153">
     <span class='ocr_line' id='line_1_105' title="bbox 1777 5083 3314 5153; baseline 0 -15"><span class='ocrx_word' id='word_1_794' title='bbox 1777 5086 2208 5153; x_wconf 88' lang='lat' dir='ltr'><strong>patriarcharum,</strong></span> <span class='ocrx_word' id='word_1_795' title='bbox 2239 5085 2337 5136; x_wconf 91' lang='lat' dir='ltr'><strong>nisi</strong></span> <span class='ocrx_word' id='word_1_796' title='bbox 2373 5085 2421 5134; x_wconf 90' lang='lat' dir='ltr'><strong>in</strong></span> <span class='ocrx_word' id='word_1_797' title='bbox 2446 5097 2503 5135; x_wconf 91' lang='lat' dir='ltr'><strong>ea</strong></span> <span class='ocrx_word' id='word_1_798' title='bbox 2530 5091 2667 5135; x_wconf 87' lang='lat' dir='ltr'><strong>terra</strong></span> <span class='ocrx_word' id='word_1_799' title='bbox 2698 5083 2780 5134; x_wconf 90' lang='lat' dir='ltr'><strong>ubi</strong></span> <span class='ocrx_word' id='word_1_800' title='bbox 2807 5084 2889 5135; x_wconf 90' lang='lat' dir='ltr'><strong>ille</strong></span> <span class='ocrx_word' id='word_1_801' title='bbox 2925 5083 3206 5136; x_wconf 88' lang='lat' dir='ltr'><strong>crucifixus</strong></span> <span class='ocrx_word' id='word_1_802' title='bbox 3234 5097 3314 5138; x_wconf 84' lang='lat' dir='ltr'><strong>est</strong></span> 
     </span>
    </p>
   </div>
   <div class='ocr_carea' id='block_1_105' title="bbox 1775 5171 3313 5243">
    <p class='ocr_par' dir='ltr' id='par_1_105' title="bbox 1775 5171 3313 5243">
     <span class='ocr_line' id='line_1_106' title="bbox 1775 5171 3313 5243; baseline -0.005 -16"><span class='ocrx_word' id='word_1_803' title='bbox 1775 5175 1921 5243; x_wconf 81' lang='lat' dir='ltr'><strong>Cujus</strong></span> <span class='ocrx_word' id='word_1_804' title='bbox 1943 5174 2190 5240; x_wconf 82' lang='lat' dir='ltr'><strong>sanguine</strong></span> <span class='ocrx_word' id='word_1_805' title='bbox 2215 5173 2346 5224; x_wconf 86' lang='lat' dir='ltr'><strong>facta</strong></span> <span class='ocrx_word' id='word_1_806' title='bbox 2375 5179 2454 5223; x_wconf 88' lang='lat' dir='ltr'><strong>est</strong></span> <span class='ocrx_word' id='word_1_807' title='bbox 2490 5171 2732 5223; x_wconf 88' lang='lat' dir='ltr'><strong>remissio</strong></span> <span class='ocrx_word' id='word_1_808' title='bbox 2778 5171 3143 5236; x_wconf 78' lang='lat' dir='ltr'><strong>peccatorum?</strong></span> <span class='ocrx_word' id='word_1_809' title='bbox 3175 5187 3313 5224; x_wconf 79' lang='lat' dir='ltr'><strong>mor-</strong></span> 
     </span>
    </p>
   </div>
   <div class='ocr_carea' id='block_1_106' title="bbox 1778 5245 3310 5330">
    <p class='ocr_par' dir='ltr' id='par_1_106' title="bbox 1778 5245 3310 5330">
     <span class='ocr_line' id='line_1_107' title="bbox 1778 5245 3310 5330; baseline -0.005 -12"><span class='ocrx_word' id='word_1_810' title='bbox 1778 5268 1912 5318; x_wconf 87' lang='lat' dir='ltr'><strong>tibus</strong></span> <span class='ocrx_word' id='word_1_811' title='bbox 1936 5266 2072 5318; x_wconf 92' lang='lat' dir='ltr'><strong>enim</strong></span> <span class='ocrx_word' id='word_1_812' title='bbox 2102 5262 2511 5330; x_wconf 87' lang='lat' dir='ltr'><strong>patriarcharum</strong></span> <span class='ocrx_word' id='word_1_813' title='bbox 2563 5271 2772 5327; x_wconf 84' lang='lat' dir='ltr'><strong>peccata</strong></span> <span class='ocrx_word' id='word_1_814' title='bbox 2805 5245 3067 5313; x_wconf 79' lang='lat' dir='ltr'><strong>hominum</strong></span> <span class='ocrx_word' id='word_1_815' title='bbox 3097 5260 3310 5327; x_wconf 81' lang='lat' dir='ltr'><strong>figurata</strong></span> 
     </span>
    </p>
   </div>
   <div class='ocr_carea' id='block_1_107' title="bbox 1773 5349 3306 5414">
    <p class='ocr_par' dir='ltr' id='par_1_107' title="bbox 1773 5349 3306 5414">
     <span class='ocr_line' id='line_1_108' title="bbox 1773 5349 3306 5414; baseline -0.003 -8"><span class='ocrx_word' id='word_1_816' title='bbox 1773 5362 1913 5406; x_wconf 85' lang='lat' dir='ltr'><strong>sunt.</strong></span> <span class='ocrx_word' id='word_1_817' title='bbox 1961 5354 2155 5405; x_wconf 71' lang='lat' dir='ltr'><strong>Diei-ur</strong></span> <span class='ocrx_word' id='word_1_818' title='bbox 2201 5361 2372 5403; x_wconf 90' lang='lat' dir='ltr'><strong>autem</strong></span> <span class='ocrx_word' id='word_1_819' title='bbox 2417 5350 2482 5401; x_wconf 92' lang='lat' dir='ltr'><strong>ab</strong></span> <span class='ocrx_word' id='word_1_820' title='bbox 2527 5363 2589 5401; x_wconf 91' lang='lat' dir='ltr'><strong>eo</strong></span> <span class='ocrx_word' id='word_1_821' title='bbox 2646 5350 2759 5401; x_wconf 91' lang='lat' dir='ltr'><strong>loco</strong></span> <span class='ocrx_word' id='word_1_822' title='bbox 2810 5349 2945 5414; x_wconf 91' lang='lat' dir='ltr'><strong>quod</strong></span> <span class='ocrx_word' id='word_1_823' title='bbox 3006 5349 3306 5402; x_wconf 84' lang='lat' dir='ltr'><strong>Abramium</strong></span> 
     </span>
    </p>
   </div>
   <div class='ocr_carea' id='block_1_108' title="bbox 1776 5437 3306 5516">
    <p class='ocr_par' dir='ltr' id='par_1_108' title="bbox 1776 5437 3306 5516">
     <span class='ocr_line' id='line_1_109' title="bbox 1776 5437 3306 5516; baseline -0.005 -19"><span class='ocrx_word' id='word_1_824' title='bbox 1776 5441 2156 5516; x_wconf 78' lang='lat' dir='ltr'><strong>[Abraemium]</strong></span> <span class='ocrx_word' id='word_1_825' title='bbox 2200 5448 2434 5500; x_wconf 88' lang='lat' dir='ltr'><strong>vocatur,</strong></span> <span class='ocrx_word' id='word_1_826' title='bbox 2458 5438 2544 5491; x_wconf 92' lang='lat' dir='ltr'><strong>ubi</strong></span> <span class='ocrx_word' id='word_1_827' title='bbox 2590 5447 2710 5491; x_wconf 89' lang='lat' dir='ltr'><strong>stmt</strong></span> <span class='ocrx_word' id='word_1_828' title='bbox 2739 5437 2831 5488; x_wconf 86' lang='lat' dir='ltr'><strong>ista</strong></span> <span class='ocrx_word' id='word_1_829' title='bbox 2857 5450 3096 5504; x_wconf 81' lang='lat' dir='ltr'><strong>Corpora,</strong></span> <span class='ocrx_word' id='word_1_830' title='bbox 3119 5438 3306 5490; x_wconf 86' lang='lat' dir='ltr'><strong>abesse</strong></span> 
     </span>
    </p>
   </div>
   <div class='ocr_carea' id='block_1_109' title="bbox 1775 5526 3312 5592">
    <p class='ocr_par' dir='ltr' id='par_1_109' title="bbox 1775 5526 3312 5592">
     <span class='ocr_line' id='line_1_110' title="bbox 1775 5526 3312 5592; baseline -0.007 -5"><span class='ocrx_word' id='word_1_831' title='bbox 1775 5536 1943 5590; x_wconf 92' lang='lat' dir='ltr'><strong>locum</strong></span> <span class='ocrx_word' id='word_1_832' title='bbox 1974 5534 2057 5586; x_wconf 90' lang='lat' dir='ltr'><strong>ubi</strong></span> <span class='ocrx_word' id='word_1_833' title='bbox 2088 5532 2365 5584; x_wconf 79' lang='lat' dir='ltr'><strong>crucifixus</strong></span> <span class='ocrx_word' id='word_1_834' title='bbox 2391 5539 2470 5581; x_wconf 89' lang='lat' dir='ltr'><strong>est</strong></span> <span class='ocrx_word' id='word_1_835' title='bbox 2500 5528 2745 5579; x_wconf 88' lang='lat' dir='ltr'><strong>Dominus</strong></span> <span class='ocrx_word' id='word_1_836' title='bbox 2775 5526 2881 5578; x_wconf 90' lang='lat' dir='ltr'><strong>fere</strong></span> <span class='ocrx_word' id='word_1_837' title='bbox 2927 5527 3129 5592; x_wconf 86' lang='lat' dir='ltr'><strong>triginta</strong></span> <span class='ocrx_word' id='word_1_838' title='bbox 3157 5526 3312 5577; x_wconf 83' lang='lat' dir='ltr'><strong>milli-</strong></span> 
     </span>
    </p>
   </div>
   <div class='ocr_carea' id='block_1_110' title="bbox 1776 5611 3310 5694">
    <p class='ocr_par' dir='ltr' id='par_1_110' title="bbox 1776 5611 3310 5694">
     <span class='ocr_line' id='line_1_111' title="bbox 1776 5611 3310 5694; baseline -0.011 -15"><span class='ocrx_word' id='word_1_839' title='bbox 1776 5626 1870 5678; x_wconf 92' lang='lat' dir='ltr'><strong>bus</strong></span> <span class='ocrx_word' id='word_1_840' title='bbox 1890 5618 2190 5694; x_wconf 80' lang='lat' dir='ltr'><strong>[passibus],</strong></span> <span class='ocrx_word' id='word_1_841' title='bbox 2215 5620 2444 5672; x_wconf 76' lang='lat' dir='ltr'><strong>utetiam</strong></span> <span class='ocrx_word' id='word_1_842' title='bbox 2471 5617 2579 5683; x_wconf 87' lang='lat' dir='ltr'><strong>ipse</strong></span> <span class='ocrx_word' id='word_1_843' title='bbox 2608 5627 2853 5667; x_wconf 90' lang='lat' dir='ltr'><strong>numerus</strong></span> <span class='ocrx_word' id='word_1_844' title='bbox 2874 5627 2990 5666; x_wconf 89' lang='lat' dir='ltr'><strong>eum</strong></span> <span class='ocrx_word' id='word_1_845' title='bbox 3015 5611 3310 5679; x_wconf 83' lang='lat' dir='ltr'><strong>significare</strong></span> 
     </span>
    </p>
   </div>
   <div class='ocr_carea' id='block_1_111' title="bbox 2850 5747 2926 5806">
    <p class='ocr_par' dir='ltr' id='par_1_111' title="bbox 2850 5747 2926 5806">
     <span class='ocr_line' id='line_1_112' title="bbox 2850 5747 2926 5806; baseline 0 -4"><span class='ocrx_word' id='word_1_846' title='bbox 2850 5747 2926 5806; x_wconf 78' lang='lat'><strong>23</strong></span> 
     </span>
    </p>
   </div>
   <div class='ocr_carea' id='block_1_112' title="bbox 170 4994 1674 5067">
    <p class='ocr_par' dir='ltr' id='par_1_112' title="bbox 170 4994 1674 5067">
     <span class='ocr_line' id='line_1_113' title="bbox 170 4994 1674 5067; baseline 0.011 -29"><span class='ocrx_word' id='word_1_847' title='bbox 170 5004 256 5042; x_wconf 88' lang='lat' dir='ltr'><strong>non</strong></span> <span class='ocrx_word' id='word_1_848' title='bbox 284 4994 344 5047; x_wconf 90' lang='lat' dir='ltr'><strong>de</strong></span> <span class='ocrx_word' id='word_1_849' title='bbox 370 5002 650 5067; x_wconf 90' lang='lat' dir='ltr'><strong>propagine</strong></span> <span class='ocrx_word' id='word_1_850' title='bbox 677 5001 1140 5053; x_wconf 90' lang='lat' dir='ltr'><strong>concumbentium</strong></span> <span class='ocrx_word' id='word_1_851' title='bbox 1175 5003 1224 5054; x_wconf 88' lang='lat' dir='ltr'><strong>in</strong></span> <span class='ocrx_word' id='word_1_852' title='bbox 1253 5017 1461 5054; x_wconf 86' lang='lat' dir='ltr'><strong>carnem</strong></span> <span class='ocrx_word' id='word_1_853' title='bbox 1487 5002 1674 5055; x_wconf 88' lang='lat' dir='ltr'><strong>Christi</strong></span> 
     </span>
    </p>
   </div>
   <div class='ocr_carea' id='block_1_113' title="bbox 170 5087 1673 5156">
    <p class='ocr_par' dir='ltr' id='par_1_113' title="bbox 170 5087 1673 5156">
     <span class='ocr_line' id='line_1_114' title="bbox 170 5087 1673 5156; baseline 0.01 -31"><span class='ocrx_word' id='word_1_854' title='bbox 170 5090 402 5156; x_wconf 71' lang='lat' dir='ltr'><strong>assumpta</strong></span> <span class='ocrx_word' id='word_1_855' title='bbox 439 5098 594 5152; x_wconf 85' lang='lat' dir='ltr'><strong>atque</strong></span> <span class='ocrx_word' id='word_1_856' title='bbox 650 5088 866 5140; x_wconf 90' lang='lat' dir='ltr'><strong>formata</strong></span> <span class='ocrx_word' id='word_1_857' title='bbox 913 5097 1012 5143; x_wconf 90' lang='lat' dir='ltr'><strong>est.</strong></span> <span class='ocrx_word' id='word_1_858' title='bbox 1060 5087 1168 5141; x_wconf 85' lang='lat' dir='ltr'><strong>Hoc</strong></span> <span class='ocrx_word' id='word_1_859' title='bbox 1211 5098 1380 5140; x_wconf 84' lang='lat' dir='ltr'><strong>autem</strong></span> <span class='ocrx_word' id='word_1_860' title='bbox 1411 5090 1475 5142; x_wconf 91' lang='lat' dir='ltr'><strong>de</strong></span> <span class='ocrx_word' id='word_1_861' title='bbox 1503 5091 1673 5142; x_wconf 88' lang='lat' dir='ltr'><strong>anima</strong></span> 
     </span>
    </p>
   </div>
   <div class='ocr_carea' id='block_1_114' title="bbox 169 5170 1675 5248">
    <p class='ocr_par' dir='ltr' id='par_1_114' title="bbox 169 5170 1675 5248">
     <span class='ocr_line' id='line_1_115' title="bbox 169 5170 1675 5248; baseline 0.009 -28"><span class='ocrx_word' id='word_1_862' title='bbox 169 5170 266 5232; x_wconf 89' lang='lat' dir='ltr'><strong>quis</strong></span> <span class='ocrx_word' id='word_1_863' title='bbox 288 5177 750 5244; x_wconf 72' lang='lat' dir='ltr'><strong>valeataffirinare,</strong></span> <span class='ocrx_word' id='word_1_864' title='bbox 779 5180 916 5247; x_wconf 88' lang='lat' dir='ltr'><strong>quod</strong></span> <span class='ocrx_word' id='word_1_865' title='bbox 971 5189 1245 5248; x_wconf 91' lang='lat' dir='ltr'><strong>utrumque</strong></span> <span class='ocrx_word' id='word_1_866' title='bbox 1277 5180 1464 5232; x_wconf 84' lang='lat' dir='ltr'><strong>habeat</strong></span> <span class='ocrx_word' id='word_1_867' title='bbox 1489 5191 1538 5234; x_wconf 92' lang='lat' dir='ltr'><strong>et</strong></span> <span class='ocrx_word' id='word_1_868' title='bbox 1567 5197 1675 5234; x_wconf 84' lang='lat' dir='ltr'><strong>rna-</strong></span> 
     </span>
    </p>
   </div>
   <div class='ocr_carea' id='block_1_115' title="bbox 172 5261 1666 5329">
    <p class='ocr_par' dir='ltr' id='par_1_115' title="bbox 172 5261 1666 5329">
     <span class='ocr_line' id='line_1_116' title="bbox 172 5261 1666 5329; baseline 0.009 -21"><span class='ocrx_word' id='word_1_869' title='bbox 172 5261 326 5314; x_wconf 86' lang='lat' dir='ltr'><strong>teriem</strong></span> <span class='ocrx_word' id='word_1_870' title='bbox 347 5268 553 5321; x_wconf 86' lang='lat' dir='ltr'><strong>seminis</strong></span> <span class='ocrx_word' id='word_1_871' title='bbox 577 5269 929 5329; x_wconf 73' lang='lat' dir='ltr'><strong>manifestam,</strong></span> <span class='ocrx_word' id='word_1_872' title='bbox 962 5277 1014 5319; x_wconf 75' lang='lat' dir='ltr'><strong>t-t</strong></span> <span class='ocrx_word' id='word_1_873' title='bbox 1055 5270 1306 5320; x_wconf 91' lang='lat' dir='ltr'><strong>rationem</strong></span> <span class='ocrx_word' id='word_1_874' title='bbox 1335 5269 1549 5321; x_wconf 87' lang='lat' dir='ltr'><strong>seminis</strong></span> <span class='ocrx_word' id='word_1_875' title='bbox 1578 5284 1666 5321; x_wconf 87' lang='lat' dir='ltr'><strong>oc-</strong></span> 
     </span>
    </p>
   </div>
   <div class='ocr_carea' id='block_1_116' title="bbox 171 5346 1668 5423">
    <p class='ocr_par' dir='ltr' id='par_1_116' title="bbox 171 5346 1668 5423">
     <span class='ocr_line' id='line_1_117' title="bbox 171 5346 1668 5423; baseline 0.008 -27"><span class='ocrx_word' id='word_1_876' title='bbox 171 5346 366 5404; x_wconf 80' lang='lat' dir='ltr'><strong>cultam?</strong></span> <span class='ocrx_word' id='word_1_877' title='bbox 389 5354 484 5408; x_wconf 88' lang='lat' dir='ltr'><strong>Sed</strong></span> <span class='ocrx_word' id='word_1_878' title='bbox 515 5357 638 5423; x_wconf 89' lang='lat' dir='ltr'><strong>quid</strong></span> <span class='ocrx_word' id='word_1_879' title='bbox 671 5357 902 5408; x_wconf 86' lang='lat' dir='ltr'><strong>laborem</strong></span> <span class='ocrx_word' id='word_1_880' title='bbox 924 5357 973 5406; x_wconf 91' lang='lat' dir='ltr'><strong>in</strong></span> <span class='ocrx_word' id='word_1_881' title='bbox 1000 5370 1053 5408; x_wconf 92' lang='lat' dir='ltr'><strong>re</strong></span> <span class='ocrx_word' id='word_1_882' title='bbox 1089 5371 1201 5422; x_wconf 73' lang='lat' dir='ltr'><strong>qua:</strong></span> <span class='ocrx_word' id='word_1_883' title='bbox 1229 5355 1528 5422; x_wconf 88' lang='lat' dir='ltr'><strong>persuaderi</strong></span> <span class='ocrx_word' id='word_1_884' title='bbox 1552 5371 1668 5410; x_wconf 86' lang='lat' dir='ltr'><strong>ver-</strong></span> 
     </span>
    </p>
   </div>
   <div class='ocr_carea' id='block_1_117' title="bbox 175 5430 1667 5514">
    <p class='ocr_par' dir='ltr' id='par_1_117' title="bbox 175 5430 1667 5514">
     <span class='ocr_line' id='line_1_118' title="bbox 175 5430 1667 5514; baseline 0.011 -31"><span class='ocrx_word' id='word_1_885' title='bbox 175 5431 240 5487; x_wconf 87' lang='lat' dir='ltr'><strong>bis</strong></span> <span class='ocrx_word' id='word_1_886' title='bbox 263 5430 436 5498; x_wconf 83' lang='lat' dir='ltr'><strong>nemini</strong></span> <span class='ocrx_word' id='word_1_887' title='bbox 462 5447 676 5501; x_wconf 90' lang='lat' dir='ltr'><strong>forsitan</strong></span> <span class='ocrx_word' id='word_1_888' title='bbox 703 5457 893 5514; x_wconf 89' lang='lat' dir='ltr'><strong>potest,</strong></span> <span class='ocrx_word' id='word_1_889' title='bbox 929 5447 1026 5498; x_wconf 80' lang='lat' dir='ltr'><strong>nisi</strong></span> <span class='ocrx_word' id='word_1_890' title='bbox 1056 5455 1251 5499; x_wconf 85' lang='lat' dir='ltr'><strong>tantum</strong></span> <span class='ocrx_word' id='word_1_891' title='bbox 1290 5462 1349 5502; x_wconf 90' lang='lat' dir='ltr'><strong>ac</strong></span> <span class='ocrx_word' id='word_1_892' title='bbox 1381 5448 1484 5500; x_wconf 89' lang='lat' dir='ltr'><strong>tale</strong></span> <span class='ocrx_word' id='word_1_893' title='bbox 1522 5449 1667 5514; x_wconf 85' lang='lat' dir='ltr'><strong>iuge-</strong></span> 
     </span>
    </p>
   </div>
   <div class='ocr_carea' id='block_1_118' title="bbox 173 5523 1664 5605">
    <p class='ocr_par' dir='ltr' id='par_1_118' title="bbox 173 5523 1664 5605">
     <span class='ocr_line' id='line_1_119' title="bbox 173 5523 1664 5605; baseline 0.009 -30"><span class='ocrx_word' id='word_1_894' title='bbox 173 5523 293 5579; x_wconf 81' lang='lat' dir='ltr'><strong>niutn</strong></span> <span class='ocrx_word' id='word_1_895' title='bbox 313 5532 373 5584; x_wconf 86' lang='lat' dir='ltr'><strong>sit</strong></span> <span class='ocrx_word' id='word_1_896' title='bbox 415 5539 546 5604; x_wconf 86' lang='lat' dir='ltr'><strong>quod</strong></span> <span class='ocrx_word' id='word_1_897' title='bbox 581 5538 742 5605; x_wconf 91' lang='lat' dir='ltr'><strong>possit</strong></span> <span class='ocrx_word' id='word_1_898' title='bbox 783 5538 1045 5604; x_wconf 88' lang='lat' dir='ltr'><strong>loquentis</strong></span> <span class='ocrx_word' id='word_1_899' title='bbox 1091 5538 1372 5603; x_wconf 68' lang='lat' dir='ltr'><strong>praevolare</strong></span> <span class='ocrx_word' id='word_1_900' title='bbox 1401 5549 1664 5600; x_wconf 89' lang='lat' dir='ltr'><strong>conatum,</strong></span> 
     </span>
    </p>
   </div>
   <div class='ocr_carea' id='block_1_119' title="bbox 175 5622 1668 5696">
    <p class='ocr_par' dir='ltr' id='par_1_119' title="bbox 175 5622 1668 5696">
     <span class='ocr_line' id='line_1_120' title="bbox 175 5622 1668 5696; baseline 0.013 -34"><span class='ocrx_word' id='word_1_901' title='bbox 175 5622 252 5666; x_wconf 80' lang='lat' dir='ltr'><strong>nec</strong></span> <span class='ocrx_word' id='word_1_902' title='bbox 273 5624 416 5678; x_wconf 88' lang='lat' dir='ltr'><strong>totum</strong></span> <span class='ocrx_word' id='word_1_903' title='bbox 437 5638 736 5696; x_wconf 75' lang='lat' dir='ltr'><strong>exspectare</strong></span> <span class='ocrx_word' id='word_1_904' title='bbox 765 5641 792 5679; x_wconf 90' lang='lat' dir='ltr'><strong>a</strong></span> <span class='ocrx_word' id='word_1_905' title='bbox 827 5641 1089 5680; x_wconf 78' lang='lat' dir='ltr'><strong>sermone.</strong></span> <span class='ocrx_word' id='word_1_906' title='bbox 1141 5627 1373 5681; x_wconf 80' lang='lat' dir='ltr'><strong>Breviter</strong></span> <span class='ocrx_word' id='word_1_907' title='bbox 1423 5629 1489 5680; x_wconf 91' lang='lat' dir='ltr'><strong>ita</strong></span> <span class='ocrx_word' id='word_1_908' title='bbox 1518 5628 1668 5682; x_wconf 90' lang='lat' dir='ltr'><strong>colli-</strong></span> 
     </span>
    </p>
   </div>
   <div class='ocr_carea' id='block_1_120' title="bbox 509 5758 979 5818">
    <p class='ocr_par' dir='ltr' id='par_1_120' title="bbox 509 5758 979 5818">
     <span class='ocr_line' id='line_1_121' title="bbox 509 5758 979 5818; baseline -0.009 1"><span class='ocrx_word' id='word_1_909' title='bbox 509 5762 775 5818; x_wconf 69' lang='lat' dir='ltr'><strong>anL.</strong></span> <span class='ocrx_word' id='word_1_910' title='bbox 815 5758 979 5815; x_wconf 69' lang='lat' dir='ltr'><strong>LXII</strong></span> 
     </span>
    </p>
   </div>
  </div>
