3886 6224
552 328 660 385 ⁸115

1634 317 1693 371 o.
1722 314 2033 370 sucrccn
2077 306 2361 369 ABBATIS
2400 313 2714 368 AFRICANI
3416 284 3417 287 γ
3685 320 3768 369 ne.

557 441 876 511 intelligatur
916 439 1010 508 qui
1035 438 1086 493 in
1120 436 1380 505 baptismo
1413 432 1652 501 apparuit
1699 430 1863 484 ferme
1894 430 2105 499 triginta
2134 434 2178 490 Α
2212 429 2521 497 praeputium
2550 428 2638 480 lilii
2668 427 2772 490 sui,
2797 432 2848 479 ct
2872 425 3092 492 procidit
3118 424 3181 479 ad
3208 424 3375 493 pedes
3401 440 3522 493 ejus
3548 437 3603 479 et
3629 432 3744 479 άιιλι

560 547 840 594 annorum,
866 540 918 584 ct
938 529 981 583 si
1013 528 1137 597 quid
1158 526 1297 578 aliud
1324 525 1390 575 de
1425 536 1483 575 re
1515 528 1655 573 tanta
1688 520 1769 573 vel
1812 519 1913 574 hoc
1935 519 2115 581 ,modo

558 625 641 678 vel
667 622 942 677 sublimius
967 616 1179 683 intelligi
1207 624 1398 681 pmest.
1432 613 1565 665 Dum
1591 624 1766 666 tamen
1794 627 1896 665 non
1922 610 2113 664 fruSIra

561 715 879 768 arbitremur
912 710 1040 762 ta'es
1068 722 1129 760 ac
1150 716 1324 763 tantos
1370 705 1613 758 homines
1639 702 1753 766 Dei,
1780 713 1974 757 tantam
2002 717 2116 771 grs-

561 804 697 857 sisse
718 814 894 855 curam
920 811 1017 867 pro
1047 795 1369 863 sepeliendis
1397 792 1713 861 corporibus
1755 794 1883 855 suis,
1909 807 2027 845 cum
2051 798 2115 844 sit

564 904 719 964 atque
745 906 865 946 esse
898 890 1086 944 debeat
1117 887 1347 941 ﬁdelium
1387 887 1484 940 ista
1531 884 1811 946 sccnritas,
1836 883 1973 951 quod
2004 883 2118 934 uiii-

564 997 770 1051 cunque
821 994 1047 1049 corpora
1088 993 1271 1032 eorum
1321 974 1671 1045 sepeliantur,
1732 972 1813 1026 vel
1860 971 2116 1040 insepulta

566 1074 722 1129 ctiam
754 1087 844 1141 per
875 1069 1208 1123 inimicorum
1230 1066 1442 1133 rabiem
1483 1063 1867 1130 relinc'juantur,
1912 1071 2002 1114 aut
2022 1074 2117 1128 pro

564 1180 755 1221 corum
787 1161 1008 1216 libidine
1036 1159 1320 1213 dilacerata
1344 1156 1709 1217 absumantur,
1748 1166 1850 1205 non
1888 1152 2008 1206 ideo
2036 1151 2117 1205 vel

567 1256 743 1311 minus
771 1254 1047 1322 integram,
1082 1250 1163 1303 vel
1197 1249 1368 1301 minus
1412 1244 1694 1314 gloriosam
1722 1256 1907 1297 eorum
1932 1256 2120 1295 resur-

565 1346 855 1402 rectionem
897 1345 1141 1396 futuram.

1148 1466 1369 1525 CAPUT
1406 1465 1538 1521 CIII.

571 1593 708 1659 Quid
718 1592 782 1646 sit
808 1588 940 1659 quod
962 1585 1215 1659 scripturn
1240 1593 1312 1637 est
1328 1598 1357 1659 _:_
1377 1580 1733 1659 Et'appost'tus
1762 1590 1832 1659 est
1861 1581 1930 1632 ad
1946 1587 2123 1659 lpatres

711 1650 850 1725 suos;
872 1673 933 1711 επ
964 1650 1137 1709 eodem
1161 1654 1288 1707 libro
1318 1650 1668 1716 Quintianum
1695 1653 1754 1703 de
1778 1650 1976 1704 Genesi.

2219 518 2375 572 Stetit
2405 515 2615 582 sanguis
2659 512 3073 568 circumcisionis
3102 512 3324 567 infantis
3363 513 3493 576 mei,
3525 522 3585 567 et
3617 527 3771 566 recc»
3852 512 3853 575 ξ

2217 608 2282 660 sit
2311 606 2378 659 ab
2398 619 2496 668 eo;
2528 614 2740 673 pr0pter
2764 603 2903 672 quod
2928 603 3091 656 dixit:
3122 602 3288 657 Desiit
3306 604 3527 672 sanguis
3551 607 3769 657 circum-

2217 694 2451 749 cisionis.
2489 693 2717 747 Primum
2744 692 2996 761 qumritur
3022 706 3177 760 quem
3206 692 3422 747 volebat
3447 692 3680 759 angelus
3700 707 3772 745 oc-

2219 787 2419 849 cidere,
2450 794 2622 837 utrum
2644 782 2986 851 Mosen,'quia
3017 781 3214 835 dictum
3239 790 3347 846 est,
3375 784 3773 836 occurriteiau-

2219 876 2368 945 gelus
2397 885 2449 928 et
2475 873 2747 952 quaerebat
2781 887 2901 926 eum
2929 871 3206 925 occidere?
3234 870 3365 923 Nam
3385 872 3477 925 cui
3519 872 3774 938 potabitur

2220 964 2517 1018 occurrisse
2534 963 2634 1017 nisi
2650 963 2723 1015 illi
2737 962 2824 1031 qui
2845 962 3094 1015 universo
3111 976 3331 1015 suorum
3349 962 3637 1016 comitatui
3658 977 3773 1029 pra:-

2221 1053 2317 1106 fuit
2342 1091 2356 1117 ,
2387 1060 2441 1107 et
2467 1067 2496 1105 a
2525 1068 2628 1121 quo
2656 1054 2832 1106 cancri
2862 1052 3231 1105 ducebantur?
3261 1053 3341 1105 An
3388 1066 3619 1119 puerum
3650 1068 3775 1121 qua.

2222 1142 2371 1196 rebat
2397 1142 2669 1205 occidere.
2697 1139 2780 1195 cui
2829 1149 2995 1195 mater
3029 1140 3465 1195 circumcidenda
3505 1141 3773 1201 subvenit,

2222 1242 2277 1285 ut
2296 1232 2364 1285 ob
2392 1232 2491 1286 hoc
2518 1230 2835 1299 intelligatur
2854 1229 3094 1284 occidere
3122 1230 3353 1284 voluisse
3376 1229 3648 1284 infantem
3672 1234 3774 1298 quia

2222 1338 2327 1376 non
2358 1332 2470 1376 erat
2494 1321 2857 1386 circumcisus,
2884 1330 3041 1390 atque
3085 1322 3157 1373 ita
3201 1322 3414 1375 sancire
3465 1332 3773 1387 praceptum

2222 1412 2640 1467 circdmcisionis
2668 1412 2949 1466 severitate
2981 1408 3271 1463 vindictae?
3301 1409 3457 1476 Quod
3496 1407 3547 1462 si
3582 1410 3661 1461 ita
3688 1420 3775 1465 est.

2225 1507 2477 1560 incertum
2500 1514 2582 1559 est
2603 1503 2750 1572 prius
2770 1502 2836 1556 de
2861 1514 2967 1569 quo
2990 1499 3215 1568 dixerit,
3238 1498 3531 1565 Quaerebat
3552 1513 3677 1553 eam
3698 1512 3774 1550 oc-

2223 1596 2423 1662 cidere,
2450 1592 2573 1663 quia
2602 1593 2871 1662 ignoratur
2894 1604 3048 1661 quem
3066 1589 3183 1643 'nisi
3219 1602 3285 1643 ex
3333 1587 3775 1656 consequentibus

2226 1686 2539 1755 reperiatur,
2563 1684 2695 1738 mira
2721 1680 2894 1755 [sane]
2915 1680 3181 1735 locutione
3202 1688 3257 1733 et
3285 1679 3543 1733 inusitata
3571 1687 3631 1731 ut
3650 1678 3775 1745 prius

640 1767 930 1827 Videndum
949 1762 1212 1835 ειυοιηοάο
1227 1762 1406 1817 dicam
1430 1760 1719 1827 Scripmm
1748 1759 1887 1829 (11³οά
1910 1758 2124 1814 θεείάυθ
2158 1783 2200 1842 Β
2228 1776 2428 1831 diceret
2469 1772 2699 1829 occurrit
2742 1774 2812 1836 ei,
2841 1781 2893 1825 et
2938 1770 3210 1840 quarebat
3254 1783 3375 1824 eum
3424 1767 3695 1827 occidere,
3720 1769 3776 1819 de

571 1863 751 1917 dicunt
779 1859 845 1913 de
873 1854 1096 1912 mortuis
1126 1872 1138 1906 :
1175 1851 1538 1921 Etappositus
1564 1858 1645 1904 est
1672 1850 1737 1903 ad
1770 1858 1945 1919 patres
1972 1863 2117 1913 suos,

569 1950 650 2003 vel
679 1946 955 2017 appositus
982 1952 1064 1999 est
1109 1942 1173 1997 ad
1206 1941 1452 2011 populum
1481 1954 1656 1994 suum.
1703 1938 1841 1993 Ecce
1884 1938 2024 1993 enim
2057 1936 2124 1992 de

571 2041 731 2097 .Incoh
756 2038 947 2094 dicitur
973 2034 1079 2104 jam
1110 2033 1320 2103 quidem
1351 2039 1590 2096 mortuo,
1633 2029 1725 2083 sed
1766 2027 1999 2082 nondum
2041 2040 2125 2081 se-

570 2132 737 2202 pulto,
756 2137 822 2193 ,et
852 2126 916 2181 ad
943 2136 1098 2195 quem
1130 2122 1379 2193 populum
1404 2130 1697 2188 apponatur
1729 2133 1833 2172 non
1865 2118 1916 2171 in
1947 2131 2122 2185 proin-

575 2233 665 2292 ptu
693 2228 777 2275 est
806 2218 1004 2271 videre.
1037 2214 1115 2268 Ex
1151 2212 1243 2267 illo
1269 2211 1409 2265 enim
1444 2208 1665 2278 populus
1696 2208 1841 2276 prior
1870 2205 2124 2269 nascitur,

574 2314 661 2383 qui
692 2313 863 2366 dictus
888 2292 969 2364 est
998 2305 1223 2377 populus
1249 2302 1443 2367 Israel,
1474 2302 1560 2372 qui
1587 2311 1714 2355 vero
1740 2314 1860 2354 eum
1902 2310 2131 2367 pecces-

576 2413 777 2465 serunt,
809 2410 912 2454 tam
942 2397 1091 2468 pauci
1117 2395 1246 2467 justi
1285 2393 1642 2454 nominantur,
1676 2398 1731 2443 ut
1757 2404 1848 2444 eos
1878 2388 2129 2457 pupulum

576 2494 840 2563 appellare
860 2491 1187 2545 cunctemur.
1212 2482 1340 2539 Nam
1362 2484 1404 2536 si
1430 2482 1629 2536 dictum
1651 2489 1821 2536 esset:
1848 2478 2131 2548 Appositns

577 2594 656 2637 cst
679 2582 742 2635 ad
773 2592 949 2648 patres
971 2591 1116 2640 suos,
1146 2574 1289 2629 nulla
1317 2571 1540 2642 quaestio
1572 2570 1741 2624 fieret.
1769 2568 1845 2622 An
1877 2566 2012 2621 forte
2036 2579 2131 2635 po-

577 2674 732 2743 pulus
761 2680 863 2734 est,
896 2682 999 2721 non
1029 2665 1200 2721 solum
1225 2662 1498 2717 hominum
1521 2668 1845 2720 sanctorum,
1871 2670 2054 2711 verum
2079 2662 2134 2709 et

576 2764 885 2832 angelorum
935 2757 1157 2827 populus
1204 2751 1431 2807 civitatis
1470 2750 1635 2815 illius,
1667 2748 1806 2802 unde
1836 2746 2030 2800 dicitur
2068 2744 2134 2798 ad

577 2855 829 2909 llebrazos
859 2867 872 2902 :
904 2847 1006 2903 Sed
1032 2844 1333 2901 accessistis
1373 2842 1438 2896 ad
1470 2848 1703 2895 montem
1743 2839 1873 2895 Sion
1902 2845 1955 2893 et
1979 2837 2043 2890 ad
2064 2837 2139 2891 ci-

578 2947 790 3000 vitatem
822 2942 912 2996 Dei
946 2938 1305 3000 Hierusalem,
1337 2943 1393 2989 et
1419 2933 1484 2986 ad
1510 2932 1668 2986 millia
1698 2931 2002 3000 angelorum
2046 2945 2140 2983 ex-

577 3032 904 3091 sultantium.
936 3027 1065 3082 liuic
1094 3024 1289 3095 pepqu
1312 3030 1648 3090 apponuntur
1675 3020 1764 3088 qui
1796 3018 1931 3072 hanc
1976 3018 2136 3071 vitam

2224 1882 2328 1937 quo
2355 1865 2488 1920 nihil
2517 1874 2639 1919 ante
2664 1863 2890 1918 dixerat.
2918 1860 3023 1916 Sed
3051 1861 3168 1914 talis
3190 1870 3272 1914 θδι
3301 1859 3353 1913 in
3381 1858 3597 1927 psalmo
3622 1874 3635 1908 :
3660 1856 3777 1911 Fun-

2224 1965 2469 2017 damenta
2488 1959 2615 2029 ejus
2635 1958 2688 2013 in
2728 1956 2992 2011 montibus
3018 1953 3246 2017 sanctis;
3279 1952 3452 2021 diligit
3495 1949 3777 2023 [Dominus]

2228 2053 2367 2107 Deus
2393 2059 2572 2121 portas
2601 2048 2750 2105 Sion.
2776 2046 2831 2103 In
2854 2046 2936 2102 his
2961 2037 3301 2103 enim'verbis
3323 2043 3572 2099 Psalmus
3590 2041 3775 2109 incipit,

2228 2159 2325 2200 nec
2349 2141 2542 2213 aliquid
2571 2140 2640 2196 de
2678 2141 2767 2195 ilio
2795 2140 2875 2193 vel
2901 2138 2971 2193 de
3018 2138 3108 2192 illa
3134 2137 3375 2201 dixerat,
3413 2136 3575 2204 cujus
3604 2133 3776 2189 funda-

2228 2245 2405 2291 menta
2441 2232 2667 2302 intelligi
2714 2230 2877 2285 voluit
2908 2229 3093 2283 dicens
3125 2244 3139 2280 :
3186 2226 3554 2281 Fundamenta
3585 2228 3697 2294 ejus
3736 2226 3777 2277 in

2229 2326 2497 2383 montibus
2524 2322 2754 2387 sanctis;
2784 2320 2878 2377 sed
2903 2321 3025 2389 quia
3049 2319 3292 2388 sequitur
3318 2317 3500 2387 Diligit
3541 2318 3777 2372 Dominus

2228 2426 2408 2487 portas
2434 2414 2583 2481 Sion,
2609 2427 2736 2483 ergo
2767 2410 3107 2467 fundamenta
3146 2410 3228 2464 vel
3276 2408 3490 2464 Domini
3520 2408 3605 2463 vel
3644 2407 3778 2466 Siou.

2231 2506 2328 2580 [et]
2357 2505 2422 2561 ad
2447 2503 2739 2561 faciliorem
2766 2503 2981 2556 sensum
3004 2499 3171 2570 magis
3200 2498 3327 2553 Sion
3359 2507 3416 2551 ut
3450 2496 3778 2551 fundamenta

2231 2596 2461 2654 civitatis
2485 2586 2831 2666 accipiantur.
2859 2589 2966 2645 Sed
2982 2589 3103 2659 quia
3126 2594 3175 2642 in
3200 2587 3301 2643 hoc
3323 2588 3641 2656 pronomine
3658 2583 3779 2654 quod

2233 2700 2316 2748 est
2345 2690 2483 2761 ejus,
2512 2698 2680 2761 genus
2703 2684 3007 2755 ambiguum
3055 2691 3170 2744 est,
3194 2681 3371 2737 omnis
3412 2682 3561 2735 enim
3591 2678 3780 2755 generis

2234 2790 2317 2837 est
2346 2752 2446 2835 hoc
2469 2752 2785 2849 pronomen,
2815 2752 2869 2829 id
2906 2784 2989 2831 est
3028 2771 3339 2837 masculini,
3374 2781 3430 2826 et
3452 2752 3709 2833 feminini,
3736 2778 3779 2821 et

2237 2871 2437 2936 neutri,
2470 2870 2521 2923 in
2552 2868 2742 2922 Graeco
2783 2874 2958 2920 autem
2988 2866 3040 2921 in
3078 2862 3337 2918 feminino
3369 2876 3573 2931 genere
3595 2860 3781 2915 dicatur

2238 2960 2471 3037 [dicitur]
2500 2963 2684 3025 αὐτῆς,
2716 2958 3005 3015 masculino
3031 2963 3082 3010 et
3118 2964 3307 3011 neutro
3332 2957 3488 3011 αὐτοῦ
3508 2996 3525 3018 .
3557 2965 3612 3009 et
3640 2951 3780 3006 habet

2240 3054 2403 3110 'codex
2429 3051 2645 3107 Graecus
2664 3051 2843 3113 αὐτοῦ,
2861 3046 3000 3115 cogit
3019 3044 3313 3113 intelligere
3334 3058 3438 3097 non
3460 3042 3778 3096 fundamenta

579 3126 843 3215 “imm
872 3120 1001 3215 ΨΟ.
1031 3118 1240 3171 unum"
1267 3114 1416 3215 Tu.“
1630 3109 2130 3215 i'i“"f9f.“°"°“it
2162 3141 2207 3204 C
2237 3146 2385 3212 Sion,
2414 3143 2508 3198 sed
2540 3109 2876 3198 fundamenta
2909 3109 3137 3215 Domini,
3168 3109 3220 3189 id
3261 3144 3344 3189 est
3382 3149 3497 3204 quae
3528 3132 3778 3189 constituit

574 3198 787 3284 quando
813 3210 956 3266 nulla
985 3207 1090 3278 jam
1118 3212 1357 3261 remanet
1379 3201 1680 3257 sollicitudo
1712 3198 2058 3254 tentatiunnm
2081 3208 2135 3252 et

580 3303 875 3375 pcriculum
909 3305 1266 3369 peccatorum.
1292 3291 1442 3360 Quod
1488 3292 1699 3345 intuens
1742 3289 1815 3342 ait
1841 3286 2135 3355 Scriptura,

582 3398 716 3450 An‘e
742 3401 965 3448 mortem
995 3404 1063 3444 ne
1090 3386 1272 3441 Iaudes
1298 3381 1568 3438 hominem
1597 3394 1932 3449 quemquam.
1985 3442 1993 3448 ἡ

1172 3513 1395 3571 CAPUT
1420 3511 1553 3566 CIV.

583 3614 654 3669 De
681 3613 816 3667 luctu
834 3625 977 3679 quem
1010 3607 1125 3674 fecit
1152 3604 1344 3679 Joseph
1372 3603 1505 3679 putri
1525 3616 1618 3654 suo
1645 3611 1829 3665 septem
1852 3600 2059 3662 diebus;
2082 3614 2143 3652 ea:

1189 3673 1366 3727 eodem
1394 3673 1539 3725 libro.

654 3798 717 3852 Et
746 3794 869 3849 fecit
888 3793 1085 3845 luctum
1104 3787 1238 3856 patri
1261 3800 1359 3849 suo
1374 3793 1578 3853 septem
1597 3784 1732 3840 dies.
1759 3782 1951 3837 Nescio
1969 3792 2142 3835 utrum

587 3890 887 3948 inveniatur
912 3882 1138 3951 alicujus
1165 3886 1466 3935 sanctorum
1499 3877 1553 3933 iu
1592 3876 1878 3946 Scripturis
1906 3875 2145 3929 celebra-

587 3990 694 4033 tum
721 3990 841 4031 esse
861 3975 1058 4027 luctum
1097 3982 1285 4024 novem
1308 3967 1443 4031 dies,
1477 3966 1615 4035 quod
1637 3965 1775 4034 apud
1806 3964 2022 4018 Latinos
2052 3976 2146 4017 no-

590 4067 845 4124 vcndialia
877 4060 1168 4131 appellant.
1202 4055 1350 4114 Unde
1377 4051 1504 4111 mihi
1534 4054 1778 4109 videntur
1805 4053 1871 4107 ab
1901 4052 1998 4105 hac
2024 4064 2147 4105 con-

590 4156 865 4215 suetudine
887 4148 1197 4218 prohibendi
1217 4191 1231 4211 ,
1263 4145 1417 4214 siqui
1447 4145 1870 4200 Christianorum
1902 4143 2060 4196 istum
2091 4142 2145 4196 in

594 4246 820 4306 mortuis
841 4243 950 4297 suis
972 4254 1248 4294 numerum
1280 4244 1510 4302 servant,
1535 4235 1622 4303 qni
1650 4233 1814 4302 magis
1843 4225 1930 4286 est
1947 4231 2000 4287 in
2024 4246 2150 4298 gen-

593 4341 764 4394 tilium
794 4330 1197 4389 consuetudine.
1242 4327 1512 4395 Septimus
1553 4341 1677 4378 vero
1705 4323 1819 4376 dies
1864 4322 2154 4376 auctorita-

592 4442 695 4484 tem
725 4427 775 4480 in
805 4420 1092 4490 Scripturis
1120 4418 1298 4482 habet,
1332 4415 1469 4469 unde
1491 4414 1593 4467 alio
1621 4416 1735 4465 loco
1763 4410 2014 4478 scriptum
2036 4418 2138 4473 est,

2241 3235 2515 3301 Dominus,
2545 3232 2613 3287 de
2640 3246 2745 3301 quo
2773 3229 2971 3285 dictum
3001 3236 3084 3281 est
3108 3242 3122 3279 :
3152 3221 3446 3279 Ediﬁcans
3469 3220 3776 3277 Hierusalau

2240 3328 2511 3394 Dominus.
2557 3323 2665 3378 Nec
2701 3322 2828 3376 Sion
2854 3329 3035 3378 tamen
3072 3332 3171 3372 nec
3200 3316 3480 3370 Dominum
3516 3323 3670 3366 antea
3696 3326 3775 3362 no-

2240 3419 2531 3473 minaverat
2549 3428 2668 3468 cum
2697 3413 2913 3474 diceret,
2940 3407 3300 3463 Fundamenta
3321 3396 3435 3475 ejus
3459 3402 3511 3459 in
3528 3397 3777 3457 ‘moutihus

2241 3508 2460 3569 sanctis,
2499 3506 2579 3559 sic
2605 3512 2658 3558 et
2683 3503 2767 3557 hic
2794 3502 3025 3556 nondum
3058 3497 3330 3559 nominato
3367 3495 3571 3551 infante
3599 3494 3775 3548 dictum

2242 3611 2343 3665 est,
2370 3596 2594 3654 occurrit
2618 3594 2691 3657 ei,
2719 3604 2772 3647 et
2791 3591 3060 3659 qumrebat
3078 3604 3199 3644 eum
3229 3586 3494 3649 occidere,
3516 3598 3577 3639 ut
3599 3584 3665 3638 de
3689 3596 3777 3648 quo

2243 3684 2440 3744 dixerit
2459 3688 2512 3743 in
2540 3682 2985 3753 consequentibus
3013 3694 3384 3749 agnoscamus.
3412 3678 3712 3745 Quanquam
3736 3683 3777 3723 et

2247 3782 2293 3835 si
2323 3782 2387 3834 de
2414 3780 2558 3834 Moss
2588 3776 2830 3844 accipere
2866 3774 3054 3843 quisqu
3074 3787 3142 3825 im
3173 3770 3421 3835 voluerit,
3450 3784 3555 3823 non
3582 3774 3661 3819 est
3688 3779 3779 3815 ina-

2246 3873 2475 3938 gubpere
2506 3855 2879 3921 resistendum.
2920 3861 3053 3917 Illud
3100 3860 3278 3930 potius
3315 3858 3455 3927 quod
3492 3857 3716 3925 sequitur
3743 3853 3778 3902 si

2249 3959 2360 4013 fieri
2384 3966 2558 4025 potest
2578 3954 2901 4021 intelligatur
2929 3951 3052 4020 quid
3069 3949 3169 4004 sibi
3201 3947 3348 4011 velit,
3379 3946 3499 4001 ideo
3521 3944 3779 3999 recessisse

2248 4046 2491 4115 angelum
2518 4043 2585 4097 ah
2616 4040 2977 4095 interiectione
3000 4036 3284 4105 cujuslibet
3303 4049 3490 4089 eorum
3519 4034 3635 4101 quia
3668 4030 3779 4081 dixit

2249 4135 2438 4189 mulier
2471 4126 2668 4188 {Stetit
2695 4129 2909 4197 sanguis
2949 4123 3370 4198 circumcisionis
3411 4123 3655 4184 infantis;
3690 4131 3776 4171 non

2251 4226 2391 4281 enim
2412 4224 2505 4289 ait,
2532 4220 2748 4277 recessit
2781 4219 2847 4273 ab
2871 4232 2936 4272 eo
2963 4224 3177 4287 propter
3203 4215 3344 4284 quod
3374 4212 3689 4268 circumcidit
3715 4209 3778 4259 in-

2252 4318 2477 4377 fantem,
2505 4311 2598 4367 sed
2623 4310 2745 4381 quia
2780 4310 2929 4364 stetit
2966 4305 3180 4375 sanguis
3222 4303 3664 4363 circumcisionis,
3692 4313 3775 4350 ιιοιι

2255 4406 2374 4475 quia
2400 4403 2655 4467 cucurrit,
2675 4399 2772 4456 sed
2799 4397 2923 4467 quia
2967 4395 3147 4462 stetit;
3186 4408 3381 4463 magno
3411 4394 3516 4448 nisi
3543 4393 3681 4446 fallor
3705 4402 3777 4439 sa-

596 4520 790 4574 Luctus
830 4510 1025 4568 mortui
1070 4518 1272 4575 septem
1321 4506 1551 4567 dierum,
1583 4501 1710 4554 fatui
1741 4508 1917 4553 autem
1964 4512 2150 4553 omnes
2182 4498 2231 4556 D
2256 4504 2545 4553 cramento.

597 4608 710 4663 dies
738 4606 856 4659 vita:
879 4601 1015 4671 ejus.
1048 4597 1390 4667 Septenarins
1430 4601 1605 4647 autem
1656 4604 1904 4643 numerus
1937 4596 2151 4655 propter

596 4695 800 4753 sabbati
821 4698 1207 4747 sacramentum
1238 4685 1498 4751 putecipuo
1533 4680 1723 4749 quietis
1773 4676 2019 4731 indicium
2047 4684 2150 4738 est,

599 4790 739 4842 unde
770 4782 961 4837 merito
988 4777 1207 4833 mortuis
1239 4786 1485 4842 tanquam
1514 4767 1964 4838 requiescentihus
2004 4764 2153 4819 ealii-
2238 4835 2243 4840 _

599 4878 753 4933 betur
784 4892 795 4925 :
828 4884 981 4935 quem
1013 4877 1185 4921 tamen
1218 4876 1496 4919 numerum
1544 4859 1595 4912 in
1630 4859 1769 4912 luctu
1804 4855 1963 4909 Jacoh
1994 4853 2152 4905 decu-

603 4967 875 5033 plaverunt
901 4954 1169 5026 IEgyptii,
1206 4952 1294 5020 qui
1321 4964 1441 5005 eum
1483 4944 1812 5014 septuaginta
1854 4942 1966 4995 dies
2002 4941 2148 4993 luxe-

605 5063 745 5111 runt.

1197 5151 1420 5208 CAPUT
1444 5151 1551 5205 CV.

610 5256 687 5312 De
716 5270 772 5307 eo
796 5252 925 5320 quod
942 5252 1183 5316 scriptum
1208 5243 1352 5320 estin
1381 5239 1588 5293 Exodo:
1621 5237 1847 5320 churrit
1873 5236 1918 5287 ei
1944 5232 2157 5314 angelus

680 5304 971 5378 etnvltiiebat
1029 5304 1139 5371 eum
1191 5312 1457 5373 occidere;
1508 5324 1570 5361 ex
1622 5308 1747 5360 libro
1807 5304 2153 5368 Qitmtionum

684 5390 869 5448 Exodi.

682 5485 737 5537 In
760 5497 824 5536 co
852 5476 989 5547 quod
1013 5476 1261 5542 scriptum
1294 5483 1411 5527 est:
1445 5469 1507 5522 Et
1546 5466 1739 5548 factum
1772 5472 1852 5517 est
1881 5462 1933 5516 in
1967 5462 2047 5514 via
2093 5460 2158 5513 ad

616 5574 977 5634 refectionem,
1005 5566 1236 5621 obviavit
1283 5567 1328 5618 ei
1378 5561 1592 5631 angulus
1638 5566 1691 5613 et
1720 5555 1989 5626 quaerebat
2036 5567 2158 5607 etnn

621 5666 884 5727 occidere,
913 5670 965 5716 et
992 5666 1259 5727 assumpto
1305 5655 1543 5724 Scphora
1588 5650 1789 5707 calculo
1830 5643 2159 5702 circumcidit

2838 4605 3061 4675 cacur
3097 4616 3228 4672 cvr.

2261 4739 2333 4792 De
2357 4753 2414 4790 eo
2438 4733 2572 4804 quod
2602 4731 2804 4804 assidue
2831 4728 2964 4804 Dens
2992 4726 3113 4804 dicit
3143 4741 3161 4778 :
3187 4718 3779 4804 Indurabgcorﬂl‘lteroo-

2464 4804 2543 4856 nis
2564 4818 2581 4865 ;
2603 4818 2664 4855 ea:
2689 4802 2858 4853 eodem
2880 4797 3010 4848 libro
3037 4794 3382 4861 Quaestionum
3415 4790 3598 4844 Exodi.

2334 4912 2551 4967 Assidue
2577 4910 2714 4963 Deus
2740 4905 2901 4960 dicit:
2927 4902 3190 4957 Iuduraho
3216 4915 3312 4953 cor
3331 4900 3617 4954 Pharaonis
3638 4907 3684 4952 et
3707 4908 3777 4947 re-

2267 5005 2340 5056 lut
2368 5014 2580 5054 causam
2631 4997 2788 5050 infert
2817 5011 2912 5051 cur
2939 4996 3043 5046 hoc
3101 4991 3278 5045 faciat.
3312 4990 3596 5054 lndurabo,
3620 4988 3775 5055 inquit.

2264 5107 2354 5146 eor
2385 5087 2690 5148 Pharaonis,
2717 5085 2874 5139 etiam
2920 5080 3150 5150 implebo
3176 5080 3323 5148 signa
3370 5094 3484 5134 mea
3524 5078 3699 5149 [faciat
3727 5074 3773 5124 ει

2265 5184 2494 5253 implebo
2524 5183 2669 5249 signa
2694 5174 2832 5246 mea]
2852 5183 2906 5231 et
2932 5182 3174 5245 portenta
3196 5186 3313 5225 mea
3343 5172 3396 5225 in
3424 5169 3661 5238 Egypto,
3682 5176 3775 5216 tan-

2263 5292 2415 5344 quam
2461 5269 2756 5326 neces~aria
2795 5266 2951 5320 fuerit
2982 5262 3265 5316 obduratio
3303 5262 3476 5316 cordia
3526 5259 3773 5312 Pharaonis

2267 5379 2321 5422 ut
2367 5368 2512 5434 signa
2570 5362 2660 5415 Dei
2712 5356 3182 5425 multiplicarentur
3232 5353 3314 5407 vel
3371 5350 3693 5417 implerentur
3732 5343 3771 5391 in

2266 5429 2511 5526 Egypto.
2543 5452 2710 5507 Utitur
2740 5462 2865 5517 ergo
2884 5447 3024 5500 Deus
3046 5445 3181 5498 bene
3213 5444 3463 5498 cordibus
3484 5439 3629 5493 malis
3653 5434 3706 5488 ad
3732 5429 3772 5482 id

2268 5547 2405 5616 quod
2434 5544 2542 5598 vult
2569 5539 2850 5598 ostendere
2877 5536 3056 5595 bonis,
3081 5537 3162 5587 vel
3202 5548 3336 5602 quos
3368 5526 3771 5586 facturusestho-

2273 5652 2366 5692 nos
2392 5635 2537 5705 [quid
2571 5634 2801 5687 facturus
2833 5637 2914 5683 est
2957 5621 3165 5694 bonis],
3196 5633 3252 5680 et
3285 5620 3525 5687 quamvis
3564 5618 3773 5675 uniuscu-
