3886 6224
153 289 269 344 ἨἹ

1387 287 1812 344 τιιιεελυιιυε.
1855 291 2000 345 CAP.
2043 290 2172 346 CIX.

3253 303 3356 354 718

141 401 354 469 jusque
383 401 560 455 cordis
603 401 652 453 in
699 400 896 452 malitia
938 400 1198 466 qualitas,
1237 399 1284 452 id
1317 411 1396 453 est
1442 402 1596 467 quale
1630 416 1719 453 cor
1752 407 1793 463 Λ
1826 415 1959 456 terra
2001 405 2321 472 gignentium
2368 413 2631 459 creatores
2669 407 2876 461 d'cendi
2921 418 3073 476 sunt,
3123 417 3361 480 quamvis

149 491 359 543 habeat
403 491 470 544 ad
510 489 736 553 malum,
769 503 865 541 suo
910 490 996 547 (iat
1050 489 1177 542 vitio
1218 489 1355 556 quod
1401 489 1618 544 inolevit
1656 503 1719 542 ex

147 581 384 633 arbitrio
441 579 762 643 voluntatis,
822 593 882 632 ea
935 590 1106 632 tamen
1164 580 1419 647 qualitate
1476 579 1611 630 mala
1665 586 1723 630 ut

148 668 270 720 huc
314 668 396 719 vel
428 667 553 719 illuc
600 675 892 731 moveatur,
939 681 1058 720 cum
1113 667 1214 720 huc
1251 667 1362 720 sive
1415 667 1538 719 illuc
1585 669 1721 720 male

148 767 478 818 moveatur,
534 757 704 810 causis
762 756 820 809 tit
873 757 1061 824 quibus
1116 757 1324 810 animus
1392 757 1717 824 propellitur.

146 848 295 909 Quae
333 859 502 899 causa:
561 855 614 898 ut
654 847 880 900 existant
927 847 1008 899 vel
1055 862 1157 899 non
1209 847 1434 898 existant
1481 862 1582 899 non
1639 856 1721 898 est

147 937 212 989 in
265 937 494 988 hominis
545 941 829 1000 potestate,
863 937 952 988 sed
994 937 1209 989 veniunt
1250 951 1311 989 ex
1356 937 1558 990 occulta
1598 951 1720 999 pro-

146 1023 400 1078 videntia
444 1024 730 1090 justissima
782 1024 935 1091 plane
959 1031 1014 1075 et
1055 1023 1471 1090 sapientissime,
1505 1023 1718 1076 univer-

146 1131 284 1169 sum
317 1115 452 1183 quod
478 1116 677 1167 creavit
705 1114 1030 1181 disponentis
1060 1124 1112 1167 et
1140 1114 1556 1166 adtniniswautis
1597 1112 1713 1166 Dei.

145 1207 272 1276 68
305 1205 373 1259 Ut
398 1217 523 1273 ergo
557 1205 657 1260 tale
683 1220 773 1258 cor
807 1204 1025 1257 haberet
1069 1204 1269 1257 Pharao
1300 1205 1434 1268 quod
1468 1203 1715 1269 patientia

149 1298 259 1351 Dei
288 1311 392 1349 non
420 1303 718 1348 moveretur
742 1294 803 1347 ad
833 1294 1098 1361 pit-tatem,
1128 1295 1214 1346 ξεί]
1247 1292 1418 1359 potius
1441 1289 1504 1343 ad
1535 1291 1715 1357 impie-

148 1397 354 1448 tatem,
402 1385 509 1437 vitii
566 1384 762 1451 protirii
805 1384 919 1436 fuit.
944 1383 1092 1447 Quod
1136 1397 1261 1434 vero
1301 1397 1359 1433 ea
1405 1379 1540 1433 laeta
1571 1391 1713 1443 sunt,

145 1476 356 1542 quibus
400 1488 488 1526 cor
529 1488 625 1525 suo
658 1474 781 1524 vitio
811 1481 913 1524 tam
959 1472 1241 1539 malignum
1290 1472 1558 1524 resisteret
1597 1467 1713 1537 jus-

148 1561 402 1616 sionibus
431 1561 526 1614 Dei
559 1563 684 1630 (hoc
713 1571 792 1615 est
832 1562 969 1614 euitn
1001 1562 1136 1627 quod
1178 1561 1365 1614 dicitur
1392 1561 1710 1622 induratum,

146 1656 284 1719 quia
331 1667 434 1703 non
464 1651 766 1715 ﬂexibiliter
793 1649 1188 1713 consentiebat,
1230 1649 1321 1702 sed
1359 1648 1714 1703 inﬂexibiliter

150 1739 495 1808 resistebat),
527 1739 933 1805 dispensationis
961 1740 1054 1791 fuit
1082 1737 1276 1791 divinae
1305 1753 1404 1806 qua
1436 1737 1524 1790 tali
1565 1737 1710 1792 cordi
1745 1753 1789 1812 Β

148 1845 268 1882 non
295 1829 463 1883 solum
488 1844 592 1881 non
625 1827 835 1895 injusta,
862 1827 954 1881 sed
981 1827 1254 1882 evidenter
1273 1826 1410 1895 justa
1443 1840 1593 1894 poena
1625 1840 1714 1892 pa-

149 1925 402 1984 rabatur,
445 1936 546 1990 qua
586 1922 828 1974 timentes
861 1919 1022 1974 Deum
1063 1919 1465 1984 corrigerentur.
1520 1916 1714 1984 Propo—

149 2019 266 2069 sito
296 2014 490 2083 quippe
521 2012 697 2075 lucro,
729 2011 874 2064 verbi
902 2011 1090 2078 gratia,
1139 2008 1512 2081 propterqued
1545 2007 1713 2060 homi-

148 2105 364 2159 cidium
407 2101 785 2165 committatur,
837 2099 988 2152 aliter
1028 2113 1241 2162 avarus,
1289 2097 1441 2151 aliter
1479 2096 1712 2165 pecunia

148 2203 495 2260 contemptor
536 2201 809 2243 movetur:
844 2190 929 2242 ille
956 2189 1160 2242 scilicet
1188 2187 1252 2240 ad
1295 2187 1495 2240 facinus
1527 2200 1684 2253 perpe

150 2279 428 2343 trandum,
461 2280 548 2333 ille
571 2279 630 2331 ad
661 2278 976 2341 cavendum,
1009 2278 1173 2345 ipsius
1205 2286 1377 2330 tamen
1420 2277 1545 2330 lucri
1583 2291 1707 2343 pro-

152 2372 362 2439 positio
408 2371 460 2422 in
496 2368 717 2436 alicujus
766 2368 972 2421 illorum
1020 2374 1280 2435 potestate
1324 2380 1427 2419 non
1474 2365 1590 2419 fuit.
1641 2364 1711 2418 Ita

151 2473 340 2513 causa:
366 2457 582 2511 veniunt
614 2457 914 2510 hominibus
955 2456 1140 2516 malis,
1173 2469 1287 2523 quas
1316 2468 1420 2508 non
1449 2463 1570 2506 sunt
1599 2455 1716 2521 qui-

153 2548 282 2600 dem
332 2547 380 2598 in
427 2560 606 2599 eorum
659 2553 938 2611 potestate,
987 2545 1078 2597 sed
1128 2543 1228 2595 hoc
1268 2541 1335 2597 de
1375 2541 1480 2594 illis
1520 2541 1714 2594 faciunt

155 2637 350 2703 quales
393 2649 486 2690 eos
523 2635 816 2688 invenerint
854 2633 960 2700 jam
1010 2634 1177 2687 factus
1224 2633 1449 2699 propriis
1476 2631 1612 2684 vitiis
1649 2646 1712 2686 ex

158 2728 429 2792 pra-terna
450 2732 734 2776 vo’uutate.
774 2723 1063 2776 Videndum
1091 2737 1218 2776 sane
1243 2732 1322 2776 est
1354 2729 1524 2774 utrum
1555 2723 1711 2774 etiam

158 2815 240 2867 sic
285 2813 452 2879 accipi
502 2812 682 2880 possit,
733 2813 840 2880 Ego
875 2811 1152 2876 indurabo,
1187 2820 1441 2878 tauquam
1477 2808 1672 2862 diceret
1695 2848 1710 2873 ,

159 2917 324 2970 quam
358 2902 544 2956 durum
568 2903 638 2956 sit
660 2900 1053 2955 deiuonstrabo.

728 3026 961 3081 CAPUT
1000 3027 1152 3080 CVII.

163 3118 318 3185 Quod
351 3117 604 3170 absorbuit
637 3117 776 3183 virga
809 3117 986 3167 Aaron
1003 3117 1163 3183 virgas
1189 3128 1496 3185 nugarum;
1532 3126 1607 3164 ar
1630 3129 1712 3166 eo-

518 3187 629 3237 dem
653 3187 782 3238 libro
813 3185 1154 3250 Quastionum
1175 3183 1360 3235 Exodi.

235 3275 303 3333 Et
343 3273 613 3327 absorbuit
652 3275 792 3340 virga
826 3279 997 3324 Aaron
1046 3271 1216 3340 virgas
1254 3272 1462 3325 illorum
1494 3289 1506 3322 :
1550 3272 1592 3323 si
1637 3271 1711 3324 di-

164 3375 313 3418 ctum
343 3371 485 3417 esset
509 3362 781 3416 absorbuit
809 3363 969 3413 draco
987 3363 1158 3413 Aaron
1187 3359 1358 3426 virgas
1387 3359 1618 3422 illorum,
1638 3359 1715 3410 in-

167 3455 496 3523 telligeretur
525 3466 680 3505 verus
714 3451 873 3503 draco
912 3452 1088 3502 Aaron
1131 3450 1460 3516 phantastica
1493 3449 1579 3500 illa
1614 3448 1714 3515 lig-

166 3550 350 3595 menta
379 3555 482 3594 non
511 3539 864 3602 absorbuisse,
895 3537 990 3591 sed
1015 3538 1208 3605 virgas.
1241 3537 1348 3590 Hoc
1377 3538 1514 3590 enim
1545 3537 1712 3603 pOtuit

165 3631 458 3685 absorbere
488 3629 626 3698 quod
654 3639 824 3692 erant,
857 3644 962 3683 non
993 3628 1132 3696 quod
1165 3641 1284 3681 esse
1324 3629 1633 3681 videbantur
1661 3639 1715 3681 et

169 3735 272 3774 non
297 3731 466 3774 erant.
501 3719 605 3772 Sed
634 3719 877 3788 quoniam
907 3716 1042 3770 dixit
1068 3716 1336 3770 absorbuit
1364 3717 1506 3784 virga
1538 3717 1711 3768 Aaron

169 3814 347 3880 virgas
373 3810 604 3875 illorum,
635 3809 793 3862 draco
821 3808 998 3874 utique
1028 3807 1193 3875 potuit
1217 3806 1388 3874 virgas
1411 3807 1710 3869 absorbere,

171 3919 273 3956 nun
316 3901 457 3970 virga
483 3941 498 3964 ,
551 3900 644 3954 sed
679 3914 741 3953 eo
785 3903 996 3952 nomine
1038 3898 1294 3965 appellata
1334 3911 1417 3950 res
1455 3907 1535 3949 est
1577 3897 1712 3948 unde

168 4007 321 4046 versa
353 4001 451 4056 est,
495 4007 596 4045 non
636 3992 685 4043 in
716 3991 852 4058 quod
886 4002 1034 4043 versa
1071 3999 1171 4052 est,
1214 3989 1336 4056 quia
1379 3989 1430 4042 in
1476 3987 1525 4040 id
1554 3988 1708 4041 etiam

170 4097 386 4136 reversa
416 4093 524 4142 est,
550 4088 608 4134 et
640 4079 760 4132 ideo
789 4079 889 4132 hoc
918 4080 1091 4131 Vocari
1121 4079 1370 4140 debebat,
1401 4076 1536 4145 quod
1572 4077 1713 4142 prin-

171 4172 406 4238 cipaliter
431 4180 560 4224 erat.
594 4170 726 4235 Quid
758 4183 884 4236 ergo
911 4167 1188 4221 dicendum
1220 4177 1301 4220 est
1325 4168 1388 4219 de
1417 4167 1571 4233 virgis
1605 4159 1711 4218 ma-

170 4262 391 4330 gnrum‘l
424 4270 595 4326 utrum
625 4268 678 4313 et
704 4259 832 4325 ipsa!
868 4257 979 4311 veri
1017 4257 1270 4310 dracones
1300 4256 1448 4308 facta:
1478 4255 1703 4316 fuerant,

169 4353 260 4404 sed
310 4363 370 4404 ea
412 4352 611 4404 ratione
651 4350 809 4416 virga
856 4348 1132 4415 appellatas
1172 4357 1293 4398 sunt
1329 4361 1428 4413 qua
1473 4356 1526 4398 et
1567 4346 1706 4411 virga

173 4445 369 4495 Aaron.
411 4443 487 4494 An
532 4441 702 4508 potius
745 4440 1055 4492 videbantur
1084 4453 1200 4491 esse
1243 4440 1378 4504 quod
1425 4453 1528 4491 non
1558 4447 1708 4490 erant
1741 4427 1785 4483 Ι)
1811 4427 1930 4508 9"“
1975 4411 2206 4508 ὼξτυιεξλ

172 4530 522 4584 ludiﬁcatiOne
551 4529 819 4582 venefica?
855 4525 963 4581 Cur
992 4543 1115 4595 ergo
1144 4543 1202 4581 ex
1233 4536 1449 4593 utraque
1478 4534 1625 4594 parte
1656 4537 1708 4580 et

174 4623 333 4689 virgae
362 4619 604 4672 dicuntur
636 4627 686 4671 et
714 4619 990 4680 dracones,
1021 4619 1077 4669 ut
1118 4616 1180 4670 de
1211 4618 1467 4685 ﬁgmentis
1497 4618 1600 4670 illis
1631 4617 1709 4668 ni-

175 4711 246 4767 hil
277 4709 486 4763 diﬂ’erat
515 4707 758 4777 loquendi
793 4706 1017 4761 modus?
1048 4707 1150 4761 Sed
1180 4706 1539 4760 demonstrare
1568 4705 1707 4758 diffi-

174 4800 272 4854 cile
302 4807 385 4853 est
423 4798 706 4866 quomodo,
758 4797 960 4850 etiamsi
999 4796 1108 4849 veri
1152 4797 1407 4848 dracones
1438 4796 1555 4848 iacti
1587 4805 1708 4848 sunt

174 4904 233 4941 ex
280 4890 443 4957 virgis
491 4903 782 4956 magorum,
831 4900 934 4939 non
985 4888 1174 4940 iuerint
1224 4895 1395 4939 tamen
1445 4895 1710 4938 creatures

175 4980 482 5041 draconum,
518 4991 613 5029 nec
643 4976 799 5041 magi,
831 4989 924 5027 nec
954 4976 1124 5041 angeli
1158 4976 1299 5035 ntali,
1343 4975 1530 5040 quibus
1561 4973 1712 5026 mini-

177 5067 294 5119 stris
328 5065 410 5118 illa
436 5066 808 5130 Operabantur.
845 5063 1025 5115 Insunt
1060 5062 1200 5115 enim
1246 5063 1400 5114 rebus
1443 5061 1711 5128 corporeis

178 5167 264 5220 per
292 5156 468 5207 omnia
502 5158 759 5207 elementa
806 5153 986 5205 mundi
1029 5152 1267 5218 quaedam
1307 5154 1523 5204 occulta:
1553 5152 1712 5204 semi-

179 5247 334 5297 naria:
363 5244 612 5307 rationes,
643 5243 830 5311 quibus
859 5256 979 5295 cum
1008 5241 1127 5294 data
1158 5241 1311 5295 fuerit
1351 5241 1711 5306 opportunitas

181 5332 474 5401 temporalis
505 5343 662 5399 atque
710 5330 970 5392 causalis,
1018 5343 1365 5396 prorumpunt
1411 5328 1462 5381 in
1506 5327 1710 5394 species

179 5421 373 5476 debitas
415 5423 524 5476 suis
567 5421 734 5474 tnodis
779 5432 831 5473 et
863 5421 1070 5473 linibus.
1125 5424 1185 5471 lit
1225 5434 1302 5471 src
1331 5434 1431 5471 n0u
1468 5418 1713 5470 dicuntur

182 5513 336 5581 angeli
378 5514 464 5581 qui
519 5514 616 5566 ista
658 5514 852 5565 faciunt
885 5512 1185 5564 animalium
1236 5523 1528 5572 creatores,
1574 5510 1713 5560 sicut

183 5613 271 5654 nec
294 5603 537 5671 agricola:
568 5614 800 5670 segetum
829 5601 908 5654 vel
938 5601 1182 5654 arborum
1210 5600 1285 5654 vel
1311 5614 1634 5668 quorumque
1663 5599 1710 5649 in

1826 495 2062 546 noverint
2103 496 2337 565 praebere
2386 497 2636 564 quasdam
2668 498 3362 568 visibiles.Opportunitatcs

1822 591 1873 635 et
1898 588 2081 655 causas
2110 593 2163 637 ut
2193 585 2278 638 illa
2310 592 2612 638 nasrantur.
2661 587 2807 650 Quod
2835 600 3010 640 autem
3054 590 3136 642 i.~tl
3169 587 3363 644 faciunt

1823 672 2115 737 visibiliter,
2164 673 2261 726 hoc
2309 676 2480 742 angeli
2514 675 2865 730 invisibiliter.
2900 677 3036 731 Deus
3067 687 3191 732 vero
3219 681 3363 733 solus

1820 777 1972 815 verus
2008 761 2214 839 creator
2241 774 2322 817 est
2351 766 2437 832 qui
2482 780 2668 819 causas
2699 767 2838 833 ipsas
2865 777 2918 820 et
2944 770 3170 823 rationes
3201 771 3362 822 semi-
3425 779 3438 786 “

1821 849 1994 902 uarias
2023 852 2177 904 rebus
2208 853 2413 903 insevit.
2468 853 2568 905 Res
2597 855 2839 910 breviter.
2868 853 3008 906 dicta
3035 861 3135 921 est,
3169 872 3285 924 qua:
3317 858 3358 908 ai

1816 939 2074 1004 exemplis
2103 945 2157 992 el
2180 941 2394 1007 copiosa
2425 940 2778 1008 diSputatioue
2808 943 3120 1010 explicetur,
3152 953 3204 995 ut
3233 944 3355 996 laci-

1818 1026 1922 1079 lius
1952 1027 2271 1106 intclligafur
2309 1029 2463 1096 longe
2505 1045 2747 1084 sermone
2789 1044 2922 1100 opus
2963 1036 3066 1099 est,
3098 1048 3127 1084 a
3159 1049 3263 1101 quo
3301 1049 3361 1088 se

1819 1116 1952 1170 ratio
1976 1127 2167 1170 nostra:
2195 1119 2542 1171 festinationis
2569 1129 2804 1172 excusat.

2371 1251 2593 1307 CAPUT
2622 1253 2796 1308 CVIII.

1821 1358 1968 1414 Unde
1989 1367 2259 1431 potuerunt
2282 1360 2610 1425 incantatorer
2636 1378 2817 1431 aquom
2843 1363 2892 1414 in
2923 1366 3216 1431 sanguinem
3255 1381 3360 1416 ver-

1885 1438 1987 1500 tere
2006 1429 2046 1480 si
2061 1432 2175 1500 join
2192 1429 2355 1500 utique
2387 1431 2573 1496 factum
2599 1427 2736 1494 erat;
2767 1427 2828 1483 ea:
2857 1427 3035 1485 eodeni
3055 1434 3180 1484 libro
3211 1436 3360 1500 Qua:-

1885 1498 2102 1550 stionum
2137 1497 2321 1549 Exodi.

1888 1608 2146 1662 Fecerunt
2192 1619 2366 1663 autem
2411 1610 2653 1664 similiter
2695 1620 2748 1664 et
2776 1612 3130 1666 incantatores
3159 1612 3360 1686 Egyp-
3455 1633 3461 1638 ’

1819 1701 2006 1753 tiurum
2037 1699 2303 1752 veneficiis
2331 1699 2460 1764 suis,
2496 1709 2549 1754 et
2578 1702 2869 1754 eduxerunt
2891 1716 3044 1754 ranas
3070 1717 3228 1770 super
3256 1715 3360 1757 ter-

1819 1806 1927 1843 ram
1971 1788 2203 1857 :Egypti.
2243 1789 2503 1855 Quaeritur
2534 1791 2668 1841 unde
2707 1791 2752 1842 si
2787 1791 2895 1856 jam
2938 1791 3128 1858 ubique
3165 1791 3358 1844 factum

1815 1889 1956 1934 erat.
1988 1882 2087 1934 Sed
2120 1879 2310 1946 similis
2349 1877 2570 1946 quazstio
2600 1889 2679 1932 est
2709 1878 2845 1934 unde
2873 1889 2925 1933 et
2949 1893 3133 1947 aquam
3163 1879 3212 1933 in
3241 1894 3361 1934 san-

1816 1971 2024 2036 guinem
2053 1969 2337 2032 ‘verteriut,
2369 1968 2414 2023 si
2440 1974 2546 2022 tota
2575 1983 2706 2037 aqua
2732 1966 2942 2038 Egypti
2973 1970 3023 2021 in
3054 1969 3357 2040 sanguinein

1816 2065 2068 2112 conversa
2100 2056 2208 2126 jam
2239 2056 2434 2111 fuerat.
2481 2058 2706 2110 Proinde
2743 2056 3135 2125 intelligendum
3165 2065 3246 2111 est
3280 2071 3363 2111 re-

1816 2149 2023 2217 gionetu
2054 2147 2140 2200 ubi
2172 2146 2261 2199 ﬁlii
2299 2146 2454 2198 Israel
2482 2143 2810 2210 habitabant,
2842 2144 3004 2213 plagis
3034 2143 3223 2202 talibus
3253 2159 3359 2197 non

1815 2238 1977 2291 luisse
2016 2249 2338 2306 percussam,
2388 2243 2441 2287 et
2485 2233 2605 2289 inde
2647 2245 2865 2302 potuere
2903 2233 3253 2288 incantatores
3281 2234 3360 2285 vel

1816 2340 2000 2393 aquam
2052 2325 2265 2377 haurire
2309 2338 2465 2390 quam
2506 2325 2557 2377 in
2597 2324 2902 2393 sanguinem
2944 2321 3230 2387 verterent,
3277 2325 3361 2376 vel

1813 2418 2016 2484 aliquas
2062 2428 2215 2468 ranas
2259 2415 2486 2468 educere
2533 2414 2598 2467 ad
2647 2414 2813 2468 solam
2858 2413 3360 2468 demonstrationem

1816 2508 2031 2576 magicae
2061 2508 2345 2573 potentiae;
2379 2520 2675 2574 quanquam
2722 2513 3004 2573 potuerunt
3032 2506 3189 2560 etiam
3219 2517 3362 2573 post-

1814 2610 2031 2664 eaquam
2075 2595 2161 2648 illa
2208 2609 2507 2661 compressa
2555 2604 2676 2648 sunt
2718 2596 2908 2658 facere,
2960 2594 3050 2647 sed
3095 2597 3360 2660 Scriptura

1813 2686 1918 2738 cito
1946 2685 2206 2738 narrando
2234 2685 2505 2751 Coniuttxit
2539 2684 2677 2752 quod
2709 2684 2861 2737 etiam
2907 2695 3089 2751 postea
3122 2683 3232 2737 lieri
3266 2697 3358 2751 po-

1819 2787 1931 2827 tutt.

2357 2922 2362 2926 -
2395 2888 2473 2939 CA
2487 2887 2612 2940 PUT
2640 2887 2770 2938 (ΠΧ.

2037 2977 2164 3030 Item
2195 2979 2255 3030 de
2283 2979 2600 3029 irtdurutions
2624 2979 2793 3030 cordia
2823 2976 3128 3031 Pharaonis.

1736 3088 1782 3148 ο
1887 3069 1950 3123 Et
1978 3070 2105 3122 vidit
2135 3069 2337 3123 Pharao
2365 3067 2610 3136 quoniam
2640 3067 2774 3122 facta
2806 3079 2887 3123 est
2925 3070 3271 3137 refrigeratio,
3301 3081 3355 3124 et
3402 3068 3409 3144 ρ

1814 3164 2138 3230 iugramtum
2165 3170 2249 3214 est
2275 3171 2367 3215 cor
2391 3161 2506 3229 ejus
2535 3169 2587 3215 et
2618 3176 2719 3214 non
2750 3161 3015 3213 exaudivit
3053 3173 3146 3213 eos
3172 3201 3185 3223 ,
3219 3163 3356 3215 sicut

1813 3255 2017 3306 dixerat
2045 3252 2314 3303 Dominus.
2347 3249 2438 3304 llic
2463 3259 2684 3316 apparet
2712 3262 2812 3301 non
2836 3249 2955 3302 illas
2976 3258 3174 3302 tantum
3199 3249 3360 3302 fuisse

1814 3355 2000 3394 causas
2040 3339 2402 3394 obdurationis
2444 3339 2617 3393 cordis
2647 3339 2932 3392 Pharaonis
2958 3340 3097 3407 quod
3127 3343 3359 3394 incanta-

1820 3440 1957 3483 tures
1985 3429 2100 3497 ejus
2143 3428 2328 3480 similia
2378 3428 2666 3490 faciebant,
2695 3443 2872 3482 verum
2915 3429 3071 3481 etiam
3111 3436 3166 3481 et
3193 3425 3360 3498 ipsam

1821 3519 1908 3570 Dei
1948 3519 2270 3584 patientiam,
2304 3531 2401 3584 qua
2445 3517 2709 3584 parcebat.
2745 3516 2994 3569 Patientia
3034 3517 3127 3569 Dei
3165 3531 3351 3569 secun-

1817 3609 1940 3660 tlum
1967 3607 2123 3660 corda
2152 3607 2441 3669 hominum,
2485 3606 2795 3673 quibusdam
2827 3606 2966 3659 utilis
3009 3607 3069 3658 ad
3103 3607 3360 3672 paeniten-

1815 3699 1959 3755 dum.
1992 3697 2302 3762 quibusdam
2335 3696 2529 3748 inutilis
2572 3695 2635 3746 ad
2677 3694 3024 3748 resistendum
3068 3695 3178 3749 Deo
3214 3704 3267 3748 et
3308 3696 3358 3748 in

1816 3789 1957 3840 malo
1987 3787 2448 3855 perseverandum.
2494 3785 2606 3838 Non
2641 3795 2809 3838 tamen
2852 3798 2945 3852 per
2975 3799 3031 3838 se
3060 3787 3171 3852 ipsa
3203 3785 3360 3838 inuti-

1816 3877 1881 3931 lis
1911 3886 2008 3940 est,
2054 3876 2146 3929 sed
2195 3875 2480 3929 secundum
2527 3891 2619 3928 cor
2648 3876 2863 3938 malum,
2911 3875 3043 3928 sicut
3075 3875 3182 3942 jam
3222 3874 3358 3927 dixi-

1815 3982 1963 4031 mus;
2014 3967 2113 4019 hoc
2142 3975 2194 4017 et
2221 3965 2498 4032 Aposwlus
2529 3963 2652 4018 dicit
2680 3981 2691 4013 :
2727 3965 2935 4031 Ignoras
2966 3964 3082 4030 quia
3109 3963 3357 4030 patientia
3435 4016 3441 4020 _

1816 4055 1906 4108 Dei
1931 4055 1994 4106 ad
2024 4055 2387 4121 penitentiam
2414 4061 2462 4105 te
2484 4051 2718 4113 adduxit,
2750 4051 3036 4104 secundum
3065 4057 3238 4104 autem
3261 4051 3356 4103 du-

1814 4145 1986 4197 ritiam
2018 4143 2192 4196 cordis
2224 4144 2296 4194 tui
2327 4152 2378 4193 et
2405 4157 2496 4193 cor
2525 4140 2881 4206 impmnitens,
2911 4140 3228 4193 tln-saurizas
3263 4141 3357 4194 tibi

1813 4235 1940 4286 iram
1972 4234 2020 4282 in
2062 4231 2145 4282 die
2177 4233 2264 4282 ira:
2293 4240 2346 4282 et
2378 4229 2710 4282 revelatiouis
2743 4228 2868 4295 justi
2895 4228 3080 4296 judicii
3113 4228 3238 4292 Dei;
3267 4231 3355 4296 qui

1815 4322 1993 4374 reddet
2023 4321 2296 4388 unicuique
2327 4321 2608 4372 secundum
2638 4333 2790 4386 opera
2835 4321 2966 4386 ejus.
2999 4319 3124 4372 Nam
3157 4328 3208 4373 et
3235 4320 3357 4376 alilti

2260 4407 2453 4460 Christi
2509 4409 2674 4459 bonus
2717 4407 2846 4459 odor
2895 4422 3071 4459 sumus
3121 4408 3170 4461 in
3209 4412 3350 4460 omni

1815 4505 1951 4567 loco,
1975 4503 2130 4554 etiam
2157 4500 2282 4551 illud
2314 4500 2570 4564 adjunxit,
2595 4510 2645 4550 et
2671 4497 2722 4549 in
2752 4497 2831 4548 his
2859 4500 2944 4565 qui
2975 4499 3098 4549 salv:
3125 4496 3274 4559 linut,
3302 4507 3351 4549 et

1814 4594 1868 4645 iu
1902 4592 1981 4644 his
2012 4590 2097 4657 qui
2125 4598 2362 4657 pereunt.
2391 4589 2500 4643 Non
2527 4589 2658 4641 dixit
2686 4586 2877 4640 Christi
2906 4588 3097 4639 bonum
3128 4586 3348 4640 odoretn

1815 4698 1874 4736 se
1903 4697 2019 4735 esse
2049 4682 2129 4733 his
2155 4681 2243 4748 qui
2271 4681 2398 4732 salvi
2431 4682 2578 4743 liunt,
2611 4679 2799 4731 malum
2827 4688 2999 4730 autem
3032 4679 3110 4729 his
3140 4679 3225 4744 qui
3262 4693 3352 4744 pe-

1815 4781 1986 4835 reunt,
2018 4775 2108 4824 sed
2140 4782 2336 4825 tantum
2379 4771 2570 4823 bonum
2601 4769 2811 4822 odorem
2841 4783 2897 4820 se
2929 4767 3080 4818 dixit.
3119 4766 3195 4818 Illi
3229 4781 3353 4819 vero

1812 4865 1942 4916 tales
1985 4871 2104 4915 sunt
2147 4871 2201 4913 nt
2238 4871 2290 4913 et
2327 4863 2463 4913 bono
2501 4862 2661 4912 odore
2695 4864 2909 4924 pereant
2945 4856 3228 4909 secundum
3269 4857 3350 4908 sui

1815 4953 2006 5014 eot'dis,
2032 4959 2086 5002 ut
2106 4963 2242 5015 saepe
2264 4949 2460 5002 dictum
2483 4958 2580 5011 est,
2605 4947 2930 5015 qualitatem,
2960 4961 3072 5014 quae
3103 4946 3346 4998 mutanda

1814 5054 1913 5108 est,
1963 5043 2098 5095 bella
2138 5043 2405 5092 voluntate
2447 5040 2496 5091 in
2547 5039 2636 5090 Dei
2684 5039 2869 5106 gratia,
2917 5046 2970 5088 ut
3015 5035 3260 5100 incipiant
3303 5038 3350 5088 ei

1816 5132 2068 5201 prodesse
2101 5129 2293 5198 judicia
2339 5131 2450 5191 Dei,
2499 5144 2614 5195 qua:
2656 5128 2808 5180 malis
2847 5126 3093 5178 cordibus
3142 5133 3350 5176 nocent.

1819 5222 1967 5276 Unde
1996 5222 2100 5282 ille,
2134 5228 2332 5271 mutato
2365 5219 2414 5269 in
2445 5219 2634 5270 melius
2674 5217 2853 5278 corde,
2881 5215 3125 5266 cantabat
3159 5231 3171 5262 :
3203 5212 3348 5265 Vivet

1817 5315 1985 5363 anima
2018 5324 2130 5361 mea
2159 5319 2212 5360 et
2241 5308 2472 5360 laudabit
2503 5316 2552 5360 te
2576 5348 2588 5370 ,
2619 5315 2672 5359 et
2694 5305 2891 5373 judicia
2926 5314 3008 5356 tua
3037 5302 3361 5368 adjuvabuut

1813 5416 1916 5455 tne.
1949 5401 2060 5453 Non
2101 5401 2232 5452 dixit
2262 5412 2481 5451 munera
2513 5407 2620 5462 tua,
2657 5398 2735 5448 vel
2771 5394 2982 5461 praemia
3015 5401 3122 5455 tua,
3153 5391 3244 5444 sed
3271 5390 3359 5457 ju-

1813 5493 1946 5543 dicia
1977 5498 2081 5542 tua.
2127 5489 2342 5540 Multum
2387 5499 2470 5540 est
2503 5495 2673 5537 autem
2705 5493 2760 5535 ut
2791 5484 2996 5534 sincera
3040 5480 3228 5564 fiducia
3257 5479 3356 5531 dici

1817 5581 2012 5650 possit;
2047 5577 2214 5632 Proba
2252 5591 2354 5640 nte,
2398 5574 2639 5636 Domine,
2663 5583 2714 5626 et
2757 5579 2894 5624 tenta
2930 5584 3042 5628 me;
3079 5583 3172 5620 ure
3204 5582 3356 5619 renes
