3886 6224
573 337 665 388 H9

569 537 812 591 tribuisse
831 534 1110 593 videretur,
1135 528 1381 582 continuo
1407 523 1610 577 addidit
1635 539 1645 572 :
1672 520 1929 585 Quoniam
1957 520 2113 570 mise-

572 625 793 678 ricordia
839 632 922 675 tua
955 631 1074 672 ante
1109 618 1289 670 oculos
1328 627 1474 668 meos
1513 621 1615 678 est,
1653 619 1708 664 et
1736 607 2030 676 complacni
2062 606 2112 660 in

569 707 786 768 veritate
821 725 926 762 ltta.
973 708 1179 760 Factum
1225 719 1347 772 erga
1388 718 1446 756 se
1484 707 1865 756 commemorat
1911 695 2116 750 miseri-

571 803 822 863 t‘ordiatn,
856 810 913 853 ut
936 797 1266 863 complacare
1295 802 1467 862 posset
1494 793 1544 844 in
1581 790 1834 852 veritate,
1863 787 2114 856 quoniam

570 897 829 951 universa:
866 895 961 943 via:
991 888 1191 942 Domini
1234 881 1586 939 misericordia
1612 890 1666 935 et
1694 879 1904 932 veritas.
1935 907 2001 917 —
2036 876 2113 930 De

571 990 740 1040 eadem
773 1002 844 1038 re.
870 1012 938 1028 -
973 982 1038 1035 Et
1081 990 1293 1048 prepter
1339 977 1436 1027 hoc
1465 973 1631 1041 ipsum
1663 975 2007 1024 conserVatus
2036 977 2118 1021 est

573 1076 674 1147 [es]
695 1089 746 1130 ut
772 1075 1045 1130 ostendam
1072 1073 1123 1124 in
1149 1080 1198 1123 te
1215 1070 1456 1120 virtutem
1474 1077 1667 1127 meam,
1689 1071 1809 1115 etut
1832 1059 2115 1113 annuntie—

573 1183 657 1222 tur
687 1183 876 1221 nomen
908 1177 1078 1218 meum
1109 1164 1158 1214 in
1188 1158 1432 1212 universa
1464 1165 1626 1208 terra.
1676 1153 1799 1215 Haec
1829 1152 2116 1221 Scriptura:

574 1259 730 1312 verba
761 1266 812 1310 et
843 1252 1124 1322 Apostolus
1153 1247 1345 1316 posuit,
1379 1261 1500 1299 cum
1531 1246 1582 1298 in
1616 1244 1803 1297 eodem
1835 1242 1950 1295 loco
1994 1257 2114 1310 per-

573 1349 768 1403 difficili
808 1352 1126 1404 versaretur,
1172 1339 1240 1392 ibi
1285 1345 1458 1391 autem
1501 1343 1556 1389 et
1596 1335 1694 1388 hoc
1729 1335 1822 1386 ait.
1856 1332 1911 1387 Si
1942 1339 2116 1384 autem

575 1439 756 1491 volens
773 1436 907 1488 Deus
929 1430 1208 1485 ostendere
1231 1434 1432 1480 lram'et
1449 1425 1812 1478 demonstrare
1829 1419 2116 1489 potentiam

572 1543 740 1590 suam,
772 1523 944 1577 attulit
980 1525 1030 1574 in
1059 1519 1221 1574 multa
1264 1515 1514 1585 patientia
1547 1527 1669 1567 vasa
1708 1514 1821 1575 irte,
1855 1509 2119 1578 parcendo

573 1618 748 1684 utique
790 1613 873 1666 his
910 1624 1041 1679 quos
1069 1608 1233 1662 malos
1274 1605 1475 1658 futuros
1498 1616 1616 1656 esse
1646 1599 1970 1668 ptaseierat,
2001 1612 2118 1666 quae

574 1721 695 1760 vasa
728 1703 854 1757 dicit
884 1699 1116 1770 perfecta
1146 1697 1197 1751 in
1241 1695 1612 1764 perditionem.
1649 1691 1714 1744 Et
1743 1697 1801 1744 ut
1831 1698 1999 1752 notas,
2034 1688 2115 1740 in-

1572 321 1630 373 [ι.
1673 313 1983 396 EUGYPPII
2018 309 2296 365 ABIIATIS
2335 310 2649 365 AFRICANI

569 461 712 503 meos
737 457 787 500 et
815 461 904 498 cor
930 457 1097 496 nicum
1121 459 1132 501 ;
1159 451 1209 492 et
1241 454 1303 491 ne
1329 435 1425 490 sibi
1456 433 1647 502 aliquid
1676 448 1742 485 ex
1775 431 1884 484 suis
1913 426 2112 480 viribus
2141 430 2188 481 Λ

3680 305 3762 357 τ·ἔῦ

2789 417 3009 471 CAI'UT
3049 417 3180 469 (ξλι.

2219 513 2340 567 Νοη
2388 513 2619 566 exaudiet
2667 509 2873 563 Pharao
2921 523 2971 562 ut
3030 510 3428 574 multiplicemur
3479 507 3668 579 signa;
3715 525 3764 560 ex

2516 583 2686 634 eodem
2721 581 2848 632 libro
2886 580 3229 645 ριιωειὲοηκηι
3273 579 3466 634 Exodi.

2288 697 2430 749 Dixit
2469 702 2645 747 autem
2689 693 2940 746 Dominus
2969 693 3031 744 ad
3063 692 3277 760 Moysen
3311 707 3325 744 :
3376 691 3490 744 Non
3533 691 3766 744 exse-lict

2220 803 2314 840 vos
2344 787 2550 840 Pharao
2573 794 2625 838 ut
2650 784 2990 852 multiplicem
3014 786 3159 851 signa
3183 797 3297 835 mea
3323 793 3378 835 et
3398 791 3645 849 portenta
3668 797 3762 833 mea

2218 877 2268 930 in
2285 886 2423 931 terra
2443 875 2573 944 Egy
2583 875 2674 942 pti.
2689 874 2959 942 Tanquam
2975 886 3106 942 Opus
3120 872 3273 925 fuerit
3287 871 3405 939 ejus
3423 872 3764 924 inobedientia

2218 976 2273 1020 ut
2313 966 2461 1033 signa
2495 964 2584 1017 illa
2632 963 3043 1030 multiplicemur
3082 959 3634 1031 [multiplicarentur]
3668 977 3762 1027 qur

2219 1056 2422 1110 utiliter
2441 1054 2715 1110 fiebantad
2739 1052 3042 1107 terrendum
3066 1051 3312 1118 populum
3343 1050 3458 1112 Dei,
3481 1059 3646 1116 atque
3669 1053 3763 1117 ipsa

2217 1143 2538 1197 discretione
2579 1143 2644 1195 ad
2687 1141 2929 1207 pietatem
2978 1139 3391 1203 informandum,
3425 1139 3520 1192 sed
3557 1142 3655 1190 hoc
3685 1138 3759 1190 [Μ

2217 1233 2336 1300 fuit,
2361 1232 2558 1285 malitia
2575 1232 2751 1285 cordis
2780 1232 2916 1284 illius
2939 1233 3074 1285 bene
3091 1231 3307 1294 utentis,
3334 1245 3440 1282 non
3459 1230 3758 1292 Pharaonis,

2221 1322 2312 1377 Dei
2343 1321 2596 1391 patientia
2623 1321 2763 1376 male
2785 1321 3071 1375 abutentis.

2793 1440 3016 1505 CAPUT
3052 1448 3211 1504 CXII.

2223 1539 2482 1605 Quomodo
2516 1526 2864 1608 accipiendum
2895 1542 2960 1592 sit
2997 1540 3130 1607 quod
3163 1541 3236 1592 ait
3260 1554 3280 1592 :
3313 1538 3459 1592 Diem
3505 1540 3763 1605 legitis:-

2288 1611 2678 1679 sempiternum;
2707 1626 2768 1662 ex
2794 1611 2964 1663 eodem
2986 1611 3111 1663 libro
3142 1609 3491 1675 Quintianum
3522 1608 3706 1661 Εωόὶ.

2293 1700 2443 1768 Quod
2469 1702 2722 1770 scriptum
2749 1712 2858 1757 est:
2889 1702 2952 1756 Et
2968 1701 3169 1756 facietis
3188 1702 3330 1755 diem
3355 1701 3497 1754 hunc
3523 1701 3578 1754 in
3600 1716 3762 1769 proge-

571 1795 702 1862 quit,
735 1792 931 1845 faceret
960 1787 1167 1842 divitias
1194 1783 1375 1853 gloriae
1406 1796 1536 1844 sure,
1570 1780 1622 1834 in
1652 1794 1775 1832 vasa
1808 1778 2114 1832 misericor-

2228 1795 2338 1848 nies
2359 1803 2562 1847 vestras
2593 1794 2880 1863 legitimum
2898 1802 3154 1848 aeternum
3178 1795 3260 1848 vel
3285 1793 3622 1858 :eternalem,
3642 1794 3762 1861 quod

571 1883 697 1946 dias,
726 1879 865 1934 unde
885 1891 1127 1931 vasorum
1156 1871 1528 1928 misericordiae
1549 1885 1650 1923 vox
1671 1877 1754 1923 est
1778 1871 1830 1922 in
1857 1866 2079 1921 Psalmis
2105 1883 2116 1917 :

577 1973 716 2027 Deus
755 1985 924 2035 meus,
966 1965 1322 2022 misericordia
1367 1963 1482 2032 ejus
1523 1962 1810 2032 praeveniet
1850 1973 1954 2024 me,
1987 1959 2136 2012 Dens.

574 2075 720 2114 meus
758 2055 1136 2112 demonstravit
1176 2052 1302 2106 mihi
1352 2051 1580 2106 inimicis
1608 2051 1761 2105 meis.
1813 2049 1974 2103 Novit
1996 2063 2122 2119 ergo

577 2148 827 2202 Dominus
853 2146 985 2199 bene
1013 2143 1090 2196 uti
1120 2143 1298 2205 malis,
1325 2142 1377 2194 in
1399 2140 1595 2209 quibus
1613 2148 1785 2192 tamen
1810 2137 2000 2192 malam
2031 2154 2123 2190 na-

579 2249 747 2290 turam
775 2249 877 2288 non
905 2233 967 2286 ad
996 2231 1243 2286 malitiam
1268 2239 1434 2295 creat,
1456 2229 1551 2284 sed
1578 2228 1775 2298 perfert
1797 2227 2119 2296 eos.patien-

581 2336 661 2379 ter
688 2337 960 2393 quousque
991 2325 1090 2375 scit
1125 2329 1372 2391 oportere
1405 2334 1507 2373 non
1541 2319 1788 2382 inaniter,
1834 2317 1928 2372 sed
1968 2327 2123 2372 utens

573 2419 652 2469 e's
687 2404 752 2466 ad
782 2413 1188 2465 admonitionem
1232 2409 1310 2462 vel
1349 2408 1790 2463 exercitationem
1839 2406 2120 2460 bonorum.

579 2505 712 2558 Ecce
747 2504 883 2557 enim
913 2511 968 2555 ut
1011 2498 1411 2554 annuntiaretur
1440 2511 1630 2551 nomen
1663 2494 1869 2549 Domini
1909 2493 1962 2547 in
2008 2495 2122 2548 uni-

577 2608 732 2648 versa
773 2603 910 2647 terra
951 2591 1090 2644 vasis
1129 2587 1506 2643 misericordiae
1549 2585 1728 2654 utique
1778 2584 2012 2654 prodest.
2045 2583 2123 2637 Ad

575 2699 756 2739 eorum
785 2683 962 2752 utique
987 2681 1262 2735 utilitatem
1292 2678 1495 2746 Pharao
1518 2687 1761 2731 servatus
1785 2684 1886 2740 est,
1910 2675 2048 2730 sicut
2071 2683 2125 2730 et

586 2774 852 2842 Scriptura
882 2781 1100 2826 testatur
1129 2779 1180 2824 et
1207 2770 1379 2822 exitus
1407 2767 1579 2820 docet.
1597 2795 1665 2806 —
1685 2765 1761 2819 De
1777 2767 1949 2818 eadem
1964 2781 2036 2818 re.
2056 2794 2125 2802 —

580 2863 720 2916 Dixit
749 2862 994 2914 Dominus
1017 2859 1080 2912 ad
1112 2858 1324 2926 Moysen
1351 2875 1362 2908 :
1397 2857 1532 2910 Intra
1561 2855 1626 2909 ad
1652 2855 1999 2922 Pharaonem,
2026 2868 2125 2923 ego

577 2954 717 3008 cnim
757 2951 965 3020 gravavi
1008 2963 1098 3003 cor
1138 2949 1252 3016 ejus
1288 2955 1343 3001 et
1377 2960 1650 3000 servorum
1686 2945 1801 3013 ejus
1842 2955 1897 2999 ut
1939 2945 2124 2998 ordine

577 3039 945 3108 superveniant
967 3039 1111 3104 signa
1129 3050 1243 3089 mea
1265 3033 1377 3087 htec
1396 3048 1554 3102 super
1573 3047 1665 3087 eos
1689 3051 1701 3084 :
1729 3042 1974 3101 tanquam
1993 3047 2124 3101 Opus

578 3099 761 3184 habeat
790 3128 930 3181 Deus
950 3099 1255 3194 cujusquam
1274 3099 1488 3187 malitia,
1510 3123 1603 3176 sed
1625 3123 1702 3176 sic
1723 3099 2122 3191 intelligendum
2153 3099 2197 3160 Ο

575 3230 656 3273 est
683 3233 745 3272 ac
774 3218 816 3271 si
847 3217 1075 3271 diceret:
1107 3216 1215 3283 Ego
1233 3213 1370 3266 enim
1400 3213 1603 3280 patiens
1631 3211 1706 3264 fui
1735 3225 1894 3279 super
1923 3228 2044 3267 eum
2071 3221 2124 3266 et

581 3323 763 3364 servos
792 3307 924 3376 ejus,
952 3314 1007 3357 ut
1030 3317 1131 3356 non
1158 3316 1250 3356 eos
1271 3300 1551 3366 auferrem,
1579 3310 1634 3354 ut
1655 3301 1844 3355 ordine
1874 3316 2126 3369 superve-

577 3402 723 3454 niant
767 3399 914 3466 signa
962 3409 1076 3447 mea
1128 3406 1288 3460 super
1336 3405 1449 3444 eos.
1499 3389 1629 3455 Quia
1682 3390 1823 3444 enim
1877 3390 2122 3458 patientia

573 3493 674 3561 67
709 3488 798 3542 Dei
832 3485 1138 3541 obstinatior
1167 3483 1318 3537 fiebat
1347 3481 1514 3533 malus
1540 3481 1765 3542 animus,
1791 3479 1910 3534 ideo
1943 3493 2038 3548 pro
2057 3494 2123 3533 co

574 3580 710 3650 quod
736 3589 836 3642 est,
861 3577 1060 3645 patiens
1085 3574 1133 3626 in
1153 3586 1270 3627 eum
1292 3571 1382 3636 lui,
1407 3570 1618 3633 dicitur,
1642 3568 1853 3637 gravavi
1875 3583 1966 3622 cor
1986 3568 2122 3637 ejus.

574 3702 642 3713 -—
669 3671 740 3724 De
770 3671 941 3722 eadem
969 3683 1041 3719 re.
1070 3693 1137 3705 -—
1168 3664 1232 3718 Et
1260 3679 1361 3716 non
1391 3672 1470 3715 ρει
1500 3661 1677 3713 relicta
1709 3659 1910 3713 locusta
1943 3674 2045 3712 una
2073 3659 2122 3714 in

574 3761 715 3814 omni
746 3767 884 3812 terra
911 3753 1142 3823 Egypti.
1178 3751 1242 3805 Et
1273 3749 1532 3804 induravit
1575 3748 1825 3801 Dominus
1859 3763 1953 3801 cor
1991 3747 2127 3800 Pha-

575 3847 767 3902 raonis.
806 3845 1122 3898 Beneficium
1164 3849 1309 3894 certe
1369 3838 1459 3890 Dei
1509 3840 1943 3890 commemoravit
1985 3838 2128 3891 Scri-

577 3950 725 4006 ptura
769 3935 906 4005 quod
945 3929 1094 4005 [quo]
1117 3929 1351 3984 abstulit
1397 3928 1651 3990 locustas,
1693 3937 1746 3981 et
1789 3937 1971 3981 secuta
1996 3928 2128 3994 dixit

577 4029 850 4082 indurasse
881 4024 1154 4077 Dominum
1186 4034 1278 4074 cor
1306 4018 1614 4081 Pharaonis,
1653 4017 1912 4071 beneficio
1948 4018 2127 4084 utique

575 4133 672 4172 suo
701 4125 754 4171 et
784 4114 1028 4184 patientia
1071 4126 1186 4175 sua,
1219 4125 1318 4180 qua
1343 4109 1431 4163 ille
1462 4108 1619 4162 ﬁebat
1651 4109 1965 4162 obstinatior
1999 4109 2122 4162 dum

575 4209 621 4260 ei
653 4214 978 4275 parceretur,
1009 4203 1142 4255 sicut
1168 4199 1344 4254 omnia
1369 4198 1503 4251 mala
1532 4195 1690 4250 corda
1732 4197 2000 4252 hominum
2035 4213 2125 4266 pa-

575 4298 754 4353 tientia
789 4294 881 4349 Dei
905 4293 1037 4347 male
1069 4289 1262 4345 utendo
1289 4290 1596 4343 durescunt.

1159 4402 1379 4458 CAPUT
1417 4400 1526 4456 CX.

576 4501 721 4566 Quod
744 4499 961 4551 tollendo
992 4497 1053 4549 ab
1078 4495 1539 4566 AZgyptiisom-unt
1571 4502 1614 4545 et
1635 4502 1814 4566 caetera
1841 4509 1938 4566 non
1987 4494 2120 4566 [ece-

641 4573 737 4622 rint
771 4571 996 4635 furtum;
1029 4582 1088 4619 ex
1112 4561 1283 4618 eodem
1317 4562 1444 4616 libro
1478 4562 1821 4628 Quaestionum
1861 4561 2049 4614 Exodi.

646 4659 782 4712 Dixit
831 4659 966 4711 Deus
995 4657 1056 4710 ad
1090 4656 1330 4724 Moysen:
1371 4654 1608 4719 Loquere
1650 4666 1775 4721 ergo
1817 4664 2025 4706 secreto
2074 4652 2124 4705 in

575 4763 728 4803 aures
760 4749 938 4816 populi
960 4755 1014 4798 et
1037 4754 1176 4813 petat
1199 4743 1558 4812 unusquisque
1589 4756 1615 4793 a
1647 4743 1912 4810 proximo,
1940 4751 2126 4795 etmu-

578 4846 673 4895 lier
703 4855 730 4893 a
766 4840 1024 4908 proxima,
1049 4851 1170 4888 vasa
1200 4843 1448 4902 argentea
1477 4843 1529 4887 et
1558 4846 1718 4885 aurea
1749 4830 1926 4902 [aurea
1955 4841 2005 4883 rt
2034 4847 2121 4884 ar-

573 4934 780 5003 gentea]
833 4942 887 4987 et
928 4938 1147 4984 vestem.
1206 4928 1316 4981 Non
1373 4928 1492 4989 hinc
1540 4925 1761 4992 quisque
1811 4924 2119 4978 sumendum

573 5025 869 5090 eseinplum
899 5031 1080 5087 putare
1106 5017 1261 5070 debet
1289 5017 1351 5068 ad
1383 5015 1783 5083 exspoliandum
1824 5013 1922 5067 isto
1967 5013 2123 5066 modo

576 5113 885 5182 proximum.
926 5110 1033 5163 IIoc
1055 5109 1194 5161 enim
1227 5108 1360 5160 Deus
1394 5107 1552 5174 jussit
1586 5106 1674 5175 qui
1720 5114 1939 5158 noverat
1984 5104 2122 5173 quod

575 5201 742 5275 [quid]
772 5214 1030 5266 quemque
1063 5199 1166 5265 pati
1193 5205 1479 5264 oporteret,
1515 5210 1610 5249 nec
1642 5194 1890 5247 Israelita:
1923 5194 2118 5246 furtum

574 5297 830 5355 fecerunt,
865 5292 953 5344 sed
985 5291 1088 5343 Deo
1115 5289 1336 5357 jubente
1373 5286 1721 5339 ministerium
1757 5287 2116 5353 pra‘bucrnnt,

574 5383 1013 5452 quemadmodum
1059 5395 1173 5432 cum
1221 5379 1459 5430 minister
1504 5375 1693 5441 judicis
1753 5376 1965 5428 occidit
1994 5367 2117 5428 eum

575 5492 728 5545 quom
753 5475 911 5541 jndex
938 5471 1093 5540 jussit
1121 5471 1312 5533 occidi,
1336 5466 1569 5536 profecto
1595 5467 1637 5518 si
1667 5467 1714 5516 id
1745 5476 1929 5534 Sponte
1961 5465 2117 5520 faciat

579 5566 832 5627 iltllljif'Idﬂ
862 5576 960 5624 est,
995 5563 1198 5615 etiamsi
1229 5576 1344 5616 cum
1375 5559 1580 5616 Decidat
1611 5573 1762 5626 quem
1811 5561 1908 5613 scit
1940 5561 2109 5615 occidi

579 5671 604 5707 a
627 5654 798 5722 judice
825 5652 1085 5707 debuisse.

2224 1884 2408 1940 Graece
2427 1885 2618 1940 dicitur
2640 1889 2853 1951 αἰώνιον,
2884 1901 2987 1940 non
3024 1887 3104 1939 sic
3148 1885 3516 1950 accipiendum
3561 1896 3643 1940 est
3669 1896 3763 1938 tan-

2222 1991 2380 2045 quam
2413 1976 2578 2044 possit
2616 1978 2836 2031 istorum
2875 1978 3304 2044 prtetereuntium
3340 1977 3457 2032 dies
3485 1992 3607 2031 esse
3648 1977 3763 2030 ullus

2223 2077 2475 2132 aeternus,
2517 2067 2611 2122 sed
2653 2067 2780 2121 illud
2811 2077 3065 2123 atomum
3103 2076 3183 2122 est
3222 2067 3362 2135 quod
3396 2067 3497 2122 iste
3523 2066 3763 2136 signiﬁcat

2224 2159 2358 2225 dies,
2385 2159 2526 2213 velut
2551 2173 2670 2213 cum
2699 2159 2923 2214 dicimus
2947 2161 3114 2226 ipsum
3162 2159 3325 2214 Deum
3353 2169 3647 2223 aeternum,
3673 2175 3761 2211 nm

2223 2247 2402 2316 utique
2425 2247 2551 2302 istas
2579 2247 2711 2303 duas
2741 2247 2970 2316 syllabas
2995 2257 3218 2301 teternas
3242 2246 3488 2310 dicimus,
3517 2247 3614 2301 sed
3640 2247 3760 2314 quod

2224 2333 2558 2402 signiﬁcant,
2623 2350 2923 2404 quanquam
2978 2337 3259 2406 diligenter
3315 2337 3658 2391 scrutandum
3705 2337 3763 2389 sit

2223 2424 2488 2492 quomodo
2526 2426 2794 2494 appellare
2825 2423 3143 2496 [Scriptura]
3187 2426 3357 2480 soleat
3391 2439 3671 2489 aeternum,
3707 2441 3762 2478 ne

2196 2514 2360 2569 "forte
2401 2515 2470 2568 ita
2511 2515 2705 2569 dixerit
2749 2517 3374 2578 solemniter‘aeternum,
3423 2533 3584 2586 quem
3632 2514 3760 2569 nefas

2228 2604 2456 2677 habeant
2484 2605 2892 2672 pretermittere
2913 2615 3004 2658 aut
3033 2620 3127 2658 sua
3157 2614 3346 2672 sponte
3377 2615 3600 2658 mutare.
3627 2605 3760 2658 Aliud

2223 2703 2306 2749 est
2329 2697 2469 2749 enim
2501 2695 2984 2764 quod‘prtecipitur
3011 2709 3283 2766 quousque
3315 2697 3436 2759 fiat,
3467 2697 3605 2750 sicut
3642 2710 3760 2762 pra-

2224 2801 2436 2860 ceptnm
2488 2803 2586 2856 est,
2649 2801 2705 2846 ut
2749 2794 2945 2862 septies
2999 2807 3179 2846 muros
3232 2791 3482 2846 Hiericho
3529 2789 3760 2844 circuiret

2225 2896 2340 2935 arca
2364 2899 2377 2947 ;
2403 2881 2543 2936 aliud
2570 2896 2688 2935 cum
2713 2882 3020 2949 prtecipitur
3061 2881 3138 2934 sic
3171 2880 3446 2934 observari
3493 2878 3685 2947 aliquid
3715 2885 3759 2928 ut

2224 2973 2401 3026 nullus
2431 2973 2686 3026 terminus
2717 2973 3038 3040 prteliniatur
3055 2971 3465 3035 observationis,
3509 2971 3619 3023 sive
3645 2982 3760 3037 quo-

2229 3062 2372 3128 tidie,
2407 3064 2517 3117 sive
2548 3077 2640 3130 per
2684 3077 2913 3127 menses,
2958 3062 3070 3115 sive
3113 3076 3208 3129 per
3242 3075 3412 3114 annos
3446 3059 3759 3120 solemniter.

2228 3152 2339 3206 sive
2365 3166 2457 3218 per
2481 3151 2762 3205 multorum
2791 3151 2873 3206 vel
2907 3152 3199 3219 aliquorum
3237 3165 3492 3203 annorum
3522 3162 3661 3203 certa
3696 3153 3759 3199 ω.

2228 3240 2464 3294 tervalla.
2499 3242 2746 3309 Autergo
2775 3242 2852 3294 sic
2881 3239 3159 3307 appellavit
3192 3249 3448 3292 aeternum
3484 3239 3624 3305 quod
3672 3251 3758 3289 nan

2226 3342 2316 3380 sua
2340 3339 2528 3395 sponte
2553 3330 2776 3382 audeant
2797 3329 3038 3382 desinere
3061 3328 3355 3389 celebrare,
3380 3338 3467 3380 aut
3486 3333 3618 3379 sicut
3641 3328 3755 3385 disi.

2225 3425 2283 3468 ut
2315 3431 2418 3469 non
2445 3419 2552 3485 ipsa
2577 3417 2724 3487 signa
2751 3433 2946 3480 rerum,
2976 3418 3068 3471 sed
3099 3433 3186 3470 res
3216 3433 3334 3484 qua:
3369 3419 3447 3470 his
3471 3417 3758 3485 signifitan-

2227 3515 2311 3560 tur
2373 3517 2582 3560 aeterna:
2636 3508 3010 3572 intelligantur.
3057 3507 3391 3562 Sustu'erunt
3452 3515 3624 3560 autem
3674 3504 3751 3557 lilii

2227 3593 2385 3647 Israel
2433 3593 2499 3647 de
2541 3593 2789 3646 Ramesse
2830 3593 2881 3646 in
2919 3592 3172 3655 SocclmI,
3219 3593 3268 3646 in
3318 3602 3570 3646 sexcenta
3619 3591 3757 3646 milia

2227 3684 2470 3752 peditum
2486 3684 2607 3750 viri,
2639 3693 2829 3751 printer
2861 3687 3171 3738 instructum
3207 3687 3293 3740 vcl
3326 3699 3564 3740 censum.

2778 3795 2999 3851 CAPUT
3035 3794 3218 3849 CXIII.

2229 3891 2302 3943 De
2322 3891 2700 3960 quadringentis
2728 3891 2872 3942 annis
2899 3905 2998 3942 non
3016 3891 3082 3960 ad
3105 3887 3411 3960 servitutem.
3429 3886 3512 3940 sed
3539 3887 3604 3939 ad
3629 3901 3751 3960 pere-

2296 3957 2628 4029 grinationem
2669 3960 2869 4029 seminis
2905 3958 3122 4012 Abrahae
3157 3957 3435 4026 referendis
3459 3971 3478 4019 ;
3502 3971 3568 4009 es
3604 3957 3755 4009 eodem

2297 4027 2423 4082 libro
2448 4030 2793 4094 Quwstiouum
2821 4027 3006 4082 Exodi.
3124 4034 3132 4043 '

2211 4129 2223 4146 '
2296 4119 2446 4184 Quod
2476 4134 2602 4189 ergo
2627 4119 2758 4171 dixit
2790 4119 2924 4172 Deus
2953 4117 3016 4172 ad
3044 4115 3342 4171 Abraham:
3376 4115 3602 4171 Sciendo
3637 4113 3752 4167 scias

2228 4211 2345 4278 quia
2376 4210 2707 4278 peregrinum
2738 4209 2838 4262 erit
2867 4223 3048 4262 semen
3082 4216 3224 4261 tuum
3262 4208 3311 4258 in
3345 4219 3480 4260 terra
3511 4221 3610 4258 non
3645 4216 3752 4272 pro-

2228 4299 2363 4367 pria,
2390 4308 2444 4352 et
2467 4300 2518 4351 in
2551 4299 2864 4351 servitutem
2894 4297 3131 4366 redigent
3153 4310 3267 4360 eos,
3299 4307 3352 4350 et
3384 4295 3640 4350 nocebunt
3664 4291 3752 4345 illis

2230 4387 2642 4456 quadringentos
2673 4399 2858 4450 annos,
2891 4400 2994 4438 non
3023 4386 3099 4438 sic
3133 4384 3498 4451 accipiendum
3529 4393 3623 4445 est,
3653 4390 3751 4432 tan-

2229 4493 2384 4546 quam
2411 4478 2461 4531 in
2487 4478 2576 4530 illa
2599 4477 2879 4531 durissima
2903 4477 3154 4531 servitute
3177 4475 3588 4544 quadringentos
3605 4482 3748 4524 annos

2228 4569 2320 4623 Dei
2355 4570 2575 4636 populus
2615 4567 2804 4630 fuerit;
2833 4566 2927 4620 sed
2958 4565 3078 4633 quia
3122 4566 3380 4632 scriptum
3412 4573 3511 4640 est.
3542 4562 3593 4615 In
3628 4561 3748 4614 Isaac

2227 4659 2501 4711 vocabitur
2528 4657 2618 4712 tibi
2648 4671 2852 4722 semen,
2872 4671 2936 4709 ex
2960 4669 3097 4707 anno
3120 4653 3409 4707 nativitatis
3433 4641 3593 4710 Isaae.
3608 4661 3748 4716 usque

2226 4751 2290 4802 ad
2322 4765 2513 4802 annum
2545 4748 2864 4816 egressionis
2884 4760 2948 4800 ex
2978 4745 3207 4814 AEgypto
3254 4753 3619 4811 computantur
3644 4737 3746 4790 anui

2227 4835 2590 4904 quadringenti
2632 4836 2880 4901 quinque.
2924 4832 3055 4885 Cum
3103 4845 3228 4899 ergo
3274 4830 3347 4898 de.
3385 4830 3746 4898 quadringentis

2228 4927 2436 4994 triginta
2467 4926 2788 4987 detraxeris,
2820 4924 2998 4992 viginti
3030 4924 3264 4991 quinque
3299 4923 3386 4992 qui
3419 4931 3541 4975 sunt
3575 4935 3602 4973 a
3641 4933 3744 4985 pro-

2228 5017 2510 5078 missione,
2540 5030 2704 5083 usque
2729 5015 2792 5068 ad
2822 5026 2999 5066 natum
3030 5013 3208 5076 Isaac,
3238 5026 3340 5064 non
3392 5013 3576 5063 mirum
3608 5018 3677 5062 est
3713 5006 3743 5056 ~i

2227 5105 2634 5172 quadringentos
2662 5114 2713 5157 et
2734 5105 2967 5172 quinque
2994 5116 3160 5154 annos
3199 5116 3404 5154 summa
3439 5102 3597 5154 solida
3632 5111 3741 5165 qna-

2225 5195 2529 5263 dringentos
2550 5195 2712 5246 voluit
2734 5194 2996 5261 appellare
3023 5192 3317 5259 Scriptura,
3344 5207 3460 5259 quae
3487 5193 3613 5245 solet
3633 5198 3742 5240 tem-

2229 5299 2354 5352 p0ra
2384 5285 2449 5337 ita
2482 5299 2803 5349 nuncupare.
2838 5292 2892 5336 ut
2922 5282 3060 5348 quod
3086 5283 3152 5334 de
3200 5297 3408 5335 summa
3451 5277 3738 5349 perfectioris

2230 5376 2428 5428 numeri
2463 5375 2724 5442 paululum
2757 5374 3015 5426 excrescit
3045 5383 3132 5425 aut
3165 5373 3301 5424 infra
3348 5383 3451 5437 est,
3493 5386 3590 5424 non
3615 5383 3734 5423 mm-

2229 5474 2454 5531 pntetur.
2486 5463 2597 5516 Non
2632 5466 2805 5532 itaque
2829 5464 2965 5532 quod
2995 5463 3087 5524 ait,
3115 5461 3166 5514 In
3195 5464 3503 5515 servitutem
3534 5460 3735 5528 redigent

2224 5571 2315 5610 eos
2343 5566 2393 5608 et
2423 5556 2681 5608 nocebunt
2713 5556 2811 5608 illis
2833 5597 2847 5618 ,
2881 5553 2944 5629 aid
2975 5553 3386 5621 quadringentos
3431 5565 3591 5606 annos
3624 5551 3737 5603 relc-

2226 5646 2440 5698 rentlum
2486 5656 2594 5710 εει,
2647 5654 2890 5713 tanquam
2948 5658 3039 5713 per
3079 5651 3153 5697 tot
3205 5656 3371 5696 annos
3431 5658 3520 5697 eos
3564 5641 3730 5695 habue-
