3886 6224
88 259 183 310 721

1270 250 1700 309 TllES.\URUS.
1742 247 1890 303 CAP.
1924 249 2104 302 CXIV.

3220 241 3318 289 7ζί

87 373 196 426 rint
243 371 302 426 in
351 371 660 428 servitutem
698 365 1022 442 [servitute],
1073 369 1166 422 sed
1223 369 1487 424 referendi
1531 376 1655 422 sunt
1686 368 1731 423 Α
1760 372 1812 416 ει
1844 374 2030 417 caetera
2060 382 2071 428 ;
2106 363 2196 417 sed
2229 363 2444 415 omn'no
2477 368 2730 442 apparent
2760 360 2868 412 ll‘JBC
2893 373 3012 412 esse
3043 358 3316 425 conjuncta

85 463 479 530 quadringenti
508 461 627 515 anni
650 455 714 515 ad
755 462 806 515 id
847 461 987 530 quod
1033 459 1230 514 dictum
1262 469 1344 516 est
1379 478 1391 513 :
1424 462 1663 531 Peregri-

90 570 219 607 num
254 552 366 607 erit
395 567 575 607 semen
623 562 766 606 tuum
816 553 866 605 in
914 562 1053 607 terra
1101 566 1204 606 non
1251 552 1495 619 propria;
1541 553 1660 620 quia

87 646 202 697 sive
242 644 297 695 in
335 652 478 697 terra
516 643 788 708 Chanaan,
835 643 947 697 sive
978 643 1028 696 in
1071 641 1301 711 Egypto
1329 643 1659 711 peregrinum

88 743 204 787 erat
262 734 402 787 illud
432 749 616 788 semen
658 744 939 800 antequam
988 732 1349 786 hereditatem
1394 741 1664 785 sumerent

91 833 294 874 terram
326 838 400 877 ex
436 823 787 889 promissione
817 821 927 886 Dei,
959 821 1098 888 quod
1124 820 1319 874 factum
1344 831 1424 875 est
1451 829 1663 886 postea-

90 925 251 977 quam
281 925 354 963 ex
379 910 611 981 AEgypto
645 910 845 964 liberati
889 920 1030 974 sunt,
1062 918 1119 964 ιιι
1145 911 1428 986 ὑπερϐατόν
1455 910 1539 962 hic
1585 909 1666 961 in-

94 999 392 1066 telligatur,
435 1007 490 1053 et
517 999 649 1054 ordo
669 1000 955 1053 verborum
986 1000 1057 1053 sit
1081 1017 1093 1053 :
1120 999 1350 1054 Sciendo
1377 998 1514 1053 scias
1541 998 1664 1066 quia

93 1087 443 1154 peregrinum
470 1089 581 1142 erit
616 1103 800 1142 semen
843 1096 988 1142 tuum
1022 1089 1072 1141 in
1120 1097 1260 1143 terra
1314 1103 1418 1141 non
1459 1088 1665 1156 propria

93 1176 511 1244 quadringentis
539 1176 730 1245 annis;
767 1177 890 1230 illud
922 1187 1097 1232 autem
1127 1178 1493 1247 interpositum
1516 1177 1667 1232 intel-

95 1265 315 1333 ligatur,
355 1267 422 1320 Et
453 1268 502 1320 in
533 1267 850 1320 servitutem
884 1267 1124 1336 redigent
1157 1283 1281 1332 eos,
1314 1277 1371 1323 et
1406 1269 1668 1322 nocebunt

97 1354 222 1421 illis,
249 1356 325 1409 ita
361 1364 420 1410 ut
454 1356 517 1409 ad
553 1357 966 1426 quadringentos
1003 1371 1172 1413 annos
1200 1359 1298 1411 ista
1340 1357 1670 1428 interpositio

97 1461 199 1498 nun
255 1446 548 1513 pertineat.
607 1446 662 1500 ln
730 1457 966 1501 extrema
1021 1448 1164 1500 enim
1219 1457 1366 1514 parte
1408 1461 1667 1501 annorum

97 1549 322 1588 summae
350 1535 530 1602 hujus,
564 1535 662 1589 hoc
692 1545 776 1590 est
807 1543 928 1604 post
965 1547 1186 1590 mortem
1223 1533 1441 1608 Ioseph,
1471 1535 1668 1590 factum

97 1633 259 1680 estut
284 1627 340 1679 in
372 1627 602 1698 ἐξεγριο
650 1628 872 1697 populus
902 1629 997 1683 Dei
1029 1629 1211 1683 duram
1243 1638 1519 1699 perageret
1555 1644 1670 1685 aer-

99 1717 326 1773 vitutem
337 1758 354 1773 .

666 1827 893 1883 CAPUT
929 1827 1112 1882 CXIV.

103 1912 214 1976 Qua
236 1915 486 1971 divisione
507 1919 820 1970 numeranda
842 1928 956 1971 sunt
984 1919 1154 1972 decem
1155 1927 1414 2041 Erecepta
1435 1919 1581 1990 legis;
1602 1935 1665 1973 ea:

422 1987 594 2040 eodeni
623 1988 750 2041 libro
775 1988 1120 2041 Quaestionum
1203 1989 1343 2041 zodi.

422 1987 594 2040 eodeni
623 1988 750 2041 libro
775 1988 1120 2054 Quaestionum
1155 1987 1343 2043 Exodi.

167 2074 441 2139 Qumritnr
478 2078 660 2132 decem
723 2086 986 2147 praecepta
1042 2078 1174 2148 legis
1219 2079 1662 2149 quemadmodum

105 2165 394 2220 dividenda
417 2169 544 2230 sint,
577 2177 750 2221 utrum
773 2177 1000 2237 quatuor
1028 2169 1137 2224 sint
1166 2184 1332 2238 usque
1361 2169 1428 2223 ad
1465 2185 1664 2233 praece-

107 2264 248 2323 ptum
269 2259 345 2312 de
373 2253 756 2329 Sabbato'quaa
795 2261 860 2313 ad
899 2261 1062 2314 Deum
1099 2259 1317 2332 [ipsum]
1359 2262 1661 2331 pertinent;

109 2361 196 2400 sex
224 2359 403 2402 autem
437 2350 636 2418 reliqua
666 2366 888 2416 quorum
919 2351 1145 2420 primum
1177 2361 1259 2405 est
1281 2393 1295 2416 ,
1330 2352 1540 2406 Honora
1575 2368 1665 2420 pa-

110 2446 235 2491 trem
267 2448 322 2494 ει
351 2447 598 2503 matrem,
632 2455 746 2509 qua:
766 2440 830 2494 ad
863 2440 1130 2494 hominem
1155 2442 1418 2508 pertinent
1443 2456 1458 2494 :
1480 2456 1545 2494 an
1570 2456 1664 2508 po-
1697 2477 1703 2482 -

114 2525 207 2579 tius
236 2526 454 2580 illa-tria
479 2528 588 2581 sint
609 2538 660 2581 et
689 2527 783 2581 ista
807 2528 1049 2596 septem?
1076 2529 1174 2594 Qui
1197 2529 1337 2583 enim
1366 2529 1548 2583 dicunt
1578 2529 1666 2584 illa

112 2621 332 2681 quatuor
363 2629 504 2682 esse,
537 2626 784 2684 separant
813 2618 952 2686 quod
982 2619 1179 2672 dictum
1212 2627 1332 2673 est:
1365 2619 1479 2673 Non
1512 2630 1666 2674 erunt

114 2704 202 2756 tibi
231 2705 300 2757 dii
332 2705 422 2757 alii
455 2714 646 2773 praeter
672 2721 791 2768 me;
826 2717 881 2760 ut
910 2707 1050 2762 aliud
1077 2706 1396 2776 praeceptum
1428 2710 1516 2773 sit,
1551 2709 1663 2763 Non

117 2793 270 2848 facies
313 2795 406 2850 tibi
433 2796 659 2861 idolum,
701 2807 754 2851 et
778 2809 997 2862 uetera,
1027 2799 1114 2854 ubi
1167 2801 1412 2870 ﬁgmenta
1450 2801 1666 2856 colenda

118 2885 482 2952 prohibentur.
519 2887 688 2941 Unum
721 2901 895 2943 autem
920 2889 1102 2945 volunt
1129 2905 1287 2945 esse:
1322 2891 1435 2946 Non
1473 2906 1668 2947 concu-

118 2976 277 3042 pisces
311 2995 526 3033 uxorem
561 2981 785 3055 proximi
811 2982 884 3034 tui
911 2997 923 3034 :
951 2980 1065 3036 Non
1090 2982 1429 3051 concupisces
1451 2983 1662 3037 domum

117 3068 337 3132 proximi
366 3071 464 3132 tui,
493 3081 544 3123 et
569 3071 745 3123 omnia
778 3086 942 3139 usque
969 3072 1021 3125 in
1066 3072 1246 3127 ﬁnem.
1273 3073 1371 3140 Qui
1417 3088 1545 3128 vero
1582 3074 1664 3128 illa
1694 3055 1738 3114 (ἶ

120 3160 210 3212 tria
240 3160 427 3214 dicunt
470 3175 609 3224 esse,
641 3170 694 3216 et
733 3163 829 3216 ista
877 3175 1105 3230 septem,
1137 3180 1296 3218 unum
1341 3166 1524 3220 volunt
1549 3180 1668 3222 esse

72 3264 74 3266 ν
119 3249 361 3318 quidquid
390 3251 459 3306 de
490 3267 595 3305 uno
615 3253 837 3308 colendo
870 3255 974 3309 Deo
1007 3258 1331 3324 praecipitur,
1370 3274 1434 3313 ne
1474 3260 1667 3327 aliquid

122 3338 249 3393 aliud
282 3352 478 3408 praeter
509 3342 654 3396 illum
688 3358 784 3412 pro
816 3345 923 3399 Deo
963 3347 1186 3400 colatur.
1224 3348 1347 3402 Hmc
1380 3360 1552 3403 autem
1581 3367 1669 3404 ex-

123 3438 281 3504 trema
299 3433 349 3504 in
379 3433 486 3486 duo
513 3435 770 3497 dividunt,
794 3446 850 3489 ut
877 3437 1019 3490 aliud
1052 3438 1117 3490 sit
1143 3455 1156 3490 :
1188 3439 1298 3491 Non
1322 3443 1668 3508 concupisces

125 3536 327 3577 uxorem
357 3526 584 3592 proximi
616 3528 720 3590 tui;
752 3528 919 3580 aliud:
953 3527 1065 3581 Non
1090 3532 1430 3597 concupisces
1459 3532 1669 3585 domum

127 3601 334 3676 proximi
368 3615 462 3666 tui.
484 3614 672 3668 Decem
703 3626 874 3670 tamen
917 3633 1036 3672 esse
1070 3631 1333 3689 praecepta
1358 3622 1530 3674 neutri
1554 3635 1670 3675 ain-

127 3700 312 3769 bigunt,
342 3705 599 3774 quoniatn
634 3705 732 3759 hoc
752 3706 1027 3775 Scriptura
1052 3717 1296 3777 testatur,
1342 3712 1468 3765 mihi
1494 3721 1668 3766 tamen

129 3792 318 3847 videtur
349 3798 732 3862 congruentius
758 3798 922 3865 accipi
957 3800 1054 3851 tria
1086 3801 1194 3864 illa,
1229 3812 1280 3855 et
1311 3803 1406 3854 ista
1437 3813 1668 3870 septem;

130 3882 233 3948 quia
261 3893 311 3938 et
331 3885 645 3939 Trinitatem
675 3887 918 3940 videntur
945 3888 1032 3940 illa
1066 3905 1183 3956 qua:
1209 3891 1272 3942 ad
1308 3891 1471 3945 Deum
1513 3893 1673 3959 perti-

129 3967 242 4026 ιιειίι
299 3976 570 4031 insinuare
611 3977 912 4045 diligentius
957 3979 1308 4034 intuentibus.
1367 3981 1433 4035 Et
1488 3998 1671 4036 revera

131 4064 253 4128 quod
281 4053 476 4120 dictum
509 4076 618 4134 est,
650 4066 762 4121 Non
795 4079 950 4121 erunt
981 4069 1073 4123 tibi
1106 4069 1174 4122 dii
1206 4070 1292 4123 alii
1326 4082 1515 4138 prteter
1545 4088 1667 4136 me,

131 4151 220 4207 hoc
239 4155 404 4222 ipsum
439 4157 726 4225 perfectum
748 4157 1044 4222 explicatur
1071 4173 1189 4212 cum
1220 4161 1562 4226 prohibentur
1582 4161 1671 4216 col

132 4240 270 4297 lenda
296 4245 564 4314 figmenta.
589 4247 1025 4312 Concupisc‘entia
1056 4261 1214 4314 porro
1244 4249 1424 4303 uxoris
1451 4251 1665 4316 alienat,

133 4339 177 4383 et
234 4336 654 4402 concupiscentia
709 4336 895 4390 domus
939 4335 1145 4401 alienae,
1201 4347 1400 4392 tantum
1441 4340 1492 4394 in
1540 4355 1666 4408 pec-

97 4453 100 4456 ι
132 4424 284 4480 cando
321 4427 593 4493 dilTerunt,
622 4439 678 4482 ut
710 4430 782 4484 illi
813 4431 950 4498 quod
980 4431 1179 4486 dictum
1223 4442 1341 4487 est:
1373 4432 1486 4487 Non
1535 4447 1660 4486 con-

135 4518 348 4585 cupisces
402 4522 612 4576 domum
672 4525 896 4591 proximi
939 4526 1035 4591 tui,
1096 4527 1339 4595 adjuncta
1397 4529 1544 4593 sint,
1612 4537 1666 4583 et

136 4606 253 4671 alia,
288 4610 497 4665 dicente
536 4613 836 4679 Scriptura,
881 4629 1050 4678 neque
1087 4631 1266 4683 agrum
1305 4617 1450 4681 eius,
1495 4632 1664 4684 neque

135 4696 228 4764 68
251 4714 456 4753 servum
487 4701 619 4769 ejus,
653 4717 820 4769 neque
847 4703 1087 4754 ancillam
1116 4703 1246 4771 rjus,
1280 4720 1448 4772 neque
1478 4705 1663 4759 bovem

138 4787 234 4851 ejus
278 4789 504 4861 [boves],
561 4807 730 4860 neque
784 4791 1060 4860 subjugale
1105 4794 1660 4866 [subjugalem]cjus,

141 4889 222 4928 nec
253 4895 402 4934 omne
450 4896 608 4948 pecus
650 4881 794 4948 ejus,
846 4896 941 4934 nec
974 4897 1291 4951 qua'cnnque
1317 4886 1536 4951 proximi
1586 4888 1667 4939 sui

140 4963 272 5035 [tui]
312 4979 455 5022 sunt.
496 4961 815 5024 Discrevisse
853 4982 1024 5026 autem
1055 4974 1257 5026 vitetur
1295 4975 1670 5042 concupiscen-

143 5055 246 5108 tiam
282 5061 457 5113 uxoris
507 5061 689 5114 alienas
735 5075 765 5114 a
813 5059 1231 5129 cooeupiseentia
1278 5063 1552 5130 cujuslibet
1591 5066 1665 5119 rei

141 5144 317 5212 alienat,
339 5151 548 5220 quando
569 5160 847 5219 utrumque
872 5153 948 5204 sic
969 5153 1128 5220 erepit
1155 5169 1169 5207 :
1197 5153 1305 5205 Non
1327 5156 1666 5222 concupisces

143 5250 328 5293 uxorem
385 5242 607 5310 proximi
670 5243 741 5296 tui
798 5259 810 5294 :
880 5243 990 5296 Non
1052 5246 1389 5311 conculiisees
1449 5246 1658 5299 domum

145 5331 336 5388 proximi
383 5333 475 5395 tui,
519 5344 574 5387 et
605 5333 726 5386 huic
772 5334 932 5399 cmpit
976 5343 1162 5387 eadem
1208 5336 1509 5403 adjnngcre.
1549 5336 1661 5388 Non

145 5425 292 5468 autem
311 5435 424 5473 eum
445 5421 684 5473 dixisset:
707 5422 816 5473 Non
840 5425 1180 5490 concupisces
1202 5440 1414 5478 uxorem
1440 5425 1661 5491 proximi

148 5501 234 5561 tui,
275 5507 386 5561 huic
430 5493 696 5562 contexuit
745 5510 1072 5579 [eonnexuit
1097 5511 1112 5579 l
1136 5513 1233 5565 alia
1263 5515 1464 5576 dicens,
1498 5529 1688 5581 neque,

145 5586 321 5647 duIllum
343 5596 481 5672 ejus,
516 5599 892 5668 ncquc'agrum
923 5601 1056 5668 ejus,
1086 5619 1252 5671 neque
1281 5619 1488 5657 servum
1524 5605 1661 5670 ejus,

1695 4400 1746 4458 D

1765 470 1879 521 qure
1911 454 2100 525 unolin
2124 452 2524 522 unojprtecepto
2556 439 2794 505 videntur
2823 448 3099 511 contineri,
3130 459 3182 499 et
3207 448 3317 499 dis-

1752 555 1904 598 creta
1935 547 2000 597 ab
2030 547 2119 598 illo
2148 546 2236 597 ubi
2276 561 2406 596 uxor
2430 544 2692 597 nominata
2720 553 2819 596 est.
2855 540 2982 593 llluil
3012 549 3182 592 autem
3232 538 3318 590 uhi

1764 635 1958 687 dictum
1987 645 2065 689 est
2086 677 2100 697 ,
2129 635 2239 687 Non
2266 645 2420 688 erunt
2447 634 2538 687 tibi
2565 633 2631 685 dii
2661 634 2744 684 alii
2769 644 2956 698 praeter
2980 645 3080 693 me,
3106 637 3323 695 θυρίσι-ιιι

1768 724 1920 791 hujus
1949 724 2020 776 rei
2048 723 2428 790 diligentiorem
2453 722 2839 775 exsecutionem
2869 735 2985 774 esse
3016 719 3066 771 in
3101 719 3180 770 his
3205 734 3321 782 qua:

1763 815 2037 881 subjnneta
2069 813 2344 884 [subjecta]
2375 822 2514 868 sunt.
2550 813 2807 879 Quoniam
2848 812 2972 882 [quo
3002 810 3166 878 enim]
3208 825 3319 873 per-

1768 903 1930 966 tinet,
1963 903 2074 956 Non
2105 904 2264 958 facies
2291 906 2383 958 tibi
2416 905 2606 958 idolum
2628 946 2642 967 ,
2687 918 2854 972 neque
2903 903 3061 956 ullum
3108 902 3320 954 simula-

1768 1007 1912 1045 crum
1937 1007 2259 1062 qutrcunque
2281 994 2333 1047 in
2363 995 2498 1048 cwlo
2518 1002 2640 1046 sunt
2666 1008 2896 1058 sursum,
2927 1002 2976 1046 et
2998 1005 3321 1060 qnmcunqne

1769 1084 1817 1135 in
1848 1091 1986 1136 terra
2015 1083 2284 1145 deorsum,
2315 1095 2367 1138 ει
2413 1100 2738 1154 quzrcunque
2778 1085 2874 1139 sub
2902 1095 3037 1138 terra
3081 1086 3130 1137 in
3169 1098 3320 1152 aqua,

1770 1191 1873 1229 non
1904 1177 2148 1231 adorabis
2178 1179 2254 1231 eis
2281 1177 2298 1248 [
2321 1193 2378 1230 ca
2404 1177 2444 1244 ’l,
2478 1194 2642 1246 neque
2672 1180 2874 1232 servies
2901 1178 3019 1241 illis,
3053 1177 3150 1229 nisi
3183 1177 3242 1226 :id
3274 1176 3320 1226 id

1768 1265 1908 1333 quod
1935 1266 2134 1320 dictum
2164 1279 2241 1320 est
2277 1285 2287 1318 :
2319 1267 2429 1319 Non
2461 1277 2614 1320 erunt
2646 1268 2733 1321 tibi
2767 1268 2834 1319 dii
2867 1268 2950 1319 alii
2987 1275 3174 1334 praeter
3220 1281 3320 1318 me.

1770 1355 1873 1410 Sed
1903 1371 2082 1410 rursus
2111 1358 2362 1424 quaeritur
2391 1372 2494 1425 quo
2523 1355 2727 1424 dilTera}
2757 1355 2866 1409 Non
2902 1357 3092 1408 furtum
3126 1355 3283 1407 facies
3311 1396 3321 1412 .

1769 1445 1837 1499 ab
1855 1460 1920 1503 eo
1946 1447 2084 1515 quod
2114 1447 2269 1515 paulo
2296 1456 2414 1514 post
2441 1447 2504 1500 de
2532 1462 2634 1500 non
2657 1445 3083 1512 concupisceudis
3105 1445 3323 1512 proximi

1771 1538 1927 1589 rebus
1953 1536 2287 1604 praecipitur?
2307 1535 2418 1589 Non
2441 1535 2649 1604 quidem
2670 1537 2840 1590 omnis
2863 1537 2947 1604 qui
2973 1551 3077 1588 rem
3101 1536 3324 1602 proximi

1770 1625 1852 1680 sui
1876 1628 2200 1694 concupiScit
2225 1626 2457 1692 furatur;
2483 1627 2574 1681 sed
2605 1627 2648 1680 si
2675 1627 2844 1679 omnis
2873 1627 2958 1694 qui
2993 1627 3186 1678 furatur
3216 1640 3324 1677 rem

1700 1711 1746 1768 Β
1774 1716 1996 1783 proximi
2025 1721 2103 1772 sui
2134 1719 2456 1787 concupiscit
2481 1760 2494 1783 ,
2522 1727 2725 1787 poterat
2755 1719 2802 1772 in
2835 1720 2917 1771 illa
2948 1717 3284 1786 generalitate
3310 1762 3323 1780 ,

1767 1808 1854 1862 ulti
1897 1810 1965 1864 de
2018 1826 2119 1864 non
2167 1811 2586 1880 concupiscenda
2631 1827 2689 1865 re
2731 1811 2956 1878 proximi
3002 1809 3322 1878 prmeipitur,

1764 1899 1922 1952 etiam
1952 1899 2078 1952 illud
2111 1901 2249 1968 quod
2285 1902 2348 1954 ad
2380 1901 2572 1954 furtum
2606 1902 2828 1967 pertinet
2858 1898 3132 1952 contineri.
3165 1897 3323 1952 Simi-

1766 1989 1885 2043 liter
1911 1991 2070 2044 etiam
2100 1993 2354 2059 quaeritur
2393 2007 2497 2061 quo
2536 1992 2747 2046 differat.
2787 1991 2922 2059 quod
2967 1991 3164 2044 dictum
3201 2001 3278 2042 est
3308 2031 3322 2048 ,

1765 2079 1876 2133 Non
1902 2079 2275 2148 moecbaberis,
2298 2082 2366 2135 ab
2390 2097 2454 2135 eo
2479 2082 2617 2150 quod
2652 2083 2805 2148 paulo
2838 2096 2946 2149 p05t
2977 2083 3184 2145 dicitur,
3212 2081 3321 2132 Non

1764 2174 2106 2241 concupisces
2135 2187 2352 2227 uxorem
2399 2173 2623 2242 proximi
2659 2174 2761 2226 tui?
2795 2174 2845 2226 lu
2874 2188 2936 2226 eo
2966 2174 3156 2241 quippe
3187 2172 3322 2239 quod

1765 2262 1960 2316 dictum
1986 2271 2097 2325 est,
2126 2262 2242 2316 Non
2273 2262 2642 2329 mazchaberis,
2675 2270 2875 2330 poterat
2920 2262 3046 2314 illud
3074 2261 3321 2325 intelligi,

1765 2351 1865 2406 nisi
1895 2352 2027 2406 forte
2069 2352 2121 2404 in
2154 2351 2256 2405 illis
2286 2351 2491 2406 duobus
2537 2355 2765 2420 peccatis
2805 2352 3098 2407 mmehandi
3147 2363 3198 2405 et
3243 2351 3322 2403 fu-

1766 2443 1913 2496 randi
1940 2442 2234 2513 [praeceptis
2264 2458 2366 2497 non
2399 2443 2694 2498 mmehandi
2733 2451 2785 2497 et
2813 2459 2911 2496 non
2947 2442 3174 2512 furandi]
3217 2445 3325 2510 ipsa

1765 2547 1923 2600 opera
1955 2542 2128 2586 notata
2159 2542 2312 2594 sunt;
2341 2533 2393 2586 in
2425 2533 2503 2586 his
2533 2547 2659 2586 vero
2688 2535 2958 2596 extremis,
2995 2535 3103 2601 ipsa
3131 2547 3324 2587 concu-

1767 2622 2182 2691 piscentia,'quaa
2210 2630 2409 2676 tantttm
2436 2622 2685 2676 differunt
2712 2633 2766 2676 ut
2786 2623 3065 2691 aliquando
3092 2623 3324 2678 mteehe-

1768 2720 1852 2764 tur
1877 2711 1964 2780 qui
1991 2727 2092 2765 non
2118 2712 2440 2780 concupiscit
2475 2726 2693 2766 uxorem
2724 2713 2970 2780 proximi,
2999 2727 3116 2767 cum
3141 2712 3212 2766 illi
3236 2716 3325 2765 ali-

1766 2817 1869 2872 qua
1899 2802 1999 2856 alia
2046 2818 2206 2859 causa
2242 2804 2519 2869 miscetur,
2558 2805 2838 2872 aliquando
2866 2793 3037 2858 autem
3076 2805 3325 2872 concupi-

1765 2903 1878 2947 scat
1908 2877 2003 2948 nec
2024 2894 2074 2948 ei
2105 2895 2389 2948 misceatur
2417 2910 2624 2963 pinnam
2660 2895 2881 2957 timens,
2910 2904 2962 2948 et
2987 2897 3084 2949 hoc
3107 2896 3328 2949 fortasse

1768 2983 1852 3036 lex
1882 2983 2162 3038 ostendere
2184 2983 2349 3038 voluit
2376 2985 2512 3052 quod
2544 2992 2762 3053 utraque
2802 2993 3008 3053 peccata
3031 2987 3160 3040 sint.
3201 2987 3325 3039 Item

1769 3074 1931 3141 quaeri
1961 3074 2116 3139 solet,
2141 3083 2313 3128 utrum
2344 3074 2586 3140 moecltiae
2626 3077 2836 3129 nomine
2865 3077 3021 3129 etiam
3055 3076 3328 3129 fornicatio

1771 3165 2049 3216 teneatur?
2098 3163 2198 3217 hoc
2241 3163 2379 3217 enim
2414 3146 2668 3218 Graecum
2703 3166 2918 3219 verbum
2956 3173 3036 3219 est
3074 3181 3178 3233 quo
3220 3167 3326 3233 jam

1772 3253 2044 3321 Scriptura
2096 3254 2256 3309 utitur
2283 3270 2377 3324 pro
2421 3256 2605 3311 Latino
2630 3299 2642 3317 ,
2675 3257 2910 3311 moechos
2943 3267 3118 3310 tamen
3147 3257 3328 3310 Cra-ce

1771 3359 1873 3397 non
1904 3345 2000 3397 nisi
2024 3344 2294 3399 adulteros
2320 3346 2464 3399 dicit.
2496 3347 2598 3402 Sed
2631 3349 2810 3416 utique
2836 3348 2930 3402 ista
2962 3348 3040 3400 lex
3071 3363 3171 3400 non
3199 3349 3328 3400 solis

1773 3434 1896 3487 viris
1921 3435 1968 3487 in
2001 3436 2217 3503 p0pulo,
2243 3451 2426 3490 verum
2458 3437 2611 3491 etiam
2646 3438 2853 3492 feminis
2880 3438 2996 3490 data
3024 3448 3122 3492 est.
3151 3439 3328 3507 Neun

1771 3527 1910 3579 enim
1963 3527 2083 3595 quia
2136 3528 2333 3580 dictum
2385 3537 2504 3592 est,
2561 3529 2673 3582 Non
2718 3531 3057 3597 concupisces
3111 3545 3328 3583 uxorem

1774 3616 1996 3681 proximi
2044 3618 2139 3682 tui,
2172 3618 2301 3669 nihil
2344 3618 2426 3670 hic
2472 3620 2568 3672 sibi
2601 3631 2915 3686 praeceptum
2947 3621 3100 3673 debet
3147 3630 3330 3687 putare

1773 3705 1965 3760 femina
1996 3717 2048 3761 et
2082 3718 2327 3776 tanquam
2364 3708 2503 3763 licite
2533 3711 2904 3778 concupiscere
2933 3712 3101 3763 virum
3147 3713 3329 3778 proxi-

1774 3812 1873 3850 mat
1899 3813 2028 3852 suae.
2057 3798 2110 3854 Si
2141 3813 2268 3867 ergo
2299 3799 2384 3854 hic
2404 3815 2465 3853 ex
2490 3800 2578 3853 illo
2609 3803 2746 3868 quod
2774 3801 2886 3854 viro
2909 3800 3110 3855 dictum
3131 3813 3212 3856 est
3252 3803 3330 3855 in-

1772 3885 2038 3955 telligitur,
2083 3889 2323 3954 quamvis
2365 3905 2465 3941 non
2512 3888 2707 3941 dictum
2748 3889 2847 3951 sit,
2893 3891 3029 3958 quod
3070 3889 3228 3944 etiam
3264 3890 3328 3943 ad

1771 3974 2018 4028 feminam
2050 3977 2324 4043 pertineat,
2349 3985 2543 4045 quanto
2586 3978 2751 4046 magis
2781 3993 2844 4030 ex
2873 3993 2936 4032 eo
2963 3979 3100 4045 quod
3131 3980 3325 4032 dictum

1770 4074 1871 4130 est,
1894 4067 2007 4121 Non
2035 4068 2408 4133 mmchaberis,
2440 4081 2659 4139 uterque
2687 4087 2840 4126 sexus
2863 4073 3182 4140 astringitur,
3208 4090 3326 4128 eum

1770 4167 1824 4211 et
1853 4159 2022 4226 ipsum
2052 4169 2370 4227 praaceptum
2401 4170 2569 4229 potest
2600 4163 2784 4216 referri
2826 4164 2888 4215 ad
2922 4172 3220 4230 utrumque,
3253 4168 3326 4217 si-

1769 4258 1857 4300 cut
1882 4246 1993 4300 Non
2020 4248 2250 4312 occides,
2281 4248 2395 4302 Non
2424 4250 2701 4314 furaberis,
2730 4261 2782 4304 et
2808 4250 2905 4303 alia
2938 4267 3053 4319 quae
3080 4253 3325 4304 similiter

1771 4353 1873 4391 non
1903 4354 2156 4406 expresso
2180 4356 2283 4392 uno
2308 4355 2434 4394 sexu
2466 4342 2670 4410 utrique
2697 4341 2938 4396 videntur
2966 4356 3158 4395 sonare
3183 4357 3327 4395 com-

1772 4429 2017 4481 muniter.
2047 4428 2248 4483 Tamen
2275 4429 2359 4483 ubi
2385 4447 2516 4484 unus
2538 4431 2864 4498 exprimitur,
2895 4431 3198 4486 honoratior
3223 4434 3294 4484 uti
3313 4463 3325 4472 -

1771 4535 1872 4587 que
1900 4523 2231 4587 exprimitur,
2265 4522 2314 4575 id
2337 4533 2414 4576 est
2455 4504 2792 4587 masculiuus,
2827 4534 2882 4576 ut
2908 4539 2968 4578 ex
3005 4525 3102 4577 hoc
3134 4525 3325 4577 intelli-

1770 4620 1858 4678 gat
1885 4611 2042 4666 etiam
2068 4612 2255 4666 femina
2285 4613 2408 4681 quid
2433 4614 2530 4666 sibi
2557 4600 2872 4682 praeceptum
2901 4615 2985 4667 sit.
3019 4613 3091 4666 Ac
3115 4629 3204 4680 per
3227 4616 3326 4668 hoc

1771 4703 1813 4757 si
1844 4703 2030 4756 femina
2059 4703 2318 4757 mmehata
2363 4713 2444 4757 est
2475 4705 2670 4757 habens
2702 4706 2891 4768 virum,
2926 4703 3325 4755 concumbendu

1771 4806 1889 4845 cum
1913 4807 1976 4845 eo
2003 4794 2088 4860 qui
2121 4795 2202 4845 vir
2229 4792 2341 4861 ejus
2372 4807 2471 4846 non
2500 4803 2600 4856 est,
2643 4793 2843 4846 etiamsi
2877 4793 2962 4846 illc
3004 4807 3104 4845 non
3138 4793 3327 4845 haheat

1773 4899 2015 4948 uxmem,
2044 4884 2277 4951 profecto
2302 4885 2539 4939 moechus
2565 4893 2645 4939 est
2676 4903 2687 4936 :
2712 4893 2765 4939 et
2787 4885 2864 4937 vir
2887 4884 3081 4938 habens
3108 4900 3324 4936 uxorem

1769 4974 2167 5028 concumhendo
2191 4990 2310 5028 cum
2339 4991 2398 5028 ea
2427 4990 2542 5044 quae
2570 4990 2699 5028 uxor
2722 4976 2834 5042 ejus
2863 4990 2965 5026 non
2993 4983 3097 5037 est,
3117 4975 3324 5027 etiamsi

1769 5065 1852 5118 illa
1882 5081 1985 5118 non
2011 5067 2196 5118 habeat
2220 5067 2408 5118 virum.
2439 5065 2541 5120 Sed
2562 5076 2731 5118 utrum
2751 5065 2791 5116 si
2819 5065 2972 5117 faciat
2996 5064 3081 5132 qui
3106 5079 3321 5116 uxorem

1770 5173 1872 5208 non
1899 5157 2074 5219 habet,
2103 5172 2220 5208 eum
2253 5156 2444 5209 femina
2470 5172 2586 5224 quae
2613 5158 2782 5208 virum
2816 5172 2918 5207 non
2951 5156 3135 5220 habet,
3171 5156 3325 5206 ambo

1770 5246 2013 5312 praecepti
2046 5247 2183 5298 illius
2213 5246 2626 5313 transgressione
2654 5254 2946 5308 teneantur,
2982 5246 3171 5297 merito
3193 5260 3322 5308 quae-

1771 5335 1932 5387 ritur:
1965 5336 2006 5387 si
2031 5336 2169 5386 enim
2193 5351 2295 5387 non
2322 5345 2588 5400 tenentur,
2616 5351 2719 5387 non
2744 5345 2825 5397 est
2856 5335 3117 5401 prohibita
3149 5335 3198 5385 in
3227 5333 3321 5385 lle-

1769 5425 1948 5492 ealogo
1977 5423 2268 5486 fornicatio,
2298 5425 2388 5478 sed
2413 5425 2519 5476 sola
2542 5427 2767 5494 μοτχεία,
2799 5425 2848 5477 id
2872 5433 2952 5478 est
2985 5424 3175 5476 adulte:
3194 5423 3321 5485 ium,

1766 5514 1996 5591 quamvis
2037 5516 2206 5567 omnis
2249 5517 2457 5586 μ’)ιχεία
2489 5513 2774 5568 fornicatio
2814 5529 2930 5568 esse
2977 5514 3320 5581 intelligatur,

1767 5605 1900 5660 sicut
1943 5607 2224 5676 loquuntur
2275 5607 2574 5675 Scriptor-an
2628 5606 2884 5663 Domitius
2931 5605 3069 5660 enim
3106 5606 3235 5659 dicit
3271 5605 3325 5659 in
