3886 6224
87 200 240 254 725
848 160 849 163 γ
1315 193 1737 251 ItlESAL‘RUS.
1778 194 1926 250 car.
1968 197 2125 252 cxv.
3254 195 3351 248 τες»

79 309 421 374 sapientiae
463 309 727 363 insinuare
761 322 864 360 non
909 314 1144 374 possunt.
1207 305 1443 374 Denique
1500 307 1548 359 itt
1595 306 1693 359 Ec-
1726 310 1768 364 A
1799 307 2211 378 Cotnparemus:
2246 310 2306 363 da
2358 310 2624 365 hominem
2672 311 2924 366 moechari
2976 312 3347 376 meditantem,

84 400 297 452 clesia
319 399 605 466 loquuntur
630 399 1111 450 hzerentesveritati
1134 399 1404 451 veritatem
1434 412 1696 466 perquam
1801 401 2044 468 conjugio
2086 417 2186 453 non
2233 410 2536 454 contentum
2585 415 2702 465 suo,
2732 403 3015 470 appetitum
3063 401 3343 470 quemdam

87 492 275 542 facta
307 498 433 542 sunt
460 489 658 566 omnia,
691 488 977 542 Veritatem
1013 487 1237 542 Verbum
1269 503 1480 542 carnem
1505 488 1696 540 factum
1799 494 1970 548 carnis
2003 494 2054 544 in
2082 507 2139 546 se
2167 493 2383 546 domare
2410 509 2514 546 non
2562 495 2690 558 vult,
2723 495 2808 561 qui
2840 502 2922 548 est
2963 493 3111 547 nobis
3140 496 3345 559 pecori-

89 592 172 634 et.
204 582 540 634 habitantem
570 581 619 633 in
647 581 1116 643 nobis,veritatcm
1142 577 1408 633 Christum
1435 587 1610 632 natum
1636 578 1698 631 de
1802 583 2003 648 busque
2031 585 2324 636 communis
2349 600 2364 636 :
2396 584 2589 637 etenim
2622 584 2972 636 concumbere
3001 591 3057 636 et
3087 597 3342 651 generare

90 671 276 736 Deo,
305 686 466 722 unum
493 671 557 724 de
581 687 703 737 uno,
737 671 1061 738 unigenitum
1089 679 1141 723 et
1170 678 1513 730 cozeternum,
1559 668 1698 721 veti-
1799 672 2244 740 etiam'pecudum
2277 683 2356 726 est
2383 692 2397 738 ;
2429 671 2732 726 ratidcinari
2759 714 2771 735 ,
2805 672 3122 740 intelligere,
3158 675 3346 725 huma-

94 761 710 828 tatemacceptaforma
727 760 1360 827 servinatumexvirgine
1382 759 1702 825 Maria,pas-
1801 775 1922 811 num
1954 769 2052 813 est.
2088 759 2209 813 idco
2238 761 2370 813 ratio
2401 776 2517 828 quae
2563 761 2808 826 przrsidet
2848 761 2897 814 in
2952 770 3125 814 mente
3172 771 3346 814 motus

89 867 284 909 sum.
309 853 640 914 crucifixum,
663 861 1048 918 resurgentem,
1079 849 1447 903 ascendentem
1476 847 1701 914 :ubique
1801 848 2078 902 inferiores
2106 848 2277 901 carnis
2305 859 2552 917 tanquam
2598 864 2823 918 regnans
2850 860 2901 902 et
2929 851 3207 902 dominans
3235 849 3330 903 fre-

97 940 424 993 vreritatem
459 949 509 992 et
530 955 686 1007 quam
719 939 1246 1007 perfecticapiuntet
1272 952 1423 1004 quam
1453 937 1699 1004 parvulus
1800 952 1925 1009 nare
1970 938 2146 1001 debet,
2174 951 2273 990 non
2315 938 2659 990 immoderate
2704 946 2754 990 et
2800 938 2976 991 illicite
3017 939 3212 1005 passim
3256 951 3344 988 va-

93 1043 337 1094 capere
358 1043 459 1080 non
478 1037 685 1095 potest;
710 1029 1074 1090 veritatem,et
1097 1029 1143 1079 in
1170 1041 1300 1094 pane
1319 1036 1370 1078 et
1398 1026 1626 1089 in'lacte,
1646 1025 1697 1077 in
1798 1041 1965 1094 geque
1997 1026 2194 1091 laxare,
2223 1027 2445 1095 ideoque
2488 1028 2617 1096 ipsis
2651 1028 2924 1094 pecoribus
2955 1037 3134 1080 natura
3164 1028 3342 1080 datum

97 1133 281 1186 pane
299 1133 630 1185 magnorum,
650 1119 698 1170 in
716 1118 850 1171 lacte
867 1116 1378 1184 parvulorum.ldem
1395 1116 1697 1184 quippepa-
1800 1129 1900 1182 est,
1930 1119 2233 1172 instituentc
2261 1119 2535 1184 Creatore,
2565 1130 2622 1173 ut
2646 1135 2746 1172 non
2771 1131 3076 1172 moveantur
3103 1121 3166 1172 ad
3199 1121 3341 1173 femi‘

97 1210 207 1262 nis
232 1208 398 1260 ullae
419 1209 842 1274 tiatpercarnem
862 1206 1441 1274 trajicitur.Quiautem
1461 1206 1584 1258 huic
1613 1220 1701 1257 ve-
1803 1225 1894 1260 nas
1933 1217 1984 1261 et
2006 1209 2069 1261 ad
2099 1210 2432 1262 concubitum
2467 1210 2563 1262 nisi
2594 1210 2754 1262 certis
2798 1209 3140 1271 temporibus,
3175 1225 3343 1278 neque

94 1297 822 1361 ritaticontradicunt,etin
840 1311 930 1349 sua
950 1296 1178 1348 vanitate
1192 1294 1695 1362 deceptideeipiunt.
1800 1301 1939 1353 enim
1966 1300 2166 1353 ratione
2191 1314 2248 1353 se
2273 1300 2486 1354 cohibet
2508 1300 2608 1352 alio
2641 1311 2872 1366 tempore
2901 1314 3077 1367 pecus,
3111 1300 3199 1352 sed
3232 1315 3346 1351 om-

99 1402 285 1438 ranzr:
304 1387 651 1438 suntlmdtum
675 1386 962 1439 inferentes
991 1384 1227 1450 auribus,
1246 1400 1348 1444 non
1374 1385 1544 1439 cibum
1566 1399 1704 1436 men-
1803 1391 1926 1442 uino
1954 1393 2064 1456 ipso
2094 1401 2234 1443 motu
2279 1389 2588 1457 frigescente
2636 1389 2902 1456 torpescit.
2960 1389 3126 1440 IIomt)
3173 1398 3344 1440 autem

97 1476 458 1528 til)u5.Audi
480 1475 707 1542 denique
740 1475 979 1528 homines
1005 1473 1386 1527 rationabiliter
1402 1475 1695 1540 loquentes,
1805 1481 1923 1532 ideo
1953 1493 2164 1546 semper
2204 1479 2402 1532 moveri
2445 1489 2652 1542 potest,
2687 1479 2808 1546 quia
2841 1487 2894 1532 et
2940 1477 3207 1531 refrenare
3235 1493 3345 1530 mo-

104 1581 233 1618 non
250 1565 624 1632 stmtloquelae
639 1581 805 1633 neque
825 1579 1096 1618 sermones
1113 1578 1333 1631 quorum
1348 1579 1450 1616 non
1469 1562 1690 1615 audian-
1803 1579 1908 1620 tum
1941 1579 2128 1636 potest.
2163 1569 2276 1622 Tibi
2305 1568 2719 1625 dominationem
2754 1569 2970 1621 rationis
3009 1568 3226 1620 Creator
3257 1567 3348 1620 de-

65 1699 68 1704 .
102 1664 204 1707 tur
236 1656 736 1718 vocescowm,sed
756 1669 908 1714 voces
927 1669 1027 1707 non
1054 1653 1457 1720 inanes,quiain
1485 1667 1694 1704 omnem
1729 1649 1771 1706 Β
1801 1661 1896 1719 dit.
1931 1660 2020 1713 tibi
2070 1671 2329 1728 praecepta
2377 1660 2712 1714 continentia:
2765 1669 3008 1729 tanquam
3056 1660 3105 1711 in
3154 1659 3347 1712 bestias

109 1757 346 1798 terram
369 1747 702 1800 exivitsonus
727 1761 905 1798 eorum
920 1757 966 1797 ot
994 1745 1346 1798 infinesorbis
1370 1755 1520 1796 terra:
1541 1745 1694 1796 verba
1801 1751 2077 1806 inferiores
2123 1754 2228 1804 lora
2280 1750 2566 1816 concessit;
2609 1760 2757 1806 tenes
2789 1761 2840 1804 tu
2873 1750 3008 1819 quod
3039 1765 3196 1820 pecus
3243 1765 3348 1803 non

106 1851 353 1888 eorum.
386 1836 440 1889 Si
468 1846 642 1889 autem
677 1845 726 1889 et
754 1852 910 1889 ranas
949 1836 1028 1888 vis
1059 1835 1353 1889 t-contrario
1383 1834 1693 1900 intelligere,
1802 1851 1986 1908 potest,
2017 1853 2066 1894 et
2104 1842 2223 1896 ideo
2249 1858 2430 1909 speras
2455 1852 2506 1896 tu
2537 1843 2674 1912 quod
2707 1857 2866 1911 pecus
2896 1859 2999 1897 non
3033 1852 3238 1910 potest;
3273 1843 3348 1894 la-

116 1927 291 1978 iilum
326 1939 536 1978 versum
569 1924 753 1991 psalmi
786 1925 956 1978 recole
986 1967 993 1976 .
1029 1923 1169 1975 Vana
1201 1925 1355 1976 locuti
1389 1931 1509 1975 sunt
1538 1938 1650 1974 unu:

1807 1934 1953 1986 buras
1984 1933 2306 2002 aliquantum
2338 1935 2389 1986 in
2421 1933 2763 1997 continendo,
2790 1949 2894 1987 non
2932 1933 3134 1986 laborat
3163 1945 3341 1999 peciis,

112 2017 374 2084 ςυίείιυε
411 2015 476 2069 ad
517 2017 810 2084 Ρτοῑῖωυίη
840 2031 1010 2068 δυυίη·
1063 2013 1294 2084 Τθτιίῑηι)
1335 2020 1693 2081 βτπεερῑυίηε
1800 2024 1891 2078 sed
1937 2024 2183 2090 gaudebis
2227 2038 2437 2091 semper
2485 2025 2535 2076 in
2581 2024 2894 2086 :nternitate,
2930 2022 2995 2076 ad
3039 2034 3194 2089 quam
3243 2036 3345 2072 non

116 2109 412 2162 Hemento
435 2107 572 2161 diem
599 2107 804 2160 sabbati
830 2106 1160 2159 sattctiticare
1181 2120 1318 2158 eum.
1346 2103 1396 2156 In
1421 2103 1576 2156 tertio
1599 2103 1700 2154 isto
1800 2113 2037 2179 pervenit
2062 2125 2244 2178 pecus;
2268 2113 2308 2163 si
2335 2127 2467 2179 opus
2495 2111 2693 2181 fatigat,
2717 2127 2921 2166 merces
2947 2110 3267 2174 consoletur,
3292 2120 3344 2162 et

118 2204 415 2263 praecepto
446 2197 737 2248 insinuatur
758 2197 996 2263 quaedam
1019 2193 1304 2248 vacationis
1326 2191 1558 2255 indictio,
1583 2204 1702 2256 quae
1801 2202 1913 2267 ipsa
1943 2201 2080 2253 enim
2113 2201 2357 2268 patientia
2397 2209 2480 2255 εει
2527 2202 2830 2256 interiorem
2876 2210 3073 2256 ιηοιιιηι
3116 2201 3347 2265 frenare,

121 2300 206 2341 est
257 2288 450 2340 cordis
491 2287 841 2355 tranquillitas
889 2301 949 2339 ac
981 2285 1192 2349 mentis,
1221 2299 1375 2351 quam
1405 2285 1524 2336 facit
1562 2283 1700 2335 bona
1800 2290 2015 2356 etquod
2062 2289 2222 2344 habes
2250 2304 2528 2344 commune
2575 2307 2692 2344 cum
2738 2294 2947 2360 pecore,
2967 2304 3070 2344 non
3099 2299 3349 2357 tanquam

123 2377 516 2440 conscientia;
546 2377 614 2430 ibi
654 2376 1028 2438 sanctificatio,
1058 2376 1179 2441 quia
1210 2375 1277 2427 ibi
1309 2375 1534 2440 Spiritus
1583 2373 1697 2427 Dei.
1761 2391 1768 2397 ·
1802 2395 1868 2448 pe
1905 2397 1962 2433 us
1990 2381 2040 2433 in
2071 2382 2246 2434 omnia
2291 2381 2489 2437 laxare.
2531 2381 2679 2449 Quod
2706 2382 2748 2436 si
2777 2380 3154 2454 contempseris
3201 2387 3251 2432 te
3294 2381 3348 2432 in

124 2468 384 2535 Denique
415 2467 586 2520 videte
621 2463 970 2531 vacationem,
1006 2467 1104 2520 hoc
1134 2475 1215 2519 est
1241 2467 1502 2534 quietem:
1533 2463 1704 2530 Super
1803 2483 1872 2535 te,
1901 2482 1953 2525 et
1980 2472 2256 2542 imaginem
2292 2473 2378 2526 Dei
2412 2475 2462 2526 in
2489 2489 2587 2542 qua
2617 2472 2737 2527 fecit
2768 2482 2818 2528 te
2844 2471 3155 2540 neglexeris,
3175 2472 3348 2524 victus

126 2572 323 2626 quem,
365 2557 535 2624 inquit
566 2556 896 2627 (Dominus),
931 2555 1226 2623 requiescet
1256 2555 1481 2623 Spiritus
1512 2553 1702 2607 meus?
1803 2561 2088 2628 cupiditate
2155 2563 2534 2615 insinuatarum
2595 2578 2804 2626 rerum,
2857 2571 3098 2630 tanquam
3155 2561 3352 2614 amisso

126 2661 300 2713 super
324 2645 677 2708 humilem,et
700 2647 952 2713 quietum,
970 2655 1023 2698 et
1047 2653 1356 2699 trementem
1382 2643 1540 2697 verba
1565 2657 1660 2695 me:

1818 2652 2017 2705 nomine
2055 2651 2158 2705 eris
2195 2665 2388 2718 pecus,
2435 2667 2536 2705 non
2581 2652 2728 2720 quasi
2771 2647 3058 2705 conversus
3107 2651 3159 2704 in
3201 2659 3352 2702 natu-

133 2735 372 2804 lnquieti
416 2750 544 2804 ergo
590 2738 831 2789 resiliunt
873 2736 940 2790 ab
979 2736 1174 2804 Spiritu
1221 2745 1424 2799 sancto,
1473 2734 1667 2787 rixarut

1812 2759 1917 2796 ram
1958 2744 2183 2812 pecoris,
2216 2743 2306 2797 sed
2339 2745 2399 2796 in.
2421 2743 2646 2797 hominis
2674 2741 2844 2796 forma
2874 2742 3071 2796 habens
3099 2741 3346 2794 similitu-

130 2833 441 2888 amatores,
488 2824 868 2878 calumniarum
930 2826 1298 2886 scminatores,
1348 2823 1705 2880 contentionis
1805 2834 1978 2886 dinem
2030 2834 2270 2900 pecoris,
2321 2833 2409 2899 qui
2459 2848 2561 2902 non
2609 2831 2758 2886 audis
2813 2832 3124 2887 dicentem:
3181 2829 3351 2884 Nolite

137 2931 301 2983 (ἰυὲιῐι
361 2915 606 2970 "illam
667 2916 1005 2982 ευιλίάίοτθδν
1049 2914 1404 2984 inquietudine
1453 2928 1546 2968 sua
1602 2928 1704 2966 ηοη
1807 2938 1922 2976 esse
1973 2923 2129 2976 sicut:
2158 2935 2323 2989 equus
2377 2931 2430 2974 et
2472 2921 2643 2974 mulus
2697 2936 2800 2974 non
2852 2922 3102 2975 habentes
3150 2913 3354 2973 intelle'ﬁ

136 3007 201 3059 at]
241 3019 306 3061 se
349 3007 639 3060 admittunt
675 3007 903 3076 quietem
945 3007 1144 3060 sabbati
1184 3007 1488 3075 spiritalem.
1509 3006 1705 3060 Contra
1732 3012 1777 3072 ο
1809 3023 1970 3068 (tum,
2016 3013 2118 3068 Sed
2150 3013 2283 3068 forte
2321 3014 2467 3082 eligis
2507 3014 2598 3068 tibi
2644 3028 2760 3068 esse
2791 3027 2949 3082 pecus
3112 3023 3163 3067 et
3183 3011 3355 3066 Tibera

143 3098 375 3151 istorum
411 3098 827 3166 inquietudinem
852 3099 1066 3163 dicitur,
1092 3108 1338 3166 tanquam
1363 3108 1414 3152 ut
1434 3097 1706 3150 sabbatum
1809 3105 1982 3169 vagari
2014 3104 2246 3170 libidine,
2271 3103 2411 3156 nulla
2440 3105 2550 3171 lege
2581 3089 2866 3171 appetitum
2898 3104 3072 3156 carnis
3095 3103 3157 3155 ad
3189 3104 3356 3156 conti-

143 3189 384 3243 habcant
417 3191 470 3243 in
505 3191 663 3245 corde
691 3192 1157 3246 sanctifltationem
1187 3192 1414 3258 Spiritus
1442 3190 1551 3244 Dei.
1586 3190 1710 3243 Esto
1812 3195 2040 3249 nentiam
2075 3197 2408 3267 refrenando.
2440 3177 2669 3248 Attende
2695 3194 2896 3261 plagam
2924 3213 2935 3245 :
2973 3193 3014 3246 si
3057 3208 3215 3263 pecus
3243 3209 3358 3245 esse

147 3281 343 3349 inquit,
366 3285 758 3336 mansuetusad
778 3283 1094 3336 audiendum
1111 3286 1327 3338 verbum
1352 3292 1405 3334 ut
1429 3282 1709 3348 intelligaS,
1814 3301 1914 3336 non
1961 3284 2143 3348 times,
2173 3284 2356 3337 saltem
2387 3283 2516 3336 mori
2557 3283 2702 3336 time.
2744 3281 2958 3336 Sextum
3007 3279 3355 3348 prmceptum:

148 3370 283 3435 Quid
314 3371 692 3424 intellecturus
724 3386 838 3424 sum
862 3373 886 3422 ?
918 3373 1076 3444 Deum
1107 3372 1372 3425 dicentem
1401 3388 1414 3424 :
1456 3372 1618 3424 Cessa
1647 3371 1712 3422 ab
1813 3376 1926 3429 Non
1957 3374 2163 3428 occides
2189 3392 2202 3438 ;
2233 3382 2378 3427 sexta
2409 3373 2559 3442 plaga
2594 3372 2816 3440 pustulae
2847 3372 2897 3425 in
2939 3385 3162 3446 corpore
3192 3382 3245 3424 et
3275 3387 3361 3424 ve-

149 3457 523 3527 inquietudine
554 3470 669 3524 tua,
712 3476 814 3513 non
845 3461 911 3516 sit
950 3461 1198 3514 tumultus
1229 3461 1438 3528 quidam
1470 3461 1519 3512 iu
1553 3459 1713 3516 corde
1814 3465 1938 3518 sica:
1968 3463 2244 3517 bullientes
2265 3471 2320 3516 et
2341 3460 2624 3525 scatentes,
2653 3471 2704 3514 et
2727 3462 2965 3515 incendia
2992 3461 3262 3514 Volucrum
3293 3476 3357 3514 ex

153 3559 278 3615 tuo,
312 3563 412 3616 per
441 3551 832 3616 corruptionem
885 3549 1224 3604 volitantibus
1266 3549 1714 3618 phantasmatibus
1817 3553 1990 3605 favilla
2020 3553 2266 3607 fornacis.
2311 3551 2466 3605 Tales
2492 3559 2612 3603 sunt
2638 3551 2825 3604 anima-
2867 3550 3245 3604 homicidales:
3279 3565 3362 3602 ar-

155 3646 210 3692 et
257 3640 749 3707 conpungentibus
799 3650 873 3693 te.
930 3640 1045 3693 Non
1099 3640 1188 3694 sit.
1238 3635 1325 3693 ita
1359 3641 1500 3693 enim
1546 3639 1712 3692 Deum
1814 3642 1937 3696 dent
1968 3644 2067 3710 ira,
2097 3645 2216 3712 quia
2250 3658 2341 3710 per
2372 3643 2501 3695 iram
2551 3641 2817 3695 homicidii
2866 3639 3164 3696 fraternitas
3206 3641 3364 3709 depe-

159 3730 537 3784 intellectums
588 3745 651 3785 es
698 3732 962 3784 dicentem
1012 3732 1149 3785 tibi:
1205 3731 1401 3786 Vaeate
1446 3742 1499 3786 et
1542 3731 1718 3786 videte
1815 3735 1936 3797 riit;
1971 3734 2154 3787 ardent
2199 3733 2436 3786 homines
2468 3733 2563 3795 ira,
2593 3731 2776 3785 ardent
2807 3739 2860 3785 et
2887 3731 3074 3800 gratia,
3108 3731 3198 3784 sed
3231 3733 3363 3783 alius

156 3820 409 3886 quoniam
450 3833 554 3887 ego
591 3833 708 3873 sum
747 3820 1040 3883 Dominus;
1081 3829 1135 3874 tu
1178 3835 1271 3888 per
1305 3819 1713 3888 inquietudinem
1815 3832 1895 3874 est
1937 3821 2111 3875 fervor
2157 3822 2394 3874 sanitatis
2419 3860 2432 3884 ,
2463 3821 2598 3873 alius
2642 3819 2816 3873 fervor
2864 3821 3077 3884 uteris,
3119 3819 3365 3872 ardentes

161 3922 363 3968 vacare
387 3923 498 3963 non
541 3903 646 3976 vis,
693 3911 1088 3964 contentionum
1133 3922 1334 3964 tuarum
1381 3911 1716 3976 corruptione
1818 3912 2020 3979 papulae
2049 3926 2142 3980 per
2169 3919 2332 3964 totum
2363 3922 2610 3976 concepta
2640 3909 2916 3962 homicrdia
2947 3918 3171 3970 scatent.
3202 3919 3256 3962 et
3284 3926 3366 3963 sa—

161 4013 416 4067 creatus,
469 4003 640 4072 exigis
695 4005 872 4058 videre
924 4006 1063 4069 quod
1109 4017 1213 4057 non
1274 4012 1440 4070 potes.
1492 4001 1717 4054 Attende
1819 4018 1938 4055 num
1965 4017 2065 4054 non
2090 4011 2205 4064 est;
2235 4001 2421 4064 fervet,
2452 4001 2546 4054 sed
2577 4015 2678 4052 non
2708 4000 2773 4054 de
2800 3999 2996 4067 Spiritu
3028 4001 3140 4054 Dei.
3167 4000 3292 4052 Nam
3315 4010 3368 4053 et

168 4090 302 4143 enim
335 4101 386 4144 et
417 4092 741 4144 contrariam
793 4093 999 4144 tertiam
1048 4093 1252 4158 plagam
1294 4091 1413 4143 huic
1457 4098 1718 4157 praecepto
1818 4091 1902 4157 qui
1933 4089 2042 4141 vult
2064 4090 2349 4143 subvenire
2372 4089 2558 4153 fervet,
2583 4097 2636 4142 et
2657 4089 2745 4156 qui
2772 4089 2878 4141 vult
2905 4088 3147 4141 Occidere
3172 4087 3364 4142 fervet:

169 4180 338 4232 tertio.
399 4179 659 4248 Ciniphes
719 4190 853 4233 natae
912 4190 1034 4233 sunt
1089 4181 1138 4231 in
1201 4190 1337 4233 terra
1389 4179 1601 4249 Egypti
1651 4179 1718 4233 de
1819 4181 1908 4232 ille
1937 4187 2220 4246 praecepto,
2253 4178 2356 4232 iste
2382 4177 2602 4242 morbo;
2645 4177 2732 4230 ille
2771 4177 2922 4231 bonis
2968 4177 3239 4244 operibus,
3270 4177 3368 4244 iste

172 4267 288 4321 limo
305 4285 545 4323 amasene
588 4270 826 4338 quautam
866 4280 985 4322 sunt
1027 4271 1412 4332 minutissimm,
1444 4271 1718 4338 inquietis—
1819 4269 2041 4322 saniosis
2063 4268 2343 4322 ulceribus.
2377 4267 2434 4322 Si
2465 4282 2737 4338 possemus
2763 4267 2943 4321 videre
2971 4269 3174 4321 animas
3203 4267 3369 4321 homi-

170 4357 332 4428 sima,
358 4359 661 4413 inordinate
689 4359 992 4424 volitantes,
1021 4360 1070 4412 in
1098 4361 1280 4412 oculos
1303 4364 1583 4421 irruentes,
1612 4374 1714 4412 non
1748 4353 1795 4413 D
1822 4359 2074 4422 cidarum,
2107 4357 2219 4425 plus
2264 4357 2630 4426 plangeremus
2679 4373 2832 4426 quam
2879 4358 3223 4424 putresCentia
3257 4373 3371 4411 cor-

177 4453 539 4513 permittentes
603 4452 864 4503 hominem
933 4454 1203 4519 quiescere
1259 4453 1389 4504 dum
1437 4453 1713 4519 abiguntur
1826 4465 1948 4516 pora
1999 4449 2366 4502 ulceratorum.
2421 4448 2701 4518 Sequitur:
2743 4447 2853 4499 Non
2899 4445 3192 4507 furaberis,
3238 4461 3371 4514 prre-

175 4545 224 4588 ct
248 4539 475 4604 irritant,
507 4539 629 4592 du-n
678 4543 876 4594 abactae
913 4556 1094 4594 rursus
1143 4542 1364 4594 redeunt
1401 4541 1610 4611 [iterum
1649 4543 1718 4596 ir-
1823 4547 2030 4606 ceptum
2059 4540 2432 4606 septimum,et
2459 4538 2604 4606 plaga
2633 4536 2853 4610 septima
2884 4535 3083 4606 grando
3108 4534 3158 4587 in
3192 4534 3372 4586 fructi-

179 4636 349 4687 ntunt,
379 4629 506 4681 dum
551 4628 786 4696 expulsae
816 4629 1008 4699 fuerint
1054 4630 1243 4682 iterum
1285 4629 1552 4698 redeunt],
1582 4631 1718 4682 sicut
1826 4629 1951 4688 bus;
1983 4629 2119 4696 quod
2147 4639 2325 4682 contra
2356 4637 2676 4696 praeceptum
2705 4627 2821 4697 [per
2851 4628 3040 4679 furtum
3071 4634 3248 4678 contra
3281 4626 3370 4678 Dei

180 4717 382 4770 omnino
422 4734 552 4769 vana
603 4722 967 4784 phantasmata
1017 4719 1192 4771 cordis
1243 4719 1714 4771 contentiosorum.
1825 4714 2165 4787 praeceptum]
2196 4717 2466 4780 subducis,
2496 4715 2561 4769 de
2609 4716 2745 4768 cmlo
2791 4713 2984 4779 perdis.
3034 4711 3202 4766 Nemo
3230 4715 3368 4766 enim

178 4802 366 4858 'l'enete
411 4818 966 4874 prmerptum,cavete
1017 4808 1241 4874 plagam.
1289 4808 1540 4871 Quartum
1589 4823 1718 4874 przea
1824 4807 1982 4860 habet
2011 4807 2258 4875 iniustum
2289 4806 2490 4860 lucrum
2521 4805 2632 4857 sine
2650 4804 2794 4873 juSto
2820 4802 3012 4856 damno
3069 4801 3219 4856 Verbi
3250 4818 3372 4870 gra-

183 4907 379 4970 ceptum
409 4911 488 4951 est
517 4917 528 4950 :
565 4900 772 4951 Honora
809 4910 1004 4967 patrem
1035 4908 1177 4950 tuum
1210 4910 1262 4952 et
1292 4909 1510 4952 matrem
1544 4908 1718 4951 tuam:
1824 4899 1912 4960 tia,
1945 4896 2030 4963 qui
2060 4896 2260 4949 furatur
2295 4895 2519 4964 acquirit
2564 4903 2787 4958 vestem,
2815 4892 2906 4945 sed
2950 4890 3152 4945 caelesti
3177 4891 3373 4960 judicio

187 4985 294 5038 huic
339 4991 598 5041 contraria
645 4999 828 5056 quarta
878 4988 1246 5057 IEgyptiorum
1294 4990 1440 5057 plaga
1482 4991 1721 5058 κυνάμυια
1824 4986 2016 5038 amittit
2038 4985 2226 5048 fidem;
2255 4984 2339 5036 Ubi
2375 4984 2686 5048 lucrum,ibi
2714 4983 2980 5046 damnum,
3014 4980 3377 5034 visibiliteriu-

186 5083 286 5137 εει;
313 5078 429 5143 quid
471 5089 551 5131 est
580 5081 862 5148 κυνόμυιαῖ
906 5080 1092 5129 canina
1123 5093 1326 5141 ωηερε,
1357 5077 1596 5131 Grzrcum
1629 5092 1719 5129 vo-
1798 5091 1992 5142 .crum,
2017 5074 2354 5127 invisibiliter
2375 5075 2653 5126 damnum:
2682 5073 2879 5124 lucrum
2905 5073 2972 5124 de
2993 5085 3084 5124 sua
3113 5073 3371 5131 cmcitatc,

187 5162 412 5215 cahulum
445 5174 544 5219 est.
574 5166 832 5218 Caninnm
864 5174 944 5217 est
975 5176 1218 5232 parentes
1265 5181 1366 5217 non
1407 5180 1714 5234 agnoscere,
1823 5166 2068 5216 damnum
2085 5164 2149 5218 de
2165 5163 2538 5216 Domininuhe.
2570 5157 2744 5228 Neque
2759 5159 2896 5212 enim
2911 5160 3229 5227 aliquidsine
3248 5159 3374 5238 Pro-

193 5247 306 5301 nihil
336 5259 438 5306 tam
469 5257 713 5308 Caninum
740 5271 898 5322 quam
930 5271 1046 5307 cum
1077 5256 1150 5306 illi
1178 5256 1262 5321 qui
1289 5263 1580 5323 genuerunt
1611 5270 1715 5308 non
1823 5253 2520 5318 viJentia,charissimi:aut
2537 5250 2747 5306 evenire
2767 5251 2957 5316 putatis
2971 5264 3028 5302 ea
3047 5263 3163 5316 quae
3182 5248 3374 5315 patiun-

192 5351 527 5404 agnoscutvtur
551 5386 566 5409 ,
601 5347 790 5398 merito
820 5359 946 5410 ergo
972 5353 1024 5396 et
1066 5345 1436 5396 catuli‘canum
1465 5345 1588 5395 ett-ci
1620 5357 1715 5395 na-
1823 5355 1907 5397 tur
1937 5344 2199 5407 homines,
2232 5345 2524 5396 dormiente
2555 5341 2661 5394 Deo
2686 5341 2789 5410 pati
2815 5341 2876 5392 λῖ
2903 5340 3098 5393 Passim
3132 5340 3376 5395 videntur

197 5440 412 5484 smintur.
459 5435 706 5499 Quintum
741 5444 1060 5500 praeceptum
1107 5443 1224 5486 est:
1259 5432 1369 5486 Non
1417 5432 1715 5486 mmcltabc-
1824 5435 1934 5486 fieri
1969 5434 2109 5498 hac,
2141 5435 2303 5486 nubes
2329 5431 2535 5498 colligi,
2565 5429 2760 5484 imbres
2807 5429 3038 5495 infundi,
3068 5431 3373 5498 grandinem

197 5514 293 5580 ris;
321 5519 494 5586 quinta
527 5523 674 5592 plaga
719 5533 794 5576 cst
827 5536 965 5576 mors
1016 5521 1065 5574 in
1108 5536 1294 5588 pecuia
1327 5520 1713 5590 :Egyptiorum.
1823 5523 1944 5590 iaci,
1977 5523 2218 5578 tonitruis
2252 5533 2443 5577 tcrsant
2481 5516 2715 5585 concuti,
2755 5518 3120 5571 εοτυεεθιίοιεο
3165 5521 3369 5578 terreri,
