1921 3113
247 157 297 187 727

771 162 802 190 ι).
819 153 979 189 summi
1001 160 1145 190 ABBATIS
1163 161 1323 191 arutcsm

1807 165 1858 194 ἠε

246 217 346 253 passim
360 221 485 252 putantur
501 217 566 249 ﬁeri,
582 221 607 244 et
622 217 695 252 quasi
709 216 741 244 ad
753 216 870 244 divinam
884 217 1028 252 providen-
1043 218 1067 248 Α
1079 218 1171 252 corde,
1187 219 1291 247 etiamsi
1302 221 1399 255 justam
1415 220 1449 247 ibi
1464 220 1660 249 successionem
1677 227 1792 256 quaras,
1806 229 1857 250 ana

246 263 310 290 tiam
328 270 380 290 non
395 264 539 297 pertinere.
554 262 651 289 Contra
668 263 734 290 tales
753 262 926 297 cogitationes
939 262 1030 297 vigilat

246 308 291 335 illc
304 308 437 343 psalmus:
451 307 566 334 Laudato
589 308 729 335 Dominum
742 308 777 336 de
793 312 863 336 terra
875 328 882 340 .
897 315 957 335 cum
972 306 1029 333 lau-

244 355 293 382 des
305 354 383 382 dictae
397 359 487 381 essent
501 353 534 381 de
547 355 628 388 cmlo,
643 354 774 389 dracones
784 359 812 383 et
821 361 915 382 omnes
926 353 1026 388 abyssi,

244 398 321 433 ignis,
336 398 447 433 grando,
464 399 520 432 nix,
535 399 645 434 glacies,
660 400 769 434 spiritus
782 399 956 433 tempestatis,
967 406 1026 432 quas

243 445 343 472 faciunt
366 445 475 473 verbum
496 445 565 480 ejus.
583 446 652 481 Ergo
667 446 711 480 qui
735 453 784 473 suo
802 445 873 472 malo
892 444 1026 471 desiderio

242 490 388 518 forinsecus
403 490 536 524 furantur,
552 490 598 519 Dei
616 492 717 526 judicio
735 491 896 519 intrinsecus
917 489 1024 525 grandi-

241 539 347 564 nantur.
372 536 395 564 0
417 536 439 564 si
462 542 571 572 possent
591 537 721 572 inspicere
745 543 836 571 agrum
860 535 949 564 cordis
970 536 1022 568 sui,

240 580 359 614 profecto
383 581 513 617 lugerent,
529 582 591 614 dum
606 582 641 610 ibi
667 588 718 608 non
742 581 894 608 invenirent
912 582 980 615 quod
995 582 1021 608 in

238 633 271 653 os
292 627 390 654 mentis
408 627 563 659 mitterent;
577 626 640 654 etsi
662 627 688 653 in
712 626 782 654 furto
802 634 851 654 suo
873 626 1022 654 invenirent

238 670 352 705 quodin
368 671 519 698 aviditatem
542 671 643 699 ventris
667 671 812 704 mitterent,
829 670 914 706 major
937 671 1020 699 fames

238 722 311 744 esset
324 716 442 744 hominis
457 716 592 743 interioris
603 736 612 750 ,
628 716 714 750 major
728 716 830 750 fames,
847 716 1021 751 periculosior

237 763 314 799 plaga
336 766 364 791 et
385 763 492 797 gravior
505 770 588 790 mors.
612 763 685 790 Multi
714 764 810 791 mortui
832 763 977 796 ambulant,
992 768 1020 791 et

236 809 311 836 mulli
332 807 475 836 facinerosi
488 808 522 836 de
536 808 611 835 vanis
626 808 724 836 divitiis
739 808 882 836 exsultant.
900 808 1018 843 Denique

235 860 341 881 servum
363 852 409 881 Del
424 852 562 887 Scriptura
584 853 654 881 intus
668 853 826 887 locupletem
842 853 904 881 dicit
920 862 926 879 :
946 854 1016 881 Abs-

1080 263 1151 290 licet.
1168 264 1285 299 Denique
1306 265 1349 299 qui
1366 266 1455 292 volunt
1477 273 1519 293 res
1537 267 1637 294 alienas
1652 271 1777 299 tanquam
1789 267 1858 301 juste

1079 311 1225 345 possidere,
1241 312 1362 339 haeredes
1381 320 1411 339 se
1434 318 1555 346 qutcrunt
1569 313 1625 340 fieri
1641 321 1656 340 a
1669 313 1854 340 morientibus.

1077 356 1144 389 Quid
1160 357 1230 384 enim
1246 361 1299 384 tam
1310 359 1409 392 justum
1425 357 1541 392 videtur,
1552 367 1630 395 quam
1645 367 1702 387 rem
1717 359 1765 387 sibi
1780 359 1856 386 dere-

1077 401 1165 429 l.ctam
1190 403 1336 436 possidere,
1352 403 1450 432 habere
1462 405 1522 439 jure
1537 405 1691 432 communi?
1704 405 1772 439 Quid
1788 405 1855 439 apud

1076 452 1102 474 te
1113 447 1187 479 facit,
1196 447 1292 475 homo?
1301 449 1439 476 dimissum
1450 454 1491 477 est
1502 450 1576 477 mihi.
1589 450 1776 478 Htereditatem
1790 457 1854 477 eou-

1075 497 1181 519 secutus
1196 500 1265 525 sum,
1284 499 1467 522 testamentum
1483 495 1551 530 lego,
1566 495 1631 522 nihil
1646 488 1854 529 videtnrjustins

1074 538 1123 564 ista
1138 544 1202 565 voce
1224 538 1408 576 avaritia._Tu
1430 540 1521 567 laudas
1540 540 1614 573 quasi
1635 540 1696 574 jure
1716 540 1853 575 possiden-

1073 582 1144 615 tem’,
1167 582 1236 611 Deus
1261 583 1371 611 damnat
1397 583 1494 618 iniuste
1514 585 1759 618 concupiscentem.
1788 585 1852 613 Vide

1038 632 1041 636 '
1071 628 1157 662 qualis
1170 635 1200 655 es
1213 628 1257 662 qui
1272 633 1349 663 optas
1363 633 1389 656 te
1402 629 1436 656 ab
1457 629 1546 664 aliquo
1561 629 1695 657 heredem
1711 630 1778 657 eri.
1795 630 1850 657 Non

1070 673 1111 699 vis
1133 677 1161 700 ut
1183 673 1277 701 habeat
1301 673 1429 702 heredes.
1451 674 1479 702 in
1502 675 1652 702 haredibus
1674 681 1761 703 autem
1785 676 1849 703 nihil

1070 717 1176 745 chcirius
1200 719 1385 754 primogenita.
1403 719 1517 747 Proinde
1540 719 1567 746 in
1590 720 1770 754 primogenitis
1797 721 1848 747 tuis

1069 765 1186 798 punieris
1199 764 1255 799 qui,
1269 764 1480 798 concupiscendo
1493 771 1537 792 res
1548 765 1661 797 alienas,
1675 766 1700 792 id
1715 765 1784 800 quod
1799 766 1847 793 tibi

1065 808 1126 845 jure
1137 816 1188 836 non
1200 809 1346 837 debebatur
1359 810 1434 844 quasi
1446 809 1515 844 juris
1525 810 1646 837 umbram
1662 810 1806 845 perquiris.
1818 810 1847 837 Et

1068 855 1145 883 facile
1154 855 1193 883 est
1202 856 1318 891 quidem,
1331 856 1436 886 fratres.
1446 856 1650 890 corporabiliter
1659 857 1781 884 amittere
1793 857 1846 891 pri-

234 898 367 931 conditus,
389 897 486 932 inquit,
509 898 598 926 cordis
617 898 698 925 vestri
721 898 812 932 homo,
825 900 870 933 qui
892 903 934 926 cst
957 904 1018 927 ante
1033 896 1056 926 Β
1069 901 1224 936 mogenitos.
1241 901 1385 929 Moriuntur
1399 902 1470 929 enim
1485 901 1617 935 homines,
1643 902 1699 931 sive
1719 909 1780 930 ante
1802 909 1844 936 pa-

233 942 318 970 Deum
343 942 435 970 dives!
456 950 509 970 non
536 948 598 970 ante
626 943 746 971 homines
770 943 863 977 dives,
883 944 931 972 sed
954 949 1015 973 ante

234 988 316 1017 Deum
341 990 431 1023 dives;
460 995 486 1017 et
513 989 556 1017 ubi
582 990 651 1017 Deus
673 989 744 1017 videt
772 990 807 1017 ibi
833 990 918 1018 dives.
946 991 1014 1024 Quid

234 1042 298 1070 ergo
328 1035 374 1063 tibi
404 1036 523 1071 prodest‘
541 1035 565 1063 si
592 1036 636 1063 ubi
662 1035 742 1063 homo
770 1042 822 1063 non
845 1036 917 1064 videt
943 1036 1014 1064 tura-

233 1082 285 1117 ris,
300 1088 328 1112 et
348 1083 392 1111 uhl
412 1083 480 1111 Deus
500 1083 572 1111 videt
594 1082 778 1118 grandinaris?
796 1083 925 1110 Octavum
945 1090 1013 1117 prat-

231 1132 353 1162 ceptum:
381 1127 488 1156 Falsum
515 1127 694 1156 testimonium
723 1134 775 1154 non
804 1126 897 1159 dices;
921 1131 1013 1154 octava

231 1171 451 1207 plaga,locusta,
466 1171 564 1200 animal
589 1172 668 1200 dente
692 1172 810 1199 noxium.
833 1171 900 1205 Quid
924 1176 1013 1199 autem

230 1218 286 1245 vlt
300 1217 382 1245 falsus
396 1217 480 1250 testis.
491 1217 541 1245 nisi
552 1225 649 1245 nocere
662 1217 809 1245 mordendo
820 1222 848 1245 et
858 1224 1014 1245 consumere

230 1263 394 1291 mentiendo.
412 1263 530 1298 Denique
543 1264 689 1291 admonens
704 1263 824 1291 homines
840 1263 886 1291 Dei
901 1265 1014 1298 Aposto-

230 1308 280 1340 lus,
292 1315 325 1335 ne
337 1315 366 1336 se
379 1308 453 1336 falsis
463 1309 692 1336 criminationibus
706 1312 830 1343 appetant
846 1308 890 1345 [ne
904 1316 952 1336 nos
964 1308 1013 1336 fai-

228 1354 383 1384 criminibus
406 1354 593 1390 appetamus]:
610 1354 637 1382 Si
657 1354 794 1388 mordctis,
810 1354 904 1389 inquit,
926 1359 953 1382 et
967 1361 1013 1382 co-

228 1400 334 1428 meditis
347 1400 470 1434 invicem,
484 1400 571 1428 videte
584 1408 617 1428 ne
629 1400 661 1427 ab
681 1400 793 1428 invicem
808 1400 1009 1428 consumamini.

228 1445 329 1473 Nonum
354 1452 518 1481 praeceptum
542 1451 599 1473 est:
625 1445 683 1473 Non
707 1445 878 1480 concupisces
902 1453 1010 1473 uxorem

228 1491 341 1523 proximi
359 1490 396 1518 tui
411 1499 417 1523 ;
435 1498 503 1518 nona
520 1490 597 1525 plaga
610 1511 618 1524 ,
640 1490 731 1518 densa)
755 1491 881 1518 tenebrae.
907 1490 1011 1517 Etenim

226 1542 266 1564 est
279 1536 401 1572 quasdam
416 1537 541 1568 mtechiu,
553 1541 644 1564 contra
659 1544 737 1571 quam
753 1540 1008 1570 supra'przeceptum

1066 949 1155 973 rentes
1168 952 1245 980 suos,
1260 946 1318 974 sive
1334 951 1393 979 post
1407 952 1531 982 parentes
1545 954 1607 974 suos
1617 968 1626 979 .
1651 949 1771 975 morituri
1789 958 1843 977 mo-

1066 991 1181 1022 riuntur,
1203 990 1265 1018 illud
1288 991 1428 1019 molestum
1450 997 1506 1024 est,
1521 999 1554 1020 ne
1569 1001 1616 1027 per
1632 993 1699 1020 hanc
1714 995 1841 1021 occultam

1064 1039 1092 1062 et
1114 1035 1237 1070 injustam
1257 1036 1497 1069 concupiscentiam
1514 1037 1691 1072 primogenita
1705 1039 1793 1066 cordis
1809 1040 1841 1066 tui

1065 1080 1171 1115 perdas.
1182 1080 1375 1116 Primogenitus
1389 1082 1460 1109 enim
1478 1081 1504 1109 in
1518 1082 1594 1110 nobis
1607 1082 1747 1118 imaginem
1763 1083 1839 1110 habet

1064 1124 1155 1160 gratia
1172 1125 1217 1153 Dei
1230 1145 1238 1158 ,
1253 1133 1335 1153 novus
1351 1130 1427 1153 natus
1439 1146 1447 1159 ,
1461 1127 1535 1161 prior
1547 1131 1625 1154 natos
1636 1147 1644 1159 ,
1661 1128 1729 1155 inter
1751 1135 1842 1155 mones

1064 1174 1189 1204 tanquam
1202 1174 1278 1198 natos
1289 1191 1297 1203 ,
1311 1170 1401 1198 cordis
1415 1171 1499 1199 nostri
1512 1172 1690 1207 primogenita
1706 1172 1772 1200 lides
1784 1178 1837 1205 est;

1064 1222 1141 1243 nemo
1161 1216 1233 1243 enim
1255 1215 1324 1243 bene
1345 1220 1472 1249 operatur
1494 1217 1544 1243 nisi
1569 1217 1636 1245 ﬁdes
1660 1218 1839 1253 praeessent:

1062 1261 1151 1288 Omnia
1166 1267 1245 1296 opera
1267 1265 1310 1288 tua
1330 1261 1413 1294 bona,
1434 1261 1479 1289 ﬁlii
1495 1262 1531 1289 tui
1548 1267 1610 1289 sunt
1630 1263 1782 1298 spiritales,
1796 1264 1839 1291 sed

1062 1304 1131 1333 inter
1145 1306 1193 1333 hos
1216 1306 1260 1333 tibi
1284 1306 1458 1341 primogenita
1481 1312 1521 1334 est
1543 1307 1625 1340 des;
1642 1307 1763 1343 quisquis
1786 1316 1838 1336 rem

1062 1351 1175 1378 alienam
1198 1352 1300 1379 occulte
1322 1351 1496 1386 concupiscis,
1511 1353 1624 1380 interius
1648 1352 1727 1380 ﬁdem
1744 1354 1836 1388 perdis.

1062 1396 1122 1423 Eris
1145 1396 1215 1423 enim
1238 1396 1322 1430 primo
1343 1396 1400 1423 sine
1419 1396 1500 1423 dubio
1522 1396 1679 1431 simulator,
1695 1397 1838 1432 obsequens

1062 1448 1114 1468 non
1136 1441 1266 1468 charitute
1279 1440 1326 1468 sed
1347 1440 1449 1473 fraude,
1465 1441 1545 1468 veluti
1567 1449 1661 1470 amans
1683 1450 1743 1469 eum
1757 1442 1773 1469 'a
1787 1450 1838 1477 quo

1062 1491 1087 1513 te
1100 1487 1176 1521 cupis
1199 1487 1254 1513 fieri
1270 1486 1402 1513 hteredem
1415 1506 1422 1518 ,
1438 1486 1551 1514 amando
1565 1494 1627 1514 eum
1642 1487 1711 1514 mori
1732 1487 1837 1521 quaeris,

1061 1536 1128 1558 etut
1144 1531 1169 1558 in
1184 1538 1212 1558 re
1236 1532 1293 1565 ejus
1312 1535 1338 1558 te
1359 1531 1450 1558 videas
1472 1538 1664 1566 possessorem,
1676 1532 1714 1559 illi
1737 1529 1837 1559 invides

226 1586 278 1616 est,
294 1583 374 1609 etiam
389 1582 415 1608 in
430 1589 481 1608 n0u
498 1582 643 1615 appetenda
659 1582 779 1609 castitate
795 1581 886 1608 uxoris
904 1581 1007 1608 alienae.
1023 1575 1046 1607 C
1062 1583 1253 1604 successorem.
1267 1576 1326 1603 Eia!
1341 1576 1445 1609 fratres.
1457 1577 1578 1604 άευιπιίι
1589 1577 1683 1605 decem
1699 1578 1836 1611 praeceptis

227 1627 347 1655 Mmohus
368 1631 410 1654 est
433 1627 503 1654 enim
525 1627 570 1661 qui
586 1633 638 1654 non
661 1627 681 1653 it
698 1626 730 1653 ad
750 1633 861 1653 uxorem
885 1626 1008 1659 alienam,

226 1677 327 1700 tantum
342 1672 401 1707 quia
417 1680 469 1700 non
488 1677 628 1699 contentus
646 1677 686 1700 est
705 1679 761 1699 Sua.
788 1671 847 1699 Jam
868 1679 932 1699 vero
956 1680 1009 1700 non

226 1718 311 1745 solum
329 1723 386 1752 post
400 1724 474 1744 suam
497 1709 623 1752 peccare,
638 1718 683 1745 sed
697 1718 776 1745 etiam
792 1718 903 1746 alienam
925 1723 1009 1746 atten-

227 1770 295 1796 tare,
309 1771 371 1792 vere
384 1764 473 1791 densm
486 1768 548 1790 sunt
564 1764 690 1791 tenebras.
707 1762 777 1791 Nihil
792 1766 863 1792 enim
885 1765 922 1792 sic
938 1765 1011 1793 dolet

227 1812 254 1838 in
267 1810 347 1838 corde
363 1810 506 1844 patientis;
523 1814 549 1837 et
565 1810 608 1844 qui
633 1810 684 1837 hoc
706 1809 768 1837 facit
782 1810 873 1844 alteri,
891 1810 954 1837 nihil
971 1811 1009 1838 sic

226 1855 299 1882 volet
312 1855 377 1890 pati.
392 1855 430 1882 Ad
446 1855 559 1881 alienam
574 1855 689 1888 paratior
701 1859 742 1882 cst
754 1855 840 1882 omnis
853 1854 942 1881 homo:
960 1855 1010 1882 huc

226 1906 314 1928 autem
330 1900 419 1927 nescio
440 1906 562 1926 utrumne
580 1904 620 1926 est
638 1899 683 1934 qui
708 1900 881 1927 tolerabiliter
896 1900 970 1927 ft-rat.
986 1899 1009 1927 Ο

226 1946 323 1972 densas
345 1944 466 1972 tenebras
486 1944 535 1971 ista
553 1944 720 1977 facientium,
737 1944 798 1971 talia
819 1945 1009 1979 concupiscen-

227 1994 265 2019 tiu
277 2002 291 2018 n
306 1992 312 2018 !
329 1999 391 2019 vere
407 1996 575 2019 excmcantur
589 1990 678 2018 furore
694 1990 813 2017 horribili
827 1999 833 2016 :
850 1989 923 2017 furor
936 1991 1007 2017 enim

226 2038 370 2066 indomitus
396 2043 437 2066 est
463 2038 620 2065 cmtculcare
648 2037 695 2064 viri
724 2044 844 2063 uxorem.
871 2035 1007 2064 Decimum

227 2088 386 2118 praeceptum
402 2089 457 2110 est:
472 2082 528 2110 Non
543 2082 715 2116 concupisces
730 2082 808 2108 ullum
825 2088 878 2108 rem
895 2081 1006 2115 proximi

227 2130 283 2161 tui,
300 2137 352 2155 non
373 2136 463 2162 pecus,
479 2135 530 2154 non
551 2128 759 2161 possessionem,
777 2136 827 2154 non
851 2127 1005 2162 subiugum;

225 2183 278 2202 non
303 2174 400 2209 aliquid
425 2174 534 2200 omnino
557 2173 669 2207 proximi
690 2173 725 2199 tui
742 2172 924 2205 concupiscas.
941 2172 1007 2199 lluic

223 2221 295 2249 malo
319 2219 465 2257 [mandatu]
492 2219 567 2254 plaga
592 2219 723 2245 contraria
746 2215 786 2244 est
803 2217 1005 2249 decima,mors

1061 1621 1185 1648 etdecem
1197 1622 1287 1655 plagis,
1294 1627 1479 1654 cumparantes
1487 1626 1685 1655 contemptores
1694 1627 1836 1656 praecepto-

1061 1673 1119 1693 rum
1141 1665 1313 1692 contumacite
1328 1664 1521 1700 Egyptiorum,
1538 1670 1630 1693 cautos
1644 1673 1693 1693 vos
1714 1666 1834 1704 fecimus.

1061 1717 1089 1738 ut
1104 1710 1222 1745 habeatis
1235 1710 1322 1737 Securi
1337 1717 1379 1737 res
1396 1716 1499 1737 vestras
1514 1711 1539 1737 in
1557 1711 1696 1745 prteceptis
1711 1711 1758 1738 Dei
1773 1719 1780 1737 :
1796 1718 1837 1738 res

1061 1760 1174 1786 vestras,
1186 1754 1303 1789 inquam,
1318 1761 1360 1781 res
1372 1754 1506 1782 interioris
1524 1762 1593 1782 area:
1605 1760 1711 1787 vestra,
1726 1756 1836 1783 intuit»

1060 1800 1097 1827 ris
1110 1799 1225 1827 thesauri
1238 1799 1329 1831 vestri,
1341 1807 1383 1829 res
1398 1807 1462 1834 quis
1476 1801 1550 1828 vobis
1564 1808 1612 1828 nec
1626 1801 1678 1833 fur,
1694 1808 1742 1828 nec
1758 1802 1836 1832 latro.

1061 1854 1109 1874 nuc
1132 1845 1350 1879 vicinus-potens
1364 1844 1471 1881 [malus]
1486 1845 1568 1879 possit
1591 1845 1707 1877 auferre,
1723 1845 1769 1874 ubi
1790 1853 1837 1873 nec

1059 1892 1129 1919 tinea
1153 1898 1201 1918 nec
1225 1891 1317 1925 rubigo
1340 1891 1481 1917 metuenda
1504 1896 1554 1924 est,
1568 1898 1628 1927 cum
1652 1892 1750 1926 quibus
1765 1892 1838 1919 diva

1059 1937 1112 1964 exit
1133 1940 1159 1963 et
1181 1936 1342 1970 naufragus:
1357 1936 1395 1962 sic
1408 1936 1478 1963 enim
1493 1935 1567 1963 eritis
1581 1937 1691 1970 populus
1706 1937 1755 1964 Dei
1770 1937 1838 1964 inter

1059 1981 1163 2015 iniquos
1180 1980 1335 2019 Egyptios,
1350 1980 1402 2007 illis
1423 1980 1481 2008 περ
1504 1981 1530 2014 in
1557 1982 1639 2009 corde
1662 1982 1837 2016 patientibus,

1057 2026 1134 2053 vobis
1158 2030 1246 2053 autem
1271 2026 1458 2060 incolumibus,
1473 2026 1499 2053 in
1514 2026 1578 2061 ipsis
1600 2027 1775 2056 interioribus
1790 2030 1837 2055 ho-

1058 2073 1173 2101 minibus
1188 2073 1292 2106 vestris,
1302 2073 1386 2100 donec
1399 2072 1529 2100 educatur
1543 2074 1655 2107 populus
1670 2074 1705 2102 de
1720 2074 1838 2110 Egypto

1057 2118 1170 2153 quodam
1197 2117 1288 2145 Exodo
1311 2125 1368 2150 suo,
1384 2117 1454 2152 quod
1468 2122 1497 2145 et
1519 2118 1564 2152 iit,
1581 2125 1640 2145 nam
1666 2119 1731 2146 illud
1756 2120 1837 2147 ses-el

1057 2163 1154 2190 factum
1167 2167 1208 2189 est
1219 2183 1226 2195 ,
1243 2162 1292 2188 hoc
1307 2169 1359 2189 non
1372 2166 1460 2189 cessat
1477 2162 1544 2189 ﬁeri.
1569 2161 1752 2189 Sanctiﬁcatio
1767 2162 1836 2190 nulla

1056 2208 1144 2236 divina
1159 2214 1184 2235 et
1199 2215 1259 2235 vera
1279 2213 1320 2235 est
1334 2208 1382 2234 nisi
1406 2215 1421 2234 a
1442 2208 1541 2241 Spiritu
1563 2213 1667 2234 sancto.
1691 2207 1753 2234 Non
1768 2209 1836 2235 enim

226 2251 476 2301 primogenitoruml
492 2251 549 2291 -iu‘
559 2270 611 2298 qua
639 2263 712 2297 plaga
745 2269 804 2289 cum
831 2262 1006 2296 comparatio-
1020 2254 1046 2284 D
1058 2253 1153 2301 frustra
1168 2253 1253 2280 dictus
1267 2257 1307 2279 est
1330 2253 1435 2301 proprie
1455 2251 1568 2286 Spiritus
1591 2259 1715 2284 sanctus.
1730 2260 1793 2281 cum
1805 2253 1837 2281 sit

224 2320 284 2340 nem
308 2311 446 2346 quamdam
464 2317 565 2344 quacro,
583 2308 647 2336 nihil
668 2308 731 2334 mihi
748 2307 853 2335 interim
877 2308 1003 2339 occurrit,

225 2356 344 2383 fortas‘is
360 2359 480 2382 oceurrat
503 2354 597 2382 melius
619 2353 824 2388 diligentiusque
846 2352 1005 2387 inquirenti-

224 2405 281 2435 bus,
296 2403 344 2429 uisi
358 2402 402 2436 qui
415 2408 507 2428 omnes
521 2408 563 2428 res
577 2407 642 2435 quas
655 2399 734 2426 habet
746 2398 893 2426 hzcredibus
905 2402 1002 2431 servat,

222 2447 435 2481 reprehenditur.
460 2445 506 2472 Hic
532 2450 618 2472 autem
639 2444 736 2471 clamat
754 2444 798 2476 qui
816 2450 870 2470 rem
891 2443 1002 2478 proximi

221 2494 393 2527 concupiscit,
405 2497 433 2519 et
444 2491 486 2524 qui
502 2491 570 2517 furto
582 2490 676 2521 aufert,
689 2494 716 2517 et
730 2490 773 2524 qui
789 2490 891 2516 furatur
903 2489 1000 2521 aliquid

222 2539 344 2573 proximi,
361 2546 413 2565 non
431 2542 518 2571 potest
533 2536 581 2563 nisi
598 2544 653 2563 rem
668 2535 780 2570 proximi
797 2534 892 2566 furari;
908 2535 954 2561 sed
968 2533 1001 2561 de

221 2584 293 2610 furto
306 2583 429 2616 superius
442 2581 496 2615 jam
510 2584 671 2615 prmceptum
688 2585 745 2612 est;
761 2579 804 2606 ubi
822 2577 952 2611 intelligas
974 2580 1002 2604 et

219 2628 338 2663 rapinam
353 2636 359 2653 :
373 2634 424 2654 non
439 2627 507 2654 enim
521 2625 554 2652 de
569 2625 638 2651 furto
654 2624 808 2658 praeciperet
821 2628 847 2650 et
861 2622 895 2649 de
908 2621 1000 2656 rapina

220 2678 320 2701 taceret
341 2672 489 2705 Scriptura,
505 2671 555 2697 nisi
581 2675 607 2697 te
632 2668 778 2703 inlelligere
799 2668 925 2694 voluisset
939 2666 1001 2700 quia

217 2720 241 2745 si
259 2717 362 2754 ptenale
376 2722 415 2744 est
431 2717 550 2743 clanculo
565 2715 682 2746 auferre,
697 2714 778 2740 multo
794 2713 900 2747 majoris
914 2719 1000 2744 poena:

218 2770 259 2792 est
273 2765 402 2792 violenter
426 2765 540 2796 eripere.
569 2762 683 2789 Auferre
697 2767 759 2794 ergo
774 2759 872 2785 nolenti
886 2757 942 2785 sive
955 2764 1001 2784 oc-

217 2810 287 2836 culte
312 2810 369 2837 sive
395 2809 479 2843 palam
505 2807 582 2834 babct
597 2810 757 2840 przcccptum
781 2811 868 2830 suum.
894 2802 999 2829 Concu-

218 2861 318 2888 ptstere
341 2843 428 2881 autem
455 2861 510 2881 rem
536 2853 662 2886 proximi,
686 2850 757 2886 quod
780 2853 855 2876 notat
881 2848 948 2876 Deus
971 2848 997 2875 iu

1059 2304 1084 2325 et
1110 2299 1185 2324 i‘att-r
1208 2304 1313 2324 sanctus
1334 2302 1358 2324 ct
1377 2298 1456 2323 Filius
1479 2302 1606 2331 sanctus,
1630 2305 1730 2325 nomen
1753 2303 1837 2324 tamen

1057 2345 1190 2378 proprium
1210 2344 1258 2370 hoc
1272 2343 1383 2378 Spiritus
1399 2344 1510 2377 accepit,
1529 2348 1556 2369 ut
1573 2344 1649 2370 tcrtia
1665 2344 1690 2370 in
1706 2343 1837 2370 Trioitatc

1057 2397 1169 2423 persona
1194 2389 1306 2422 Spiritus
1330 2394 1437 2415 sanctus
1460 2389 1605 2415 diceretur.
1622 2389 1676 2422 ipse
1690 2389 1837 2423 requiescit

1055 2443 1134 2468 super
1150 2436 1273 2461 humilem
1293 2439 1317 2461 et
1332 2435 1447 2469 quietum
1469 2438 1593 2468 tanquam
1608 2435 1634 2462 in
1650 2434 1767 2462 sabbato
1778 2442 1835 2462 suo.

1056 2480 1094 2506 Ad
1112 2480 1160 2506 hoc
1183 2480 1345 2513 septenarius
1369 2486 1493 2505 numerus
1510 2480 1590 2505 etiam
1617 2483 1711 2506 sancto
1727 2480 1835 2515 Spiritui

1055 2526 1136 2558 deput
1147 2531 1207 2557 itur,
1218 2526 1267 2560 71
1287 2527 1335 2551 hoc
1350 2525 1494 2558 Scriptura
1515 2529 1613 2552 nostrm
1627 2525 1691 2552 satis
1708 2525 1834 2553 indicit.

1057 2571 1176 2597 Viderint
1192 2572 1297 2597 meliora
1314 2571 1434 2597 meliores
1449 2576 1472 2596 el
1498 2570 1598 2604 majora
1623 2570 1753 2604 majora.
1767 2572 1835 2599 αὼ

1056 2616 1105 2641 isto
1120 2616 1268 2648 septenario
1284 2623 1391 2642 numero
1415 2615 1538 2641 subtilius
1563 2615 1660 2650 aliquid
1674 2621 1706 2643 et
1723 2615 1834 2644 divisis

1055 2661 1153 2694 aliquid
1169 2661 1254 2687 dicant
1271 2667 1295 2686 et
1309 2660 1449 2694 explicent.
1467 2660 1521 2694 Ego
1536 2664 1624 2686 tamen
1639 2661 1714 2694 quod
1732 2662 1760 2688 ist
1772 2669 1834 2696 pu-

1054 2709 1121 2734 senti
1137 2712 1176 2733 sai
1192 2712 1231 2734 εδι
1247 2707 1307 2733 illud
1322 2707 1408 2739 video,
1418 2706 1480 2733 illud
1496 2713 1544 2733 vos
1557 2706 1589 2733 ad
1605 2706 1754 2734 videt-dun
1767 2714 1832 2735 cu-

1055 2763 1182 2786 metnoro,
1202 2755 1374 2787 septenariam
1398 2755 1474 2780 istam
1493 2754 1624 2779 rationem
1639 2753 1763 2782 inveniri
1778 2761 1835 2789 μι-

1054 2801 1109 2833 pric
1133 2806 1223 2826 sancto
1248 2800 1355 2833 Spiritui
1380 2799 1543 2832 deputatam,
1566 2798 1626 2831 quia
1649 2801 1775 2832 septimo
1793 2799 1832 2826 ὓ·

1052 2852 1124 2873 sonat
1142 2845 1321 2872 sanctiﬁcatio.
1332 2845 1361 2872 Et
1377 2844 1445 2871 unde
1458 2845 1598 2878 probamus
1612 2849 1710 2873 sancto
1724 2844 1830 2880 Spir“

1920 1422 1921 1447 ι

1920 1508 1921 1520 χ

1920 1552 1921 1592 i

1919 2436 1921 2457 i
