3886 6224
92 285 204 338 729

1289 272 1714 332 τηεειΑυῑιυδ.
1754 271 1902 328 CAP.
1949 274 2130 332 CXVI.

3224 283 3326 338 730

94 396 341 466 deputari
383 397 734 465 septenariam
769 393 974 449 numeri
1017 395 1308 449 rationem?
1335 391 1663 446 Dicit-lsaias
1695 389 1743 448 Α
1774 387 1866 440 tibi
1894 386 1967 441 dii
1996 390 2081 441 alii
2117 398 2312 456 prazter
2341 404 2466 445 me:
2500 391 2584 444 cui
2612 392 2872 446 contraria
2905 392 3055 461 plaga
3083 401 3166 448 est
3192 410 3324 463 aqua

93 489 354 557 Spiritum
391 488 480 540 Dei
524 485 701 538 venire
741 498 899 553 super
931 484 1166 548 fidelem,
1198 497 1358 551 super
1406 471 1660 534 Christia-

95 594 230 632 num
255 620 270 642 ,
301 593 460 644 super
503 574 697 628 Christi
744 579 1039 627 membrum
1063 613 1081 635 ,
1131 572 1404 641 sapientiae
1431 580 1483 624 et
1512 567 1666 621 intel-

94 672 292 733 lectus,
325 666 532 720 consilii
583 675 634 720 et
681 664 1030 728 fortitudinis,
1065 663 1306 717 scientia:
1353 669 1407 714 et
1454 658 1665 728 pietatis

93 761 348 827 spiritum
380 755 588 809 timoris
612 756 723 809 Dei.
749 756 803 808 Si
835 746 1004 809 secuti
1029 754 1182 819 estis,
1209 760 1412 821 septem
1436 766 1521 805 res
1548 765 1668 816 per-

91 850 266 913 Cttl’l’i,
300 856 545 916 tanquam
575 846 983 900 descendentem
1028 845 1093 898 ad
1132 859 1230 897 nos
1257 844 1514 911 Spiritum
1549 840 1664 903 Dei,

95 954 126 992 a
152 937 418 1007 sapientia
446 951 608 1004 usque
638 936 702 989 ad
746 936 1010 1002 timorem,
1043 944 1102 988 ut
1142 949 1238 988 nos
1269 931 1616 986 ascendamus
1637 946 1666 983 a

98 1030 300 1081 timore
329 1027 391 1079 ad
422 1026 764 1094 sapientiam;
797 1026 1002 1078 initium
1051 1023 1329 1093 sapientiae
1360 1022 1518 1076 timor
1549 1019 1668 1073 Dei.

101 1119 178 1171 Ita
206 1131 338 1185 ergo
363 1113 694 1184 septenarius
724 1113 942 1181 spiritus
971 1121 1026 1165 et
1056 1126 1192 1165 unus
1222 1110 1462 1178 spiritus,
1490 1117 1671 1174 septe-

101 1207 256 1262 naria
287 1207 594 1275 Operatione
625 1219 780 1267 unus,
806 1218 871 1256 an
914 1200 1112 1270 aliquid
1144 1200 1441 1255 evidentius
1476 1197 1673 1250 vultis?

102 1302 463 1355 Pentecosten
487 1298 623 1351 dietn
647 1297 835 1350 festum
850 1294 1122 1362 Scriptura
1140 1302 1320 1347 sancta
1342 1291 1407 1344 de
1422 1291 1674 1358 septima-

105 1392 190 1444 nis
216 1390 412 1444 factum
442 1395 841 1441 commemorat.
870 1383 1083 1438 Habetis
1113 1384 1162 1435 in
1192 1382 1463 1449 Scriptura
1491 1378 1672 1432 Tobias

103 1481 197 1534 ubi
227 1479 502 1534 evidenter
527 1478 722 1532 dicitur
752 1478 907 1532 istum
932 1476 1072 1530 diem
1103 1474 1293 1527 factum
1325 1473 1392 1527 de
1421 1472 1674 1540 septima-

106 1573 215 1624 nis.
273 1569 486 1637 Septies
538 1569 678 1621 enim
724 1576 930 1634 septem
986 1554 1330 1634 quadraginta
1387 1576 1575 1617 novem
1623 1559 1675 1613 in

105 1650 321 1715 Summa
354 1659 595 1714 redeunt.
623 1657 726 1713 Sed
756 1668 1002 1726 tanquam
1033 1665 1089 1708 ut
1115 1656 1363 1709 redeatur
1391 1653 1457 1705 ad
1482 1659 1672 1719 caput:

1765 493 2019 533 conversa
2053 481 2101 533 in
2124 482 2460 549 sanguinem,
2487 494 2699 550 propter
2719 483 2860 552 quod
2885 499 3148 538 summum
3177 488 3326 552 prin-

1765 568 1960 634 cipium
2001 568 2268 623 Creatoris
2311 571 2379 624 ad
2425 570 2824 626 simulationem
2874 572 3118 627 humana:
3153 574 3328 628 carnis

1767 659 2072 714 adductum.
2090 661 2393 718 Secundum
2419 653 2773 731 praeceptum:
2797 662 2871 717 Ne
2888 665 3114 730 accipias
3137 680 3325 719 nomen

1771 749 1978 803 Domini
2028 752 2116 806 Dei
2167 753 2239 804 tui
2290 752 2339 804 in
2377 741 2884 823 vanum,,pertinet,
2910 767 3158 820 quantum
3189 744 3330 809 arbi-

1771 846 1900 903 tror,
1926 840 1990 892 ad
2015 856 2233 908 regnum
2261 841 2374 902 Dei.
2399 843 2540 910 quod
2570 850 2654 896 est
2683 842 2846 895 Filius
2877 843 2989 896 Dei.
3023 844 3168 899 Unus
3189 849 3327 898 enim

1773 929 1911 981 Deus
1952 940 2005 984 et
2055 946 2188 983 unus
2233 931 2483 984 Diminus
2528 942 2711 986 noster
2758 932 2913 986 Jesus
2952 931 3331 1004 Christus'per

1771 1037 1927 1088 quem
1959 1023 2156 1075 omnia.
2203 1022 2398 1077 Contra
2426 1023 2644 1078 verbum
2668 1061 2683 1087 ,
2713 1037 2856 1077 ranae
2885 1063 2900 1085 ,
2929 1025 3103 1079 videte
3146 1036 3327 1080 contra

1775 1112 1991 1164 verlmm
2019 1126 2198 1176 ranas,
2220 1120 2404 1174 contra
2428 1113 2681 1168 rationem
2705 1115 3008 1182 strepitum,
3031 1125 3216 1170 contra
3241 1130 3332 1170 vc-

1777 1202 1988 1256 ritatem
2019 1204 2321 1255 vanitatem.
2353 1203 2590 1256 Tertium
2623 1215 2941 1272 praeceptum
2973 1205 3041 1259 de
3067 1206 3287 1258 sabbato
3318 1243 3333 1266 ,

1777 1292 2049 1359 pertinens
2075 1291 2422 1359 ad-Spiritum
2455 1302 2692 1346 sanctum
2726 1304 2939 1362 propu-r
2960 1296 3337 1350 SanctiIicatiu-

1778 1396 1921 1444 nem,
1945 1397 2062 1450 quae
2087 1382 2251 1448 prima
2280 1383 2331 1435 in
2354 1382 2577 1435 sabbato
2603 1385 2798 1445 sonuit,
2831 1385 2970 1453 quod
2994 1385 3144 1438 vobis
3173 1386 3333 1453 paulo

1777 1480 1901 1524 ante
1947 1472 2290 1525 vehementer
2325 1479 2580 1551 quantum
2631 1474 2899 1542 potuimus
2938 1474 3336 1528 commendavi-

1780 1576 1896 1613 mus
1923 1581 1934 1612 :
1968 1561 2092 1615 huic
2123 1572 2386 1631 precepto
2415 1564 2680 1616 contraria
2709 1561 3018 1631 inquietudo
3061 1564 3113 1617 in
3141 1567 3338 1620 muscis

1779 1653 1846 1706 de
1893 1653 2234 1720 corruptione
2279 1653 2615 1706 nascentibus
2637 1693 2652 1717 ,
2685 1653 2735 1706 in
2758 1653 2950 1707 'oculos
2980 1654 3337 1718 irruentibus;

108 1752 320 1820 Spiritu
349 1753 488 1804 enim
518 1757 701 1802 sancto
726 1747 790 1800 ad
835 1747 1093 1801 unitatem
1122 1743 1445 1824 colligimur,
1480 1757 1582 1796 non
1609 1742 1680 1793 ab
1715 1740 1754 1797 Β
1784 1744 1902 1797 ideo
1947 1741 1998 1796 in
2051 1743 2150 1796 hoc
2202 1744 2362 1798 tertio
2416 1744 2569 1812 signo
2609 1742 2948 1805 defecerunt,
2981 1744 3069 1812 qui
3123 1743 3342 1797 unitatis

110 1845 322 1898 unitate
369 1841 760 1911 dispergimur:
808 1836 928 1891 ideo
981 1835 1046 1910 ad
1095 1834 1441 1904 quadraginta
1489 1845 1678 1884 novem

112 1935 332 1990 additur
377 1948 535 1986 unum
569 1929 814 1994 unitatis,
855 1937 908 1982 et
955 1928 1088 1980 fiunt
1135 1919 1680 1994 quinquagintaoNon

113 2041 245 2095 ergo
278 2025 386 2093 jam
426 2025 543 2078 sine
579 2035 737 2076 causa
776 2016 1209 2088 quinquagesimo
1235 2016 1323 2069 die
1354 2022 1472 2082 post
1497 2026 1685 2066 ascen-

113 2117 325 2171 sionem
373 2113 579 2188 Domini
620 2112 764 2165 venit
811 2109 1040 2177 Spiritus
1086 2113 1324 2159 sanctus.
1373 2101 1685 2157 Resurrexit

118 2204 397 2268 Dominus,
431 2202 670 2256 ascendit
694 2193 767 2254 ab‘
790 2199 992 2264 inferis,
1023 2196 1254 2250 nondum
1291 2195 1341 2248 in
1367 2194 1557 2248 cmlum
1583 2210 1593 2242 :
1618 2193 1685 2246 ab

119 2295 211 2349 illa
233 2294 646 2355 resurrectione,
679 2291 744 2344 ab
767 2288 852 2343 illa
884 2288 950 2342 ab
979 2288 1163 2342 inferis
1189 2285 1550 2351 assumptione
1584 2298 1685 2336 nu-

121 2394 397 2440 merantur
416 2381 794 2453 quinquaginta
815 2379 951 2442 dies,
981 2385 1035 2431 et
1055 2377 1200 2431 venit
1225 2374 1451 2443 Spiritus
1471 2387 1583 2425 sani
1603 2383 1688 2426 tus

121 2477 174 2530 in
217 2472 675 2545 quinquagenario
725 2483 968 2533 numero,
1019 2464 1543 2534 tanquam-natalem
1586 2462 1687 2516 sibi

122 2565 263 2634 apud
295 2578 393 2618 nos
423 2563 642 2618 faciens.
674 2558 1026 2628 Quadraginta
1055 2559 1196 2611 enim
1238 2555 1422 2609 diebus
1447 2555 1532 2608 hic
1563 2567 1692 2606 con-

125 2662 372 2710 versatus
409 2661 492 2706 est
539 2649 790 2708 Dominus
817 2663 937 2702 cum
969 2646 1246 2713 discipulis
1291 2645 1423 2706 suis,
1466 2635 1690 2712 qu’adra-

122 2743 329 2812 gesimo
353 2742 440 2796 die
466 2740 705 2795 ascendit
735 2739 786 2791 in
810 2737 1024 2801 malum,
1054 2743 1109 2790 et
1149 2735 1375 2804 peractis
1409 2733 1477 2786 ibi
1508 2733 1691 2785 decem

124 2825 312 2888 diebus
357 2843 601 2901 tanquam
648 2830 855 2884 decimo
895 2836 1294 2905 praceptorum,
1333 2825 1514 2890 signo,
1549 2822 1693 2876 venit

125 2928 352 2995 Spiritus
392 2937 627 2987 sanctus,
655 2924 773 2990 quia
818 2935 971 2974 nemo
1016 2919 1194 2984 implet
1243 2917 1411 2986 legem
1459 2916 1556 2968 nisi
1601 2929 1693 2983 per

127 3015 347 3084 gratiam
375 3014 605 3082 Spiritus
633 3012 820 3064 sancti.
878 3011 1076 3078 Itaque,
1111 3008 1320 3068 fratres.
1355 3006 1692 3060 manifestum
1722 3041 1728 3048 κ

1784 1835 1979 1888 inimici
2021 1834 2271 1899 S,iritum
2301 1840 2542 1890 sanctum
2584 1850 2687 1889 non
2731 1835 3000 1889 habuere:
3034 1834 3158 1889 facit
3200 1836 3341 1888 enim

1786 1927 1884 1978 hoc
1925 1925 2153 1992 Spiritus
2181 1936 2394 1979 sanctus
2427 1940 2600 1993 paena.
2635 1926 2794 1980 Aliud
2826 1928 2965 1980 enim
2998 1926 3125 1980 facit
3149 1928 3340 1994 gratia,

1784 2016 1924 2068 aliud
1957 2021 2145 2084 parm;
2176 2015 2315 2068 aliud
2349 2015 2490 2068 enim
2529 2013 2654 2070 facit
2683 2016 2986 2083 implendo,
3017 2016 3156 2068 aliud
3184 2016 3343 2070 dese-

1786 2106 1971 2160 rendo.
2002 2106 2236 2172 Denique
2273 2115 2330 2158 ut
2370 2104 2477 2174 jam
2509 2103 2786 2159 evidenter
2815 2105 2946 2172 ipsis
2971 2106 3345 2159 confitentibus

1787 2200 1954 2265 magis
2002 2197 2292 2261 Pharaonis
2340 2211 2631 2274 agnoscere
2661 2196 2928 2250 valeamus
2961 2197 3226 2265 quomodo
3252 2211 3347 2265 ap-

1788 2289 2009 2356 pellatus
2027 2297 2106 2339 est
2130 2287 2184 2340 in
2208 2285 2490 2354 Evangelio
2514 2286 2744 2354 Spiritus
2767 2286 2879 2348 Dei,
2907 2287 3031 2353 vide
3051 2302 3184 2340 imus
3204 2286 3343 2355 quod

1789 2392 1981 2430 nomen
2004 2377 2228 2443 accepit,
2259 2375 2570 2444 objicientes
2603 2376 2826 2430 Domino
2852 2378 3148 2430 convicium
3178 2377 3343 2431 Judzei

1788 2484 1907 2523 cum
1937 2468 2222 2522 dixissent:
2258 2467 2350 2520 IIic
2381 2482 2484 2518 non
2517 2466 2662 2533 ejicit
2691 2467 2947 2520 daemonia
2963 2459 3078 2520 bisi
3111 2469 3160 2521 in
3193 2468 3348 2523 Beel-

1791 2562 1961 2616 zebub
1989 2561 2224 2628 principe
2252 2559 2671 2624 daemoniorum;
2706 2559 2977 2628 respondit
3009 2559 3094 2612 ille
3120 2577 3133 2613 :
3166 2559 3222 2618 Si
3249 2575 3348 2628 ego

1793 2654 1844 2706 in
1875 2653 2071 2722 Spiritu
2119 2652 2211 2705 Dei
2258 2651 2414 2719 ejicio
2460 2650 2753 2713 dmmonia,
2779 2662 2920 2705 certe
2951 2652 3258 2716 supervenit
3299 2652 3350 2706 in

1793 2741 1942 2795 vobis
1985 2756 2205 2809 regnum
2239 2740 2330 2793 Dei
2361 2757 2374 2792 :
2402 2740 2540 2807 quod
2574 2740 2709 2793 alius
2739 2740 3058 2809 evangelista
3095 2741 3172 2794 sic
3199 2757 3352 2795 enar-

1793 2842 1912 2885 rat:
1942 2832 1996 2886 Si
2029 2845 2124 2900 cgo
2153 2833 2201 2884 in
2227 2830 2391 2899 digito
2425 2829 2514 2883 Dei
2545 2830 2700 2898 ejicio
2727 2830 3010 2883 daemonia.
3040 2830 3188 2896 Quod
3219 2831 3353 2884 alius

1793 2921 2116 2989 ev.ingelista
2162 2921 2294 2972 dixit
2346 2919 2576 2982 Spiritus
2622 2919 2749 2984 Dei,
2795 2919 2930 2974 alius
2978 2919 3110 2973 dixit
3160 2920 3355 2989 digitus

1797 3013 1887 3066 Dei
1916 3031 1929 3076 ;
1958 3026 2082 3080 ergo
2119 3011 2316 3078 digitus
2363 3011 2456 3064 Dei
2500 3009 2727 3078 Spiritus
2775 3009 2908 3074 Dei,
2942 3010 3059 3064 ideo
3105 3011 3186 3065 lex
3234 3013 3354 3064 data

129 3117 208 3160 est
246 3105 610 3174 septenarium
653 3103 811 3155 istum
855 3114 1132 3154 numerum
1171 3097 1238 3150 ad
1273 3095 1696 3181 Spiritum.san-
1722 3103 1768 3164 C
1799 3103 1991 3170 scripta
2041 3103 2203 3169 digito
2253 3101 2375 3168 Dei,
2410 3116 2525 3167 quae
2556 3101 2635 3154 lex
2668 3100 2788 3153 data
2817 3108 2900 3153 est
2942 3101 2990 3152 in
3024 3108 3202 3154 motite
3231 3100 3353 3154 Sina

129 3205 269 3250 ctum
305 3196 588 3264 pertinere.
615 3193 861 3260 Quisquis
894 3204 1068 3262 au‘em
1101 3205 1203 3242 non
1246 3188 1480 3250 cohzeret
1504 3186 1692 3241 unitati

130 3287 351 3349 Christi,
381 3293 435 3338 et
483 3267 706 3337 oblatrat
754 3282 1010 3334 advrrsus
1060 3282 1314 3331 unitatem
1356 3276 1582 3341 Clnisti,
1616 3277 1695 3328 iu-

133 3376 471 3445 telligendum
500 3383 585 3454 est
606 3387 726 3426 eum
758 3386 859 3424 non
893 3370 1093 3423 habere
1119 3369 1372 3438 Spiritum
1417 3378 1690 3432 sanctum;

132 3466 500 3537 contentiones
539 3463 678 3516 enim
717 3469 770 3515 et
809 3461 1174 3515 dissensiones
1206 3475 1309 3514 non
1347 3460 1549 3512 faciunt
1593 3458 1695 3512 nisi

135 3554 408 3614 animales,
432 3553 496 3606 de
522 3553 708 3620 quibus
733 3551 1013 3618 Apostolus
1041 3549 1198 3625 dicit:
1232 3549 1488 3617 Animalis
1516 3556 1691 3613 autem

137 3646 291 3696 homo
324 3657 428 3694 non
461 3640 677 3708 percipit
706 3654 764 3692 ea
787 3653 903 3706 qum
933 3648 1055 3690 sunt
1096 3638 1325 3705 Spiritus
1353 3637 1464 3690 Dei.
1497 3636 1697 3691 Deinde

135 3732 388 3799 scriptum
417 3737 570 3783 estet
597 3730 645 3782 in
670 3727 900 3796 Epistola
924 3725 1074 3779 Judaa
1097 3727 1353 3794 apostoli:
1381 3726 1442 3779 Hi
1467 3735 1588 3779 sunt
1608 3728 1693 3794 qui

136 3830 418 3891 segregant
443 3821 780 3887 semetipsos:
815 3818 1212 3884 reprehendens
1253 3817 1566 3887 loquebatur
1594 3835 1608 3874 ς
1642 3818 1694 3871 Ιιί

138 3920 256 3964 sunt
296 3909 385 3978 qui
428 3904 704 3978 segregant
746 3909 1098 3974 semetipsos,
1139 3909 1394 3960 animales
1442 3908 1696 3974 Spiritum

136 4014 237 4053 nun
286 3997 562 4051 habentes.
612 3994 744 4062 Quid
790 3995 1152 4048 manifestius?
1202 3995 1325 4063 quid
1366 3995 1699 4049 evidentius?

142 4091 330 4143 merito
352 4087 580 4142 veniant.
592 4087 690 4140 etsi
719 4084 902 4140 eadem
932 4085 1211 4139 credentes
1236 4101 1352 4155 qua:
1380 4099 1500 4149 nos,
1524 4093 1699 4139 tamen

143 4177 407 4247 accepturi
451 4177 969 4242 Spiritmusanetnm
1019 4191 1174 4242 quem
1208 4177 1402 4230 habere
1432 4190 1534 4229 non
1577 4190 1698 4244 pos-

143 4281 262 4322 sunt
289 4268 523 4335 quandiu
553 4274 674 4319 sunt
718 4266 896 4318 hostes
928 4266 1162 4319 unitatis.
1201 4262 1511 4320 Hos'autem
1547 4282 1698 4319 com-

145 4368 286 4424 parat
316 4356 598 4424 Apostolus
629 4356 794 4431 magis
825 4354 1112 4406 Pharaonis
1138 4373 1150 4406 :
1178 4355 1476 4417 Habentes,
1507 4354 1696 4422 inquit,

1758 3191 2234 3260 “quinquagesian
2264 3192 2350 3243 die
2394 3200 2509 3257 post
2538 3184 2875 3243 occisionem
2909 3189 3043 3254 ovis,
3087 3190 3355 3243 celebrato

1798 3283 1996 3336 Pascha
2027 3298 2053 3333 a
2085 3281 2278 3349 populo
2325 3280 2651 3334 Judzeomm.
2706 3262 3150 3348 Implénturidies
3205 3282 3356 3347 quin-

1796 3373 2040 3440 quaginta
2079 3380 2195 3439 post
2230 3371 2557 3439 occisionem
2590 3372 2724 3435 ovis,
2757 3379 2811 3423 et
2844 3371 2999 3424 datur
3030 3373 3112 3424 lex
3160 3381 3354 3438 scripta

1797 3461 1959 3527 digito
1987 3460 2101 3512 Dei.
2123 3458 2413 3526 Implentur
2434 3459 2811 3527 quinquaginta
2841 3459 2954 3512 dies
2987 3470 3101 3526 post
3132 3459 3355 3513 occisio-

1798 3566 1916 3604 nem
1956 3549 2151 3604 Christi
2179 3589 2192 3611 ,
2223 3558 2277 3603 et
2307 3551 2453 3603 venit
2481 3550 2709 3617 Spiritus
2741 3559 2972 3602 sanctus.
3021 3549 3228 3604 Gratias
3258 3550 3357 3623 Do-

1799 3644 1960 3702 mino,
1987 3640 2272 3693 occultanti
2307 3640 2663 3707 providenter,
2690 3640 2944 3705 aperienti
2973 3639 3354 3693 suaviter..lam

1777 3731 1972 3794 pvidete
2016 3730 2115 3782 hoc
2145 3732 2326 3791 etiam,
2360 3729 2567 3793 fratres,
2600 3726 2888 3781 Pharaonis
2929 3743 3108 3794 magns
3135 3730 3353 3782 evideu—
3404 3726 3407 3728 ’

1800 3819 2003 3872 tissime
2026 3818 2267 3871 conﬁteri
2289 3835 2303 3882 ;
2328 3818 2636 3873 deﬁcientes
2657 3817 2708 3870 in
2733 3820 2891 3872 tertio
2916 3819 3064 3885 signo
3085 3819 3353 3884 dixerunt:

1799 3909 2001 3979 Digitus
2031 3908 2125 3962 Dei
2154 3915 2236 3962 est
2267 3908 2373 3961 hic.

2362 4018 2585 4073 CAPUT
2622 4017 2804 4071 CXVI.

1799 4109 1928 4165 Item
1973 4109 2219 4178 expositio
2259 4108 2495 4176 Decalogi
2543 4109 2610 4158 ad
2646 4108 2923 4178 pepulum;
2953 4123 3016 4158 ea:
3045 4114 3265 4159 tractatu
3291 4109 3359 4163 de

1982 4212 1987 4218 η
2041 4177 2045 4178 ν
2218 4178 2401 4230 Decem
2443 4178 2644 4230 chordis
2665 4199 2672 4202 ν
2689 4177 2932 4242 psalterit'.

1868 4271 1998 4324 Tota
2044 4270 2128 4323 lex
2173 4270 2224 4321 in
2268 4267 2472 4320 duobus
2526 4268 2806 4334 praeceptis
2843 4277 2942 4330 est,
2978 4267 3028 4320 in
3077 4265 3359 4320 dilectione

1799 4363 1890 4416 Dei
1923 4373 1974 4414 et
2002 4361 2287 4414 dilectione
2329 4356 2574 4426 proximi.
2609 4356 2689 4411 Ad
2715 4355 2822 4409 duo
2871 4357 3047 4424 itaque
3076 4365 3357 4422 pnecepta,

145 4447 364 4500 formam
413 4445 639 4513 pietatis,
670 4444 760 4496 sed
809 4445 1054 4497 virtutem
1085 4443 1198 4513 ejus
1228 4445 1570 4511 abnegantes,
1607 4448 1692 4513 qui
1725 4463 1777 4521 υ
1803 4454 1850 4504 id
1883 4462 1960 4504 est
2002 4451 2068 4504 ad
2107 4449 2441 4504 dilectionem
2476 4443 2578 4500 Dei
2598 4456 2652 4500 et
2699 4447 2922 4514 proximi
2972 4446 3201 4513 pertinet
3249 4444 3357 4497 De-

145 4536 192 4590 in
219 4540 372 4605 signo
403 4536 557 4587 tertio
578 4534 903 4587 defecerunt.
935 4533 1047 4585 Jam
1081 4535 1251 4587 videte
1275 4549 1436 4602 quare
1457 4534 1511 4587 in
1541 4545 1697 4588 tertio

146 4627 286 4697 signa
329 4625 676 4687 defecerunt;
709 4631 1031 4676 mementote
1080 4637 1173 4676 eos
1212 4624 1300 4689 qui
1352 4624 1699 4676 adversantur

148 4718 328 4769 unitati
372 4729 475 4769 non
508 4715 704 4768 habere
732 4712 982 4782 Spiritum
1006 4725 1264 4765 sanctum.
1298 4713 1424 4766 Tria
1455 4729 1581 4767 vero
1613 4714 1698 4766 illa

149 4815 403 4874 prtecepta
432 4806 598 4870 prima
627 4805 677 4858 in
713 4804 973 4870 Decalogo
999 4804 1063 4856 ad
1097 4804 1184 4857 Dei
1209 4803 1548 4857 dilectionem
1583 4819 1700 4869 per-

151 4901 310 4948 tinere
345 4895 726 4960 intelliguntur,
757 4901 814 4944 ut
858 4899 1061 4959 septem
1109 4899 1296 4944 crs-tera
1341 4892 1702 4961 intelligantur

150 4989 206 5034 aut
232 4985 570 5038 dilectionem
601 4982 832 5051 proximi
875 4983 1163 5050 pertinere,
1196 4991 1252 5034 ut
1278 4982 1480 5036 duabus
1512 4985 1703 5038 tabulis

153 5075 270 5143 legis
290 5084 345 5128 et
373 5074 554 5127 decem
582 5071 864 5140 praeceptis
887 5071 992 5124 duo
1022 5071 1107 5123 illa
1140 5080 1385 5139 tanquam
1414 5075 1701 5127 summaria

154 5168 403 5232 praecepta
448 5173 754 5237 teneantur:
805 5162 999 5229 Diliges
1040 5161 1316 5214 Dominum
1350 5163 1512 5215 Deum
1559 5175 1702 5216 tuum

156 5258 210 5308 ex
239 5266 349 5309 toto
386 5254 547 5308 corde
573 5263 680 5316 tuo,
708 5261 762 5305 et
808 5267 872 5306 ex
918 5261 1023 5304 tota
1071 5252 1246 5304 anima
1278 5262 1361 5305 tua
1382 5293 1395 5316 ,
1422 5261 1476 5306 et
1504 5269 1566 5305 ex
1599 5263 1704 5306 tota

159 5349 341 5400 virtute
385 5359 492 5406 tua,
521 5353 574 5397 et
621 5344 807 5411 diliges
858 5343 1151 5411 proximum
1195 5353 1340 5397 tuum
1383 5353 1628 5413 tanquam
1655 5355 1706 5399 te

162 5437 355 5496 ipsum;
388 5435 440 5488 in
471 5435 551 5487 his
592 5433 803 5486 duobus
845 5435 1122 5500 praeceptis
1162 5441 1268 5484 tota
1303 5432 1383 5485 lex
1427 5436 1622 5501 pendet
1651 5444 1708 5488 et

166 5527 441 5593 prophetae.
495 5523 810 5577 Iieferamus
849 5537 976 5590 ergo
1009 5523 1102 5574 tria
1135 5522 1300 5589 prima
1348 5537 1608 5592 praecepta
1641 5527 1704 5577 ad

164 5615 485 5671 dilectionem
506 5613 616 5668 Dei.
632 5612 762 5678 Qua:
787 5611 885 5666 tria
902 5611 1102 5683 prima?
1126 5611 1360 5668 Primum
1412 5614 1527 5670 Non
1548 5627 1704 5671 erunt

1800 4543 2035 4609 caiogns.
2075 4541 2153 4592 Ad
2186 4538 2409 4603 primum
2454 4543 2772 4603 praeceptum
2822 4545 2927 4587 tres
2953 4533 3166 4586 chorda:
3196 4531 3359 4598 perti-

1801 4640 1945 4694 nent,
1967 4631 2084 4700 quia
2106 4630 2242 4691 Deus
2265 4637 2348 4680 est
2372 4629 2597 4680 trinitas.
2622 4625 2701 4679 Ad
2732 4625 2952 4677 alterum
2977 4638 3102 4676 vero
3128 4639 3360 4691 praecep-

1804 4737 1934 4785 tmu,
1963 4722 2011 4773 id
2034 4728 2138 4784 est,
2164 4720 2227 4771 ad
2250 4718 2588 4771 dilectionem
2617 4715 2863 4783 proximi,
2891 4727 3093 4781 septem
3124 4713 3355 4766 chordae:

1805 4812 2070 4881 quomodo
2099 4811 2301 4862 vivatur
2341 4809 2477 4861 inter
2507 4807 2772 4859 homines.
2806 4805 2932 4857 Nam
2970 4808 3084 4873 ipse
3113 4821 3359 4858 numerus

1805 4908 2134 4975 Septenarius
2180 4912 2427 4970 tanquam
2469 4911 2669 4969 septem
2713 4899 3031 4953 chordarum
3076 4899 3253 4964 incipit
3293 4898 3360 4950 ab

1807 4999 2009 5052 honore
2039 5005 2347 5065 .parentum.
2385 4994 2594 5047 Honora
2641 5002 2842 5062 patrem
2885 4996 3028 5044 t'uum
3061 5001 3113 5044 et
3141 4997 3362 5042 matrem

1807 5097 1964 5142 tuam.
2001 5089 2076 5140 Ad
2111 5094 2357 5152 parentes
2378 5085 2517 5139 enim
2540 5098 2665 5136 suos
2698 5084 2858 5135 homo
2882 5082 3054 5150 aperit
3084 5079 3286 5146 oculos,
3310 5094 3357 5131 et

1810 5181 1921 5231 hzec
1951 5179 2052 5229 vita
2082 5176 2148 5229 ab
2178 5175 2388 5228 illorum
2435 5173 2664 5226 amicitia
2696 5173 2855 5225 sumit
2884 5170 3178 5224 exordium.
3211 5172 3364 5233 Quis-

1807 5268 1925 5335 quis
1972 5275 2147 5320 autem
2189 5267 2299 5317 suis
2349 5263 2650 5330 parentibus
2701 5277 2801 5315 non
2849 5261 3016 5316 defert
3067 5262 3355 5319 honorent,

1813 5356 2001 5426 quibus
2033 5370 2247 5424 parcere
2277 5354 2510 5421 poterit?
2539 5353 2604 5406 Et
2631 5353 2758 5406 dicit
2801 5352 3116 5416 Apostolus:
3153 5352 3363 5403 Ilonora

1814 5457 2011 5513 patrem
2057 5455 2200 5497 tuum
2239 5455 2292 5497 et
2327 5453 2547 5496 matrem
2579 5454 2743 5506 tuam,
2772 5441 2907 5508 quod
2936 5450 3016 5493 est
3062 5440 3362 5492 mandatum

1814 5549 2060 5602 primum.
2085 5533 2357 5597 Quomodo
2404 5533 2628 5598 primum
2676 5531 2885 5595 quando
2926 5540 3171 5596 quartum
3222 5545 3362 5583 uian-

1814 5624 1991 5680 datum
2033 5632 2148 5692 est,
2181 5625 2278 5678 nisi
2325 5623 2444 5692 quia
2479 5625 2528 5676 in
2557 5623 2858 5689 septenario
2887 5635 3106 5675 numero
3141 5631 3222 5679 est
3263 5621 3363 5690 prt-
