  <div class='ocr_page' id='page_1' title='image "/cluster/home/n/w/nwhite01/storage/ocr_20150623/61-62/uva.x000827102/953.png"; bbox 0 0 3886 6224; ppageno 0'>
   <div class='ocr_carea' id='block_1_1' title="bbox 512 170 601 216">
    <p class='ocr_par' dir='ltr' id='par_1_1' title="bbox 512 170 601 216">
     <span class='ocr_line' id='line_1_1' title="bbox 512 170 601 216; baseline -0.011 0"><span class='ocrx_word' id='word_1_1' title='bbox 512 170 601 216; x_wconf 63' lang='lat' dir='ltr'>T&#39;n</span> 
     </span>
    </p>
   </div>
   <div class='ocr_carea' id='block_1_2' title="bbox 512 270 891 327">
    <p class='ocr_par' dir='ltr' id='par_1_2' title="bbox 512 270 891 327">
     <span class='ocr_line' id='line_1_2' title="bbox 512 270 891 327; baseline -0.005 -2"><span class='ocrx_word' id='word_1_2' title='bbox 512 278 690 327; x_wconf 78' lang='lat' dir='ltr'>mum?</span> <span class='ocrx_word' id='word_1_3' title='bbox 721 275 793 323; x_wconf 67' lang='lat' dir='ltr'>Aul</span> <span class='ocrx_word' id='word_1_4' title='bbox 824 270 891 321; x_wconf 68' lang='grc' dir='ltr'>(Ιῖ</span> 
     </span>
    </p>
   </div>
   <div class='ocr_carea' id='block_1_3' title="bbox 515 346 2053 413">
    <p class='ocr_par' dir='ltr' id='par_1_3' title="bbox 515 346 2053 413">
     <span class='ocr_line' id='line_1_3' title="bbox 515 346 2053 413; baseline -0.009 -2"><span class='ocrx_word' id='word_1_5' title='bbox 515 362 710 413; x_wconf 74' lang='lat' dir='ltr'>tabula.</span> <span class='ocrx_word' id='word_1_6' title='bbox 747 361 811 410; x_wconf 66' lang='grc' dir='ltr'>Νι</span> <span class='ocrx_word' id='word_1_7' title='bbox 958 388 971 406; x_wconf 64' lang='grc' dir='ltr'><em>κ</em></span> <span class='ocrx_word' id='word_1_8' title='bbox 1001 356 1157 405; x_wconf 70' lang='grc' dir='ltr'>.ἰΙ›ι;ι·</span> <span class='ocrx_word' id='word_1_9' title='bbox 1187 352 1372 403; x_wconf 63' lang='lat' dir='ltr'>tabula:</span> <span class='ocrx_word' id='word_1_10' title='bbox 1404 351 1535 413; x_wconf 68' lang='lat' dir='ltr'>legis</span> <span class='ocrx_word' id='word_1_11' title='bbox 1570 350 1705 399; x_wconf 70' lang='lat' dir='ltr'>data:</span> <span class='ocrx_word' id='word_1_12' title='bbox 1735 357 1877 400; x_wconf 89' lang='lat' dir='ltr'>sunt.</span> <span class='ocrx_word' id='word_1_13' title='bbox 1913 346 2053 398; x_wconf 86' lang='lat' dir='ltr'>Deus</span> 
     </span>
    </p>
   </div>
   <div class='ocr_carea' id='block_1_4' title="bbox 514 438 2051 509">
    <p class='ocr_par' dir='ltr' id='par_1_4' title="bbox 514 438 2051 509">
     <span class='ocr_line' id='line_1_4' title="bbox 514 438 2051 509; baseline -0.005 -10"><span class='ocrx_word' id='word_1_14' title='bbox 514 456 647 501; x_wconf 78' lang='lat' dir='ltr'>ruitn</span> <span class='ocrx_word' id='word_1_15' title='bbox 672 450 858 499; x_wconf 84' lang='lat' dir='ltr'>fanmlo</span> <span class='ocrx_word' id='word_1_16' title='bbox 875 463 968 495; x_wconf 65' lang='lat' dir='ltr'>suo</span> <span class='ocrx_word' id='word_1_17' title='bbox 989 449 1023 492; x_wconf 85' lang='lat' dir='ltr'>‘.l</span> <span class='ocrx_word' id='word_1_18' title='bbox 1039 443 1145 509; x_wconf 65' lang='grc' dir='ltr'>υ)κί</span> <span class='ocrx_word' id='word_1_19' title='bbox 1169 443 1214 492; x_wconf 90' lang='lat' dir='ltr'>in</span> <span class='ocrx_word' id='word_1_20' title='bbox 1238 451 1411 492; x_wconf 84' lang='lat' dir='ltr'>nmnte</span> <span class='ocrx_word' id='word_1_21' title='bbox 1432 442 1563 491; x_wconf 83' lang='lat' dir='ltr'>duas</span> <span class='ocrx_word' id='word_1_22' title='bbox 1587 440 1789 491; x_wconf 74' lang='lat' dir='ltr'>t.:httlas</span> <span class='ocrx_word' id='word_1_23' title='bbox 1811 438 1975 499; x_wconf 87' lang='lat' dir='ltr'>dedit,</span> <span class='ocrx_word' id='word_1_24' title='bbox 2002 441 2051 491; x_wconf 90' lang='lat' dir='ltr'>in</span> 
     </span>
    </p>
   </div>
   <div class='ocr_carea' id='block_1_5' title="bbox 516 530 2050 602">
    <p class='ocr_par' dir='ltr' id='par_1_5' title="bbox 516 530 2050 602">
     <span class='ocr_line' id='line_1_5' title="bbox 516 530 2050 602; baseline -0.004 -15"><span class='ocrx_word' id='word_1_25' title='bbox 516 539 699 602; x_wconf 63' lang='lat' dir='ltr'>quibus</span> <span class='ocrx_word' id='word_1_26' title='bbox 722 537 917 583; x_wconf 70' lang='lat' dir='ltr'>tlttnhtts</span> <span class='ocrx_word' id='word_1_27' title='bbox 938 530 1359 598; x_wconf 37' lang='lat' dir='ltr'>tabulis—lapideis</span> <span class='ocrx_word' id='word_1_28' title='bbox 1382 532 1675 595; x_wconf 77' lang='lat' dir='ltr'>cttnscriplu</span> <span class='ocrx_word' id='word_1_29' title='bbox 1697 530 2050 583; x_wconf 86' lang='lat' dir='ltr'>erantdecem</span> 
     </span>
    </p>
   </div>
   <div class='ocr_carea' id='block_1_6' title="bbox 521 620 2049 694">
    <p class='ocr_par' dir='ltr' id='par_1_6' title="bbox 521 620 2049 694">
     <span class='ocr_line' id='line_1_6' title="bbox 521 620 2049 694; baseline -0.007 -15"><span class='ocrx_word' id='word_1_30' title='bbox 521 639 769 694; x_wconf 66' lang='lat' dir='ltr'>pt&#39;.t!t&#39;t&#39;pl.t</span> <span class='ocrx_word' id='word_1_31' title='bbox 788 625 1075 691; x_wconf 56' lang='grc' dir='ltr'>ιρείςπιιιυιι</span> <span class='ocrx_word' id='word_1_32' title='bbox 1092 633 1167 674; x_wconf 72' lang='lat' dir='ltr'>cst</span> <span class='ocrx_word' id='word_1_33' title='bbox 1189 623 1491 689; x_wconf 86' lang='lat' dir='ltr'>psalterium</span> <span class='ocrx_word' id='word_1_34' title='bbox 1507 622 1689 674; x_wconf 86' lang='lat' dir='ltr'>decem</span> <span class='ocrx_word' id='word_1_35' title='bbox 1704 620 2015 674; x_wconf 88' lang='lat' dir='ltr'>chordarum</span> <span class='ocrx_word' id='word_1_36' title='bbox 2037 637 2049 669; x_wconf 91' lang='lat'><strong>:</strong></span> 
     </span>
    </p>
   </div>
   <div class='ocr_carea' id='block_1_7' title="bbox 519 709 2053 777">
    <p class='ocr_par' dir='ltr' id='par_1_7' title="bbox 519 709 2053 777">
     <span class='ocr_line' id='line_1_7' title="bbox 519 709 2053 777; baseline -0.005 -10"><span class='ocrx_word' id='word_1_37' title='bbox 519 721 608 769; x_wconf 75' lang='lat' dir='ltr'>ttiu</span> <span class='ocrx_word' id='word_1_38' title='bbox 628 718 673 767; x_wconf 70' lang='lat' dir='ltr'>ist</span> <span class='ocrx_word' id='word_1_39' title='bbox 694 730 791 764; x_wconf 84' lang='lat' dir='ltr'>una</span> <span class='ocrx_word' id='word_1_40' title='bbox 808 715 974 765; x_wconf 86' lang='lat' dir='ltr'>tabula</span> <span class='ocrx_word' id='word_1_41' title='bbox 993 716 1057 764; x_wconf 81' lang='lat' dir='ltr'>ad</span> <span class='ocrx_word' id='word_1_42' title='bbox 1077 713 1233 763; x_wconf 79' lang='lat' dir='ltr'>Deum</span> <span class='ocrx_word' id='word_1_43' title='bbox 1258 714 1589 777; x_wconf 65' lang='lat' dir='ltr'>pertinentia,</span> <span class='ocrx_word' id='word_1_44' title='bbox 1606 720 1802 775; x_wconf 81' lang='lat' dir='ltr'>septem</span> <span class='ocrx_word' id='word_1_45' title='bbox 1822 710 1871 760; x_wconf 89' lang='lat' dir='ltr'>in</span> <span class='ocrx_word' id='word_1_46' title='bbox 1886 709 2053 760; x_wconf 83' lang='lat' dir='ltr'>altera</span> 
     </span>
    </p>
   </div>
   <div class='ocr_carea' id='block_1_8' title="bbox 517 802 2051 866">
    <p class='ocr_par' dir='ltr' id='par_1_8' title="bbox 517 802 2051 866">
     <span class='ocr_line' id='line_1_8' title="bbox 517 802 2051 866; baseline -0.001 -14"><span class='ocrx_word' id='word_1_47' title='bbox 517 808 577 852; x_wconf 75' lang='lat' dir='ltr'>ta&#39;</span> <span class='ocrx_word' id='word_1_48' title='bbox 604 806 680 853; x_wconf 87' lang='lat' dir='ltr'>uia</span> <span class='ocrx_word' id='word_1_49' title='bbox 698 804 757 851; x_wconf 85' lang='lat' dir='ltr'>ad</span> <span class='ocrx_word' id='word_1_50' title='bbox 777 818 896 866; x_wconf 82' lang='lat' dir='ltr'>pr0\</span> <span class='ocrx_word' id='word_1_51' title='bbox 911 804 1086 853; x_wconf 89' lang='lat' dir='ltr'>imttm.</span> <span class='ocrx_word' id='word_1_52' title='bbox 1109 802 1335 853; x_wconf 68' lang='grc' dir='ltr'>ι’[ἰιηιιιιι</span> <span class='ocrx_word' id='word_1_53' title='bbox 1351 812 1449 853; x_wconf 80' lang='lat' dir='ltr'>est:</span> <span class='ocrx_word' id='word_1_54' title='bbox 1471 802 1674 851; x_wconf 73' lang='lat' dir='ltr'>llonot‘a</span> <span class='ocrx_word' id='word_1_55' title='bbox 1694 809 1889 864; x_wconf 77' lang='lat' dir='ltr'>patrem</span> <span class='ocrx_word' id='word_1_56' title='bbox 1907 808 2051 851; x_wconf 86' lang='lat' dir='ltr'>tuum</span> 
     </span>
    </p>
   </div>
   <div class='ocr_carea' id='block_1_9' title="bbox 515 887 2055 943">
    <p class='ocr_par' dir='ltr' id='par_1_9' title="bbox 515 887 2055 943">
     <span class='ocr_line' id='line_1_9' title="bbox 515 887 2055 943; baseline 0.002 -7"><span class='ocrx_word' id='word_1_57' title='bbox 515 901 561 939; x_wconf 69' lang='lat' dir='ltr'>rt</span> <span class='ocrx_word' id='word_1_58' title='bbox 599 900 812 942; x_wconf 88' lang='lat' dir='ltr'>matrem</span> <span class='ocrx_word' id='word_1_59' title='bbox 841 904 1000 943; x_wconf 86' lang='lat' dir='ltr'>tuam.</span> <span class='ocrx_word' id='word_1_60' title='bbox 1026 891 1324 941; x_wconf 57' lang='lat' dir='ltr'>Secundum</span> <span class='ocrx_word' id='word_1_61' title='bbox 1354 907 1365 941; x_wconf 72' lang='grc' dir='ltr'>ε</span> <span class='ocrx_word' id='word_1_62' title='bbox 1390 890 1499 940; x_wconf 68' lang='lat' dir='ltr'>Non</span> <span class='ocrx_word' id='word_1_63' title='bbox 1525 887 1894 939; x_wconf 65' lang='lat' dir='ltr'>moechaheris.</span> <span class='ocrx_word' id='word_1_64' title='bbox 1926 887 2055 939; x_wconf 85' lang='lat' dir='ltr'>Ter-</span> 
     </span>
    </p>
   </div>
   <div class='ocr_carea' id='block_1_10' title="bbox 517 976 2052 1044">
    <p class='ocr_par' dir='ltr' id='par_1_10' title="bbox 517 976 2052 1044">
     <span class='ocr_line' id='line_1_10' title="bbox 517 976 2052 1044; baseline 0.002 -19"><span class='ocrx_word' id='word_1_65' title='bbox 517 990 637 1028; x_wconf 85' lang='lat' dir='ltr'>tunn</span> <span class='ocrx_word' id='word_1_66' title='bbox 658 998 667 1029; x_wconf 84' lang='lat'>;</span> <span class='ocrx_word' id='word_1_67' title='bbox 689 979 796 1030; x_wconf 80' lang='lat' dir='ltr'>Non</span> <span class='ocrx_word' id='word_1_68' title='bbox 811 980 1037 1031; x_wconf 84' lang='lat' dir='ltr'>occides.</span> <span class='ocrx_word' id='word_1_69' title='bbox 1055 982 1303 1044; x_wconf 85' lang='lat' dir='ltr'>Quartum</span> <span class='ocrx_word' id='word_1_70' title='bbox 1321 996 1332 1028; x_wconf 93' lang='lat'><strong>:</strong></span> <span class='ocrx_word' id='word_1_71' title='bbox 1350 977 1460 1030; x_wconf 85' lang='lat' dir='ltr'>Non</span> <span class='ocrx_word' id='word_1_72' title='bbox 1480 976 1755 1029; x_wconf 84' lang='lat' dir='ltr'>furaberis.</span> <span class='ocrx_word' id='word_1_73' title='bbox 1771 976 2052 1041; x_wconf 85' lang='lat' dir='ltr'>Quintum;</span> 
     </span>
    </p>
   </div>
   <div class='ocr_carea' id='block_1_11' title="bbox 519 1066 2053 1137">
    <p class='ocr_par' dir='ltr' id='par_1_11' title="bbox 519 1066 2053 1137">
     <span class='ocr_line' id='line_1_11' title="bbox 519 1066 2053 1137; baseline 0.001 -18"><span class='ocrx_word' id='word_1_74' title='bbox 519 1072 624 1119; x_wconf 60' lang='lat' dir='ltr'>Non</span> <span class='ocrx_word' id='word_1_75' title='bbox 644 1069 827 1120; x_wconf 81' lang='lat' dir='ltr'>falsum</span> <span class='ocrx_word' id='word_1_76' title='bbox 845 1072 1196 1122; x_wconf 79' lang='lat' dir='ltr'>testimonium</span> <span class='ocrx_word' id='word_1_77' title='bbox 1214 1070 1377 1121; x_wconf 83' lang='lat' dir='ltr'>dices.</span> <span class='ocrx_word' id='word_1_78' title='bbox 1396 1068 1610 1121; x_wconf 80' lang='lat' dir='ltr'>Sextum</span> <span class='ocrx_word' id='word_1_79' title='bbox 1636 1066 1781 1121; x_wconf 83' lang='lat' dir='ltr'>:Non</span> <span class='ocrx_word' id='word_1_80' title='bbox 1802 1069 1906 1137; x_wconf 78' lang='lat'><strong>72</strong></span> <span class='ocrx_word' id='word_1_81' title='bbox 1928 1082 2053 1120; x_wconf 87' lang='lat' dir='ltr'>con-</span> 
     </span>
    </p>
   </div>
   <div class='ocr_carea' id='block_1_12' title="bbox 515 1154 2057 1225">
    <p class='ocr_par' dir='ltr' id='par_1_12' title="bbox 515 1154 2057 1225">
     <span class='ocr_line' id='line_1_12' title="bbox 515 1154 2057 1225; baseline 0.001 -18"><span class='ocrx_word' id='word_1_82' title='bbox 515 1161 753 1225; x_wconf 54' lang='lat' dir='ltr'>t-upisces</span> <span class='ocrx_word' id='word_1_83' title='bbox 779 1175 991 1211; x_wconf 72' lang='lat' dir='ltr'>uxorem</span> <span class='ocrx_word' id='word_1_84' title='bbox 1017 1158 1235 1225; x_wconf 82' lang='lat' dir='ltr'>proximi</span> <span class='ocrx_word' id='word_1_85' title='bbox 1255 1157 1347 1209; x_wconf 88' lang='lat' dir='ltr'>tui.</span> <span class='ocrx_word' id='word_1_86' title='bbox 1373 1155 1665 1223; x_wconf 85' lang='lat' dir='ltr'>Septimum</span> <span class='ocrx_word' id='word_1_87' title='bbox 1694 1173 1707 1207; x_wconf 89' lang='lat'><strong>:</strong></span> <span class='ocrx_word' id='word_1_88' title='bbox 1734 1154 1844 1207; x_wconf 84' lang='lat' dir='ltr'>Non</span> <span class='ocrx_word' id='word_1_89' title='bbox 1863 1169 2057 1209; x_wconf 82' lang='lat' dir='ltr'>euncu-</span> 
     </span>
    </p>
   </div>
   <div class='ocr_carea' id='block_1_13' title="bbox 528 1242 2057 1312">
    <p class='ocr_par' dir='ltr' id='par_1_13' title="bbox 528 1242 2057 1312">
     <span class='ocr_line' id='line_1_13' title="bbox 528 1242 2057 1312; baseline 0.002 -21"><span class='ocrx_word' id='word_1_90' title='bbox 528 1248 696 1309; x_wconf 69' lang='lat' dir='ltr'>pisces</span> <span class='ocrx_word' id='word_1_91' title='bbox 729 1262 834 1297; x_wconf 81' lang='lat' dir='ltr'>rem</span> <span class='ocrx_word' id='word_1_92' title='bbox 860 1246 1079 1312; x_wconf 78' lang='lat' dir='ltr'>proximi</span> <span class='ocrx_word' id='word_1_93' title='bbox 1112 1244 1205 1297; x_wconf 89' lang='lat' dir='ltr'>tui.</span> <span class='ocrx_word' id='word_1_94' title='bbox 1254 1244 1375 1296; x_wconf 67' lang='lat' dir='ltr'>llaec</span> <span class='ocrx_word' id='word_1_95' title='bbox 1410 1244 1693 1312; x_wconf 73' lang='lat' dir='ltr'>iungamus</span> <span class='ocrx_word' id='word_1_96' title='bbox 1738 1242 1841 1295; x_wconf 81' lang='lat' dir='ltr'><strong>illis</strong></span> <span class='ocrx_word' id='word_1_97' title='bbox 1888 1243 2057 1295; x_wconf 88' lang='lat' dir='ltr'>tribus</span> 
     </span>
    </p>
   </div>
   <div class='ocr_carea' id='block_1_14' title="bbox 518 1334 2083 1403">
    <p class='ocr_par' dir='ltr' id='par_1_14' title="bbox 518 1334 2083 1403">
     <span class='ocr_line' id='line_1_14' title="bbox 518 1334 2083 1403; baseline 0.001 -16"><span class='ocrx_word' id='word_1_98' title='bbox 518 1337 580 1387; x_wconf 75' lang='lat' dir='ltr'>ad</span> <span class='ocrx_word' id='word_1_99' title='bbox 630 1338 963 1389; x_wconf 88' lang='lat' dir='ltr'>di&#39;ectiouem</span> <span class='ocrx_word' id='word_1_100' title='bbox 995 1335 1085 1387; x_wconf 87' lang='lat' dir='ltr'>Dei</span> <span class='ocrx_word' id='word_1_101' title='bbox 1121 1334 1534 1403; x_wconf 69' lang='lat' dir='ltr'>pertinentibus,</span> <span class='ocrx_word' id='word_1_102' title='bbox 1568 1335 1611 1387; x_wconf 97' lang='lat' dir='ltr'>si</span> <span class='ocrx_word' id='word_1_103' title='bbox 1638 1336 1687 1387; x_wconf 92' lang='lat' dir='ltr'>in</span> <span class='ocrx_word' id='word_1_104' title='bbox 1718 1334 1965 1400; x_wconf 87' lang='lat' dir='ltr'>psalterio</span> <span class='ocrx_word' id='word_1_105' title='bbox 1990 1334 2083 1388; x_wconf 88' lang='lat' dir='ltr'>de-</span> 
     </span>
    </p>
   </div>
   <div class='ocr_carea' id='block_1_15' title="bbox 519 1426 2053 1481">
    <p class='ocr_par' dir='ltr' id='par_1_15' title="bbox 519 1426 2053 1481">
     <span class='ocr_line' id='line_1_15' title="bbox 519 1426 2053 1481; baseline -0.001 -3"><span class='ocrx_word' id='word_1_106' title='bbox 519 1445 631 1481; x_wconf 75' lang='lat' dir='ltr'>tIClll</span> <span class='ocrx_word' id='word_1_107' title='bbox 670 1428 980 1480; x_wconf 89' lang='lat' dir='ltr'>chordarum</span> <span class='ocrx_word' id='word_1_108' title='bbox 1013 1429 1252 1478; x_wconf 73' lang='grc' dir='ltr'>γυΙυῐιιυε</span> <span class='ocrx_word' id='word_1_109' title='bbox 1282 1436 1497 1479; x_wconf 83' lang='lat' dir='ltr'>cantare</span> <span class='ocrx_word' id='word_1_110' title='bbox 1542 1426 1803 1479; x_wconf 86' lang='lat' dir='ltr'>canticum</span> <span class='ocrx_word' id='word_1_111' title='bbox 1838 1438 2053 1477; x_wconf 85' lang='lat' dir='ltr'>novum.</span> 
     </span>
    </p>
   </div>
   <div class='ocr_carea' id='block_1_16' title="bbox 520 1515 2050 1581">
    <p class='ocr_par' dir='ltr' id='par_1_16' title="bbox 520 1515 2050 1581">
     <span class='ocr_line' id='line_1_16' title="bbox 520 1515 2050 1581; baseline -0.001 -12"><span class='ocrx_word' id='word_1_112' title='bbox 520 1519 664 1572; x_wconf 73' lang='lat' dir='ltr'>Modo</span> <span class='ocrx_word' id='word_1_113' title='bbox 695 1533 796 1570; x_wconf 90' lang='lat' dir='ltr'>non</span> <span class='ocrx_word' id='word_1_114' title='bbox 826 1532 908 1570; x_wconf 90' lang='lat' dir='ltr'>me</span> <span class='ocrx_word' id='word_1_115' title='bbox 933 1517 1268 1581; x_wconf 89' lang='lat' dir='ltr'>intueamini,</span> <span class='ocrx_word' id='word_1_116' title='bbox 1292 1517 1382 1569; x_wconf 88' lang='lat' dir='ltr'>sed</span> <span class='ocrx_word' id='word_1_117' title='bbox 1406 1532 1698 1569; x_wconf 70' lang='lat' dir='ltr'>sermonem</span> <span class='ocrx_word' id='word_1_118' title='bbox 1730 1517 1850 1568; x_wconf 82' lang='lat' dir='ltr'>Dei:</span> <span class='ocrx_word' id='word_1_119' title='bbox 1885 1515 2050 1567; x_wconf 83' lang='lat' dir='ltr'>nolite</span> 
     </span>
    </p>
   </div>
   <div class='ocr_carea' id='block_1_17' title="bbox 1560 142 2663 227">
    <p class='ocr_par' dir='ltr' id='par_1_17' title="bbox 1560 142 2663 227">
     <span class='ocr_line' id='line_1_17' title="bbox 1560 142 2663 227; baseline -0.003 -25"><span class='ocrx_word' id='word_1_120' title='bbox 1560 151 1617 202; x_wconf 81' lang='grc' dir='ltr'>ο.</span> <span class='ocrx_word' id='word_1_121' title='bbox 1663 144 1975 227; x_wconf 73' lang='lat' dir='ltr'>EUGYPPII</span> <span class='ocrx_word' id='word_1_122' title='bbox 2018 142 2303 199; x_wconf 69' lang='lat' dir='ltr'>ABBATIS</span> <span class='ocrx_word' id='word_1_123' title='bbox 2351 142 2663 209; x_wconf 68' lang='lat' dir='ltr'>AFRICANI</span> 
     </span>
    </p>
   </div>
   <div class='ocr_carea' id='block_1_18' title="bbox 968 256 3679 328">
    <p class='ocr_par' dir='ltr' id='par_1_18' title="bbox 968 256 3679 328">
     <span class='ocr_line' id='line_1_18' title="bbox 968 256 3679 328; baseline -0.001 -15"><span class='ocrx_word' id='word_1_124' title='bbox 968 262 1154 316; x_wconf 46' lang='lat' dir='ltr'>ﬁumm</span> <span class='ocrx_word' id='word_1_125' title='bbox 1188 260 1408 328; x_wconf 63' lang='lat' dir='ltr'>proximi</span> <span class='ocrx_word' id='word_1_126' title='bbox 1441 262 1665 325; x_wconf 74' lang='lat' dir='ltr'>primum</span> <span class='ocrx_word' id='word_1_127' title='bbox 1698 268 1780 311; x_wconf 83' lang='lat' dir='ltr'>est</span> <span class='ocrx_word' id='word_1_128' title='bbox 1805 260 1855 309; x_wconf 89' lang='lat' dir='ltr'>in</span> <span class='ocrx_word' id='word_1_129' title='bbox 1882 258 2050 309; x_wconf 85' lang='lat' dir='ltr'>altera</span> <span class='ocrx_word' id='word_1_130' title='bbox 2080 264 2129 316; x_wconf 81' lang='grc' dir='ltr'>Α</span> <span class='ocrx_word' id='word_1_131' title='bbox 2223 258 2653 328; x_wconf 38' lang='lat' dir='ltr'>nemAmaritorum</span> <span class='ocrx_word' id='word_1_132' title='bbox 2679 256 3106 328; x_wconf 60' lang='lat' dir='ltr'>adujternulinm;</span> <span class='ocrx_word' id='word_1_133' title='bbox 3130 272 3194 309; x_wconf 79' lang='lat' dir='ltr'>ea:</span> <span class='ocrx_word' id='word_1_134' title='bbox 3222 258 3348 310; x_wconf 77' lang='lat' dir='ltr'>libro</span> <span class='ocrx_word' id='word_1_135' title='bbox 3370 256 3431 308; x_wconf 76' lang='lat' dir='ltr'>de</span> <span class='ocrx_word' id='word_1_136' title='bbox 3450 258 3679 311; x_wconf 68' lang='lat' dir='ltr'>adulteri-</span> 
     </span>
    </p>
   </div>
   <div class='ocr_carea' id='block_1_19' title="bbox 3582 145 3678 198">
    <p class='ocr_par' dir='ltr' id='par_1_19' title="bbox 3582 145 3678 198">
     <span class='ocr_line' id='line_1_19' title="bbox 3582 145 3678 198; baseline 0 -2"><span class='ocrx_word' id='word_1_137' title='bbox 3582 145 3678 198; x_wconf 61' lang='grc' dir='ltr'>τδρ</span> 
     </span>
    </p>
   </div>
   <div class='ocr_carea' id='block_1_20' title="bbox 2227 324 3086 393">
    <p class='ocr_par' dir='ltr' id='par_1_20' title="bbox 2227 324 3086 393">
     <span class='ocr_line' id='line_1_20' title="bbox 2227 324 3086 393; baseline 0.003 -18"><span class='ocrx_word' id='word_1_138' title='bbox 2227 327 2305 379; x_wconf 83' lang='lat' dir='ltr'>uis</span> <span class='ocrx_word' id='word_1_139' title='bbox 2329 324 2636 393; x_wconf 78' lang='lat' dir='ltr'>Conjugibus</span> <span class='ocrx_word' id='word_1_140' title='bbox 2665 326 2733 377; x_wconf 81' lang='lat' dir='ltr'>ad</span> <span class='ocrx_word' id='word_1_141' title='bbox 2762 324 3086 378; x_wconf 81' lang='lat' dir='ltr'>Pollentium.</span> 
     </span>
    </p>
   </div>
   <div class='ocr_carea' id='block_1_21' title="bbox 2225 426 3675 500">
    <p class='ocr_par' dir='ltr' id='par_1_21' title="bbox 2225 426 3675 500">
     <span class='ocr_line' id='line_1_21' title="bbox 2225 426 3675 500; baseline 0.001 -16"><span class='ocrx_word' id='word_1_142' title='bbox 2225 426 2507 485; x_wconf 77' lang='lat' dir='ltr'>Christiani</span> <span class='ocrx_word' id='word_1_143' title='bbox 2540 431 2795 496; x_wconf 92' lang='lat' dir='ltr'>audiunt,</span> <span class='ocrx_word' id='word_1_144' title='bbox 2844 432 3011 500; x_wconf 89' lang='lat' dir='ltr'>Caput</span> <span class='ocrx_word' id='word_1_145' title='bbox 3056 432 3292 486; x_wconf 80' lang='lat' dir='ltr'>mulieris</span> <span class='ocrx_word' id='word_1_146' title='bbox 3346 432 3459 493; x_wconf 80' lang='lat' dir='ltr'>vir,</span> <span class='ocrx_word' id='word_1_147' title='bbox 3496 432 3575 486; x_wconf 85' lang='lat' dir='ltr'>ubi</span> <span class='ocrx_word' id='word_1_148' title='bbox 3618 445 3675 485; x_wconf 83' lang='lat' dir='ltr'>se</span> 
     </span>
    </p>
   </div>
   <div class='ocr_carea' id='block_1_22' title="bbox 2157 520 3675 587">
    <p class='ocr_par' dir='ltr' id='par_1_22' title="bbox 2157 520 3675 587">
     <span class='ocr_line' id='line_1_22' title="bbox 2157 520 3675 587; baseline 0.003 -16"><span class='ocrx_word' id='word_1_149' title='bbox 2157 531 2438 587; x_wconf 73' lang='lat' dir='ltr'>agnoscunt</span> <span class='ocrx_word' id='word_1_150' title='bbox 2470 522 2629 574; x_wconf 89' lang='lat' dir='ltr'>duces</span> <span class='ocrx_word' id='word_1_151' title='bbox 2649 556 2666 585; x_wconf 93' lang='lat'>,</span> <span class='ocrx_word' id='word_1_152' title='bbox 2696 521 2812 575; x_wconf 88' lang='lat' dir='ltr'>illas</span> <span class='ocrx_word' id='word_1_153' title='bbox 2839 532 3016 575; x_wconf 82' lang='lat' dir='ltr'>autem</span> <span class='ocrx_word' id='word_1_154' title='bbox 3044 522 3267 575; x_wconf 75' lang='lat' dir='ltr'>comites</span> <span class='ocrx_word' id='word_1_155' title='bbox 3306 534 3426 575; x_wconf 86' lang='lat' dir='ltr'>esse</span> <span class='ocrx_word' id='word_1_156' title='bbox 3467 520 3675 585; x_wconf 80' lang='lat' dir='ltr'>debere,</span> 
     </span>
    </p>
   </div>
   <div class='ocr_carea' id='block_1_23' title="bbox 2156 613 3676 684">
    <p class='ocr_par' dir='ltr' id='par_1_23' title="bbox 2156 613 3676 684">
     <span class='ocr_line' id='line_1_23' title="bbox 2156 613 3676 684; baseline 0.003 -19"><span class='ocrx_word' id='word_1_157' title='bbox 2156 622 2208 665; x_wconf 87' lang='lat' dir='ltr'>et</span> <span class='ocrx_word' id='word_1_158' title='bbox 2231 613 2351 666; x_wconf 82' lang='lat' dir='ltr'>ideo</span> <span class='ocrx_word' id='word_1_159' title='bbox 2369 614 2655 667; x_wconf 86' lang='lat' dir='ltr'>cavendum</span> <span class='ocrx_word' id='word_1_160' title='bbox 2686 613 2799 667; x_wconf 83' lang='lat' dir='ltr'>viro</span> <span class='ocrx_word' id='word_1_161' title='bbox 2827 615 2948 668; x_wconf 81' lang='lat' dir='ltr'>illac</span> <span class='ocrx_word' id='word_1_162' title='bbox 2974 616 3051 669; x_wconf 89' lang='lat' dir='ltr'>ire</span> <span class='ocrx_word' id='word_1_163' title='bbox 3081 617 3307 669; x_wconf 80' lang='lat' dir='ltr'>vivendo</span> <span class='ocrx_word' id='word_1_164' title='bbox 3331 632 3431 684; x_wconf 90' lang='lat' dir='ltr'>qua</span> <span class='ocrx_word' id='word_1_165' title='bbox 3459 617 3589 669; x_wconf 89' lang='lat' dir='ltr'>timet</span> <span class='ocrx_word' id='word_1_166' title='bbox 3612 633 3676 669; x_wconf 84' lang='lat' dir='ltr'>ne</span> 
     </span>
    </p>
   </div>
   <div class='ocr_carea' id='block_1_24' title="bbox 2158 704 3677 780">
    <p class='ocr_par' dir='ltr' id='par_1_24' title="bbox 2158 704 3677 780">
     <span class='ocr_line' id='line_1_24' title="bbox 2158 704 3677 780; baseline 0.005 -28"><span class='ocrx_word' id='word_1_167' title='bbox 2158 718 2289 756; x_wconf 83' lang='lat' dir='ltr'>uxor</span> <span class='ocrx_word' id='word_1_168' title='bbox 2315 717 2563 770; x_wconf 81' lang='lat' dir='ltr'>sequatur</span> <span class='ocrx_word' id='word_1_169' title='bbox 2592 705 2863 758; x_wconf 89' lang='lat' dir='ltr'>imitando.</span> <span class='ocrx_word' id='word_1_170' title='bbox 2895 705 3000 780; x_wconf 84' lang='lat' dir='ltr'>Sed</span> <span class='ocrx_word' id='word_1_171' title='bbox 3028 704 3140 758; x_wconf 82' lang='lat' dir='ltr'>istis</span> <span class='ocrx_word' id='word_1_172' title='bbox 3159 707 3347 770; x_wconf 80' lang='lat' dir='ltr'>quibus</span> <span class='ocrx_word' id='word_1_173' title='bbox 3374 707 3599 772; x_wconf 76' lang='lat' dir='ltr'>displicet</span> <span class='ocrx_word' id='word_1_174' title='bbox 3625 718 3677 759; x_wconf 83' lang='lat' dir='ltr'>ut</span> 
     </span>
    </p>
   </div>
   <div class='ocr_carea' id='block_1_25' title="bbox 2159 793 3674 862">
    <p class='ocr_par' dir='ltr' id='par_1_25' title="bbox 2159 793 3674 862">
     <span class='ocr_line' id='line_1_25' title="bbox 2159 793 3674 862; baseline 0.002 -18"><span class='ocrx_word' id='word_1_175' title='bbox 2159 794 2291 845; x_wconf 88' lang='lat' dir='ltr'>inter</span> <span class='ocrx_word' id='word_1_176' title='bbox 2316 795 2481 846; x_wconf 85' lang='lat' dir='ltr'>virum</span> <span class='ocrx_word' id='word_1_177' title='bbox 2507 802 2559 846; x_wconf 88' lang='lat' dir='ltr'>et</span> <span class='ocrx_word' id='word_1_178' title='bbox 2580 809 2795 848; x_wconf 78' lang='lat' dir='ltr'>uxorem</span> <span class='ocrx_word' id='word_1_179' title='bbox 2826 809 2920 862; x_wconf 88' lang='lat' dir='ltr'>par</span> <span class='ocrx_word' id='word_1_180' title='bbox 2945 793 3205 861; x_wconf 63' lang='lat' dir='ltr'>pudicitia</span> <span class='ocrx_word' id='word_1_181' title='bbox 3233 794 3400 848; x_wconf 91' lang='lat' dir='ltr'>forma</span> <span class='ocrx_word' id='word_1_182' title='bbox 3429 807 3674 857; x_wconf 79' lang='lat' dir='ltr'>servetur,</span> 
     </span>
    </p>
   </div>
   <div class='ocr_carea' id='block_1_26' title="bbox 2158 883 3677 951">
    <p class='ocr_par' dir='ltr' id='par_1_26' title="bbox 2158 883 3677 951">
     <span class='ocr_line' id='line_1_26' title="bbox 2158 883 3677 951; baseline 0 -18"><span class='ocrx_word' id='word_1_183' title='bbox 2158 890 2210 933; x_wconf 89' lang='lat' dir='ltr'>et</span> <span class='ocrx_word' id='word_1_184' title='bbox 2236 883 2406 948; x_wconf 83' lang='lat' dir='ltr'>potius</span> <span class='ocrx_word' id='word_1_185' title='bbox 2425 884 2623 949; x_wconf 78' lang='lat' dir='ltr'>eligunt</span> <span class='ocrx_word' id='word_1_186' title='bbox 2646 884 2977 950; x_wconf 79' lang='lat' dir='ltr'>maximeque</span> <span class='ocrx_word' id='word_1_187' title='bbox 2999 884 3050 935; x_wconf 87' lang='lat' dir='ltr'>in</span> <span class='ocrx_word' id='word_1_188' title='bbox 3074 883 3170 936; x_wconf 84' lang='lat' dir='ltr'>hac</span> <span class='ocrx_word' id='word_1_189' title='bbox 3192 897 3346 936; x_wconf 82' lang='lat' dir='ltr'>causa</span> <span class='ocrx_word' id='word_1_190' title='bbox 3370 884 3536 936; x_wconf 89' lang='lat' dir='ltr'>mundi</span> <span class='ocrx_word' id='word_1_191' title='bbox 3557 885 3677 951; x_wconf 64' lang='lat' dir='ltr'>lqi.</span> 
     </span>
    </p>
   </div>
   <div class='ocr_carea' id='block_1_27' title="bbox 2159 972 3677 1040">
    <p class='ocr_par' dir='ltr' id='par_1_27' title="bbox 2159 972 3677 1040">
     <span class='ocr_line' id='line_1_27' title="bbox 2159 972 3677 1040; baseline 0.002 -17"><span class='ocrx_word' id='word_1_192' title='bbox 2159 972 2254 1023; x_wconf 85' lang='lat' dir='ltr'>bus</span> <span class='ocrx_word' id='word_1_193' title='bbox 2278 972 2475 1024; x_wconf 84' lang='lat' dir='ltr'>subditi</span> <span class='ocrx_word' id='word_1_194' title='bbox 2506 986 2625 1025; x_wconf 88' lang='lat' dir='ltr'>esse</span> <span class='ocrx_word' id='word_1_195' title='bbox 2649 988 2803 1038; x_wconf 91' lang='lat' dir='ltr'>quam</span> <span class='ocrx_word' id='word_1_196' title='bbox 2828 972 3046 1037; x_wconf 80' lang='lat' dir='ltr'>Christi,</span> <span class='ocrx_word' id='word_1_197' title='bbox 3070 974 3315 1039; x_wconf 72' lang='lat' dir='ltr'>quoniam</span> <span class='ocrx_word' id='word_1_198' title='bbox 3340 975 3452 1040; x_wconf 83' lang='lat' dir='ltr'>jura</span> <span class='ocrx_word' id='word_1_199' title='bbox 3475 975 3677 1028; x_wconf 76' lang='lat' dir='ltr'>forensia</span> 
     </span>
    </p>
   </div>
   <div class='ocr_carea' id='block_1_28' title="bbox 2159 1059 3679 1128">
    <p class='ocr_par' dir='ltr' id='par_1_28' title="bbox 2159 1059 3679 1128">
     <span class='ocr_line' id='line_1_28' title="bbox 2159 1059 3679 1128; baseline 0.002 -16"><span class='ocrx_word' id='word_1_200' title='bbox 2159 1074 2260 1112; x_wconf 90' lang='lat' dir='ltr'>non</span> <span class='ocrx_word' id='word_1_201' title='bbox 2292 1059 2489 1113; x_wconf 89' lang='lat' dir='ltr'>eisdem</span> <span class='ocrx_word' id='word_1_202' title='bbox 2512 1062 2700 1127; x_wconf 84' lang='lat' dir='ltr'>quibus</span> <span class='ocrx_word' id='word_1_203' title='bbox 2749 1061 2967 1114; x_wconf 87' lang='lat' dir='ltr'>feminas</span> <span class='ocrx_word' id='word_1_204' title='bbox 2999 1059 3261 1128; x_wconf 69' lang='lat' dir='ltr'>pudicitiae</span> <span class='ocrx_word' id='word_1_205' title='bbox 3312 1062 3521 1115; x_wconf 75' lang='lat' dir='ltr'>nexibus</span> <span class='ocrx_word' id='word_1_206' title='bbox 3546 1064 3679 1115; x_wconf 81' lang='lat' dir='ltr'>siros</span> 
     </span>
    </p>
   </div>
   <div class='ocr_carea' id='block_1_29' title="bbox 2160 1148 3673 1218">
    <p class='ocr_par' dir='ltr' id='par_1_29' title="bbox 2160 1148 3673 1218">
     <span class='ocr_line' id='line_1_29' title="bbox 2160 1148 3673 1218; baseline 0.003 -19"><span class='ocrx_word' id='word_1_207' title='bbox 2160 1148 2403 1202; x_wconf 85' lang='lat' dir='ltr'>videntur</span> <span class='ocrx_word' id='word_1_208' title='bbox 2432 1148 2995 1218; x_wconf 67' lang='lat' dir='ltr'>obstringereHegant</span> <span class='ocrx_word' id='word_1_209' title='bbox 3040 1150 3163 1217; x_wconf 90' lang='lat' dir='ltr'>quid</span> <span class='ocrx_word' id='word_1_210' title='bbox 3209 1151 3335 1218; x_wconf 87' lang='lat' dir='ltr'>imp.</span> <span class='ocrx_word' id='word_1_211' title='bbox 3369 1153 3673 1209; x_wconf 78' lang='lat' dir='ltr'>Antoninus.</span> 
     </span>
    </p>
   </div>
   <div class='ocr_carea' id='block_1_30' title="bbox 2160 1239 3677 1309">
    <p class='ocr_par' dir='ltr' id='par_1_30' title="bbox 2160 1239 3677 1309">
     <span class='ocr_line' id='line_1_30' title="bbox 2160 1239 3677 1309; baseline 0.002 -17"><span class='ocrx_word' id='word_1_212' title='bbox 2160 1255 2262 1292; x_wconf 87' lang='lat' dir='ltr'>non</span> <span class='ocrx_word' id='word_1_213' title='bbox 2296 1242 2475 1309; x_wconf 87' lang='lat' dir='ltr'>utique</span> <span class='ocrx_word' id='word_1_214' title='bbox 2499 1239 2859 1305; x_wconf 77' lang='lat' dir='ltr'>Christianus,</span> <span class='ocrx_word' id='word_1_215' title='bbox 2890 1240 2959 1293; x_wconf 86' lang='lat' dir='ltr'>de</span> <span class='ocrx_word' id='word_1_216' title='bbox 2987 1242 3082 1294; x_wconf 86' lang='lat' dir='ltr'>hac</span> <span class='ocrx_word' id='word_1_217' title='bbox 3130 1256 3186 1294; x_wconf 89' lang='lat' dir='ltr'>re</span> <span class='ocrx_word' id='word_1_218' title='bbox 3216 1242 3568 1305; x_wconf 89' lang='lat' dir='ltr'>constituerit,</span> <span class='ocrx_word' id='word_1_219' title='bbox 3597 1243 3677 1295; x_wconf 83' lang='lat' dir='ltr'>ubi</span> 
     </span>
    </p>
   </div>
   <div class='ocr_carea' id='block_1_31' title="bbox 2160 1329 3677 1389">
    <p class='ocr_par' dir='ltr' id='par_1_31' title="bbox 2160 1329 3677 1389">
     <span class='ocr_line' id='line_1_31' title="bbox 2160 1329 3677 1389; baseline 0.003 -8"><span class='ocrx_word' id='word_1_220' title='bbox 2160 1329 2379 1383; x_wconf 87' lang='lat' dir='ltr'>maritus</span> <span class='ocrx_word' id='word_1_221' title='bbox 2408 1345 2624 1384; x_wconf 76' lang='lat' dir='ltr'>uxorem</span> <span class='ocrx_word' id='word_1_222' title='bbox 2653 1330 2720 1384; x_wconf 91' lang='lat' dir='ltr'>de</span> <span class='ocrx_word' id='word_1_223' title='bbox 2756 1330 2999 1384; x_wconf 81' lang='lat' dir='ltr'>adulterii</span> <span class='ocrx_word' id='word_1_224' title='bbox 3039 1331 3259 1389; x_wconf 86' lang='lat' dir='ltr'>crimine</span> <span class='ocrx_word' id='word_1_225' title='bbox 3299 1346 3537 1385; x_wconf 80' lang='lat' dir='ltr'>arcusare</span> <span class='ocrx_word' id='word_1_226' title='bbox 3582 1347 3677 1385; x_wconf 77' lang='lat' dir='ltr'>non</span> 
     </span>
    </p>
   </div>
   <div class='ocr_carea' id='block_1_32' title="bbox 2158 1418 3678 1487">
    <p class='ocr_par' dir='ltr' id='par_1_32' title="bbox 2158 1418 3678 1487">
     <span class='ocr_line' id='line_1_32' title="bbox 2158 1418 3678 1487; baseline 0.001 -16"><span class='ocrx_word' id='word_1_227' title='bbox 2158 1418 2372 1483; x_wconf 75' lang='lat' dir='ltr'>sinitur,</span> <span class='ocrx_word' id='word_1_228' title='bbox 2417 1420 2499 1473; x_wconf 89' lang='lat' dir='ltr'>cui</span> <span class='ocrx_word' id='word_1_229' title='bbox 2558 1419 2793 1473; x_wconf 89' lang='lat' dir='ltr'>moribus</span> <span class='ocrx_word' id='word_1_230' title='bbox 2848 1422 2962 1473; x_wconf 83' lang='lat' dir='ltr'>suis</span> <span class='ocrx_word' id='word_1_231' title='bbox 3018 1435 3119 1473; x_wconf 88' lang='lat' dir='ltr'>non</span> <span class='ocrx_word' id='word_1_232' title='bbox 3177 1422 3399 1487; x_wconf 64' lang='lat' dir='ltr'>prmbttit</span> <span class='ocrx_word' id='word_1_233' title='bbox 3447 1422 3678 1475; x_wconf 74' lang='lat' dir='ltr'>castitatis</span> 
     </span>
    </p>
   </div>
   <div class='ocr_carea' id='block_1_33' title="bbox 2159 1510 3677 1580">
    <p class='ocr_par' dir='ltr' id='par_1_33' title="bbox 2159 1510 3677 1580">
     <span class='ocr_line' id='line_1_33' title="bbox 2159 1510 3677 1580; baseline 0.002 -17"><span class='ocrx_word' id='word_1_234' title='bbox 2159 1512 2463 1578; x_wconf 73' lang='lat' dir='ltr'>exemplum</span> <span class='ocrx_word' id='word_1_235' title='bbox 2482 1552 2499 1574; x_wconf 92' lang='lat'>,</span> <span class='ocrx_word' id='word_1_236' title='bbox 2525 1510 2597 1565; x_wconf 89' lang='lat' dir='ltr'>ita</span> <span class='ocrx_word' id='word_1_237' title='bbox 2622 1521 2680 1564; x_wconf 90' lang='lat' dir='ltr'>ut</span> <span class='ocrx_word' id='word_1_238' title='bbox 2702 1512 2855 1565; x_wconf 88' lang='lat' dir='ltr'>ambo</span> <span class='ocrx_word' id='word_1_239' title='bbox 2884 1512 3197 1566; x_wconf 81' lang='lat' dir='ltr'>damnentur</span> <span class='ocrx_word' id='word_1_240' title='bbox 3225 1514 3270 1566; x_wconf 88' lang='lat' dir='ltr'>si</span> <span class='ocrx_word' id='word_1_241' title='bbox 3299 1515 3475 1567; x_wconf 86' lang='lat' dir='ltr'>ambos</span> <span class='ocrx_word' id='word_1_242' title='bbox 3503 1518 3677 1580; x_wconf 68' lang='lat' dir='ltr'>pariter</span> 
     </span>
    </p>
   </div>
   <div class='ocr_carea' id='block_1_34' title="bbox 520 1597 3675 1672">
    <p class='ocr_par' dir='ltr' id='par_1_34' title="bbox 520 1597 3675 1672">
     <span class='ocr_line' id='line_1_34' title="bbox 520 1597 3675 1672; baseline -0.001 -13"><span class='ocrx_word' id='word_1_243' title='bbox 520 1606 671 1670; x_wconf 81' lang='lat' dir='ltr'>irasci</span> <span class='ocrx_word' id='word_1_244' title='bbox 703 1606 1083 1660; x_wconf 88' lang='lat' dir='ltr'>medicamento</span> <span class='ocrx_word' id='word_1_245' title='bbox 1121 1614 1295 1661; x_wconf 87' lang='lat' dir='ltr'>vestro</span> <span class='ocrx_word' id='word_1_246' title='bbox 1320 1645 1334 1669; x_wconf 94' lang='lat'>,</span> <span class='ocrx_word' id='word_1_247' title='bbox 1377 1621 1478 1657; x_wconf 90' lang='lat' dir='ltr'>non</span> <span class='ocrx_word' id='word_1_248' title='bbox 1518 1606 1693 1658; x_wconf 83' lang='lat' dir='ltr'>inveni</span> <span class='ocrx_word' id='word_1_249' title='bbox 1731 1606 1872 1659; x_wconf 89' lang='lat' dir='ltr'>enim</span> <span class='ocrx_word' id='word_1_250' title='bbox 1911 1605 2051 1658; x_wconf 81' lang='lat' dir='ltr'>aliud</span> <span class='ocrx_word' id='word_1_251' title='bbox 2086 1597 2125 1653; x_wconf 79' lang='grc' dir='ltr'><strong>Β</strong></span> <span class='ocrx_word' id='word_1_252' title='bbox 2156 1600 2445 1667; x_wconf 87' lang='lat' dir='ltr'>impudicos</span> <span class='ocrx_word' id='word_1_253' title='bbox 2471 1602 2748 1655; x_wconf 84' lang='lat' dir='ltr'>conﬂictus</span> <span class='ocrx_word' id='word_1_254' title='bbox 2778 1604 2891 1669; x_wconf 87' lang='lat' dir='ltr'>ipse</span> <span class='ocrx_word' id='word_1_255' title='bbox 2918 1602 3205 1656; x_wconf 76' lang='lat' dir='ltr'>convicerit</span> <span class='ocrx_word' id='word_1_256' title='bbox 3237 1620 3250 1655; x_wconf 90' lang='lat'>:</span> <span class='ocrx_word' id='word_1_257' title='bbox 3276 1620 3393 1657; x_wconf 89' lang='lat' dir='ltr'>nam</span> <span class='ocrx_word' id='word_1_258' title='bbox 3419 1606 3675 1672; x_wconf 76' lang='lat' dir='ltr'>supradicti</span> 
     </span>
    </p>
   </div>
   <div class='ocr_carea' id='block_1_35' title="bbox 518 1694 2056 1763">
    <p class='ocr_par' dir='ltr' id='par_1_35' title="bbox 518 1694 2056 1763">
     <span class='ocr_line' id='line_1_35' title="bbox 518 1694 2056 1763; baseline -0.001 -16"><span class='ocrx_word' id='word_1_259' title='bbox 518 1711 616 1763; x_wconf 89' lang='lat' dir='ltr'>qua</span> <span class='ocrx_word' id='word_1_260' title='bbox 651 1696 950 1751; x_wconf 84' lang='lat' dir='ltr'>transirem.</span> <span class='ocrx_word' id='word_1_261' title='bbox 988 1696 1113 1749; x_wconf 85' lang='lat' dir='ltr'>Veni</span> <span class='ocrx_word' id='word_1_262' title='bbox 1134 1695 1206 1749; x_wconf 85' lang='lat' dir='ltr'>ad</span> <span class='ocrx_word' id='word_1_263' title='bbox 1244 1695 1479 1763; x_wconf 86' lang='lat' dir='ltr'>quintam</span> <span class='ocrx_word' id='word_1_264' title='bbox 1505 1694 1760 1747; x_wconf 87' lang='lat' dir='ltr'>cbordam</span> <span class='ocrx_word' id='word_1_265' title='bbox 1786 1694 1942 1747; x_wconf 86' lang='lat' dir='ltr'>homo</span> <span class='ocrx_word' id='word_1_266' title='bbox 1964 1694 2056 1761; x_wconf 87' lang='lat' dir='ltr'>qui</span> 
     </span>
    </p>
   </div>
   <div class='ocr_carea' id='block_1_36' title="bbox 519 1784 2056 1855">
    <p class='ocr_par' dir='ltr' id='par_1_36' title="bbox 519 1784 2056 1855">
     <span class='ocr_line' id='line_1_36' title="bbox 519 1784 2056 1855; baseline 0.002 -20"><span class='ocrx_word' id='word_1_267' title='bbox 519 1795 675 1855; x_wconf 73' lang='lat' dir='ltr'>tango</span> <span class='ocrx_word' id='word_1_268' title='bbox 706 1786 1002 1853; x_wconf 84' lang='lat' dir='ltr'>psalterium</span> <span class='ocrx_word' id='word_1_269' title='bbox 1035 1785 1213 1839; x_wconf 88' lang='lat' dir='ltr'>decem</span> <span class='ocrx_word' id='word_1_270' title='bbox 1244 1785 1553 1837; x_wconf 84' lang='lat' dir='ltr'>chordarum</span> <span class='ocrx_word' id='word_1_271' title='bbox 1576 1824 1592 1847; x_wconf 94' lang='lat'>,</span> <span class='ocrx_word' id='word_1_272' title='bbox 1636 1784 1867 1853; x_wconf 89' lang='lat' dir='ltr'>nunquid</span> <span class='ocrx_word' id='word_1_273' title='bbox 1915 1800 2056 1853; x_wconf 72' lang='lat' dir='ltr'>pra:-</span> 
     </span>
    </p>
   </div>
   <div class='ocr_carea' id='block_1_37' title="bbox 522 1874 2057 1941">
    <p class='ocr_par' dir='ltr' id='par_1_37' title="bbox 522 1874 2057 1941">
     <span class='ocr_line' id='line_1_37' title="bbox 522 1874 2057 1941; baseline 0.004 -16"><span class='ocrx_word' id='word_1_274' title='bbox 522 1874 855 1927; x_wconf 67' lang='lat' dir='ltr'>tvrtnissurus</span> <span class='ocrx_word' id='word_1_275' title='bbox 877 1889 1017 1925; x_wconf 76' lang='lat' dir='ltr'>ctam</span> <span class='ocrx_word' id='word_1_276' title='bbox 1041 1875 1270 1941; x_wconf 87' lang='lat' dir='ltr'>quintam</span> <span class='ocrx_word' id='word_1_277' title='bbox 1290 1875 1312 1926; x_wconf 87' lang='lat'><strong>?</strong></span> <span class='ocrx_word' id='word_1_278' title='bbox 1331 1876 1431 1927; x_wconf 91' lang='lat' dir='ltr'>imo</span> <span class='ocrx_word' id='word_1_279' title='bbox 1454 1874 1663 1927; x_wconf 81' lang='lat' dir='ltr'>assidue</span> <span class='ocrx_word' id='word_1_280' title='bbox 1686 1889 2057 1941; x_wconf 84' lang='lat' dir='ltr'>percussurus.</span> 
     </span>
    </p>
   </div>
   <div class='ocr_carea' id='block_1_38' title="bbox 523 1962 2058 2031">
    <p class='ocr_par' dir='ltr' id='par_1_38' title="bbox 523 1962 2058 2031">
     <span class='ocr_line' id='line_1_38' title="bbox 523 1962 2058 2031; baseline 0.001 -16"><span class='ocrx_word' id='word_1_281' title='bbox 523 1964 575 2016; x_wconf 90' lang='lat' dir='ltr'>In</span> <span class='ocrx_word' id='word_1_282' title='bbox 606 1964 689 2017; x_wconf 91' lang='lat' dir='ltr'>illa</span> <span class='ocrx_word' id='word_1_283' title='bbox 728 1964 864 2017; x_wconf 89' lang='lat' dir='ltr'>enim</span> <span class='ocrx_word' id='word_1_284' title='bbox 898 1963 1045 2015; x_wconf 80' lang='lat' dir='ltr'>viden</span> <span class='ocrx_word' id='word_1_285' title='bbox 1072 1962 1249 2030; x_wconf 61' lang='lat' dir='ltr'>jacere</span> <span class='ocrx_word' id='word_1_286' title='bbox 1279 1971 1441 2014; x_wconf 87' lang='lat' dir='ltr'>totum</span> <span class='ocrx_word' id='word_1_287' title='bbox 1489 1977 1621 2029; x_wconf 86' lang='lat' dir='ltr'>pene</span> <span class='ocrx_word' id='word_1_288' title='bbox 1662 1977 1825 2031; x_wconf 81' lang='lat' dir='ltr'>genus</span> <span class='ocrx_word' id='word_1_289' title='bbox 1867 1966 2058 2017; x_wconf 74' lang='lat' dir='ltr'>huma-</span> 
     </span>
    </p>
   </div>
   <div class='ocr_carea' id='block_1_39' title="bbox 521 2052 2059 2120">
    <p class='ocr_par' dir='ltr' id='par_1_39' title="bbox 521 2052 2059 2120">
     <span class='ocr_line' id='line_1_39' title="bbox 521 2052 2059 2120; baseline 0.001 -15"><span class='ocrx_word' id='word_1_290' title='bbox 521 2069 662 2117; x_wconf 90' lang='lat' dir='ltr'>num,</span> <span class='ocrx_word' id='word_1_291' title='bbox 691 2054 740 2105; x_wconf 90' lang='lat' dir='ltr'>in</span> <span class='ocrx_word' id='word_1_292' title='bbox 766 2053 850 2106; x_wconf 89' lang='lat' dir='ltr'>illa</span> <span class='ocrx_word' id='word_1_293' title='bbox 878 2053 1031 2105; x_wconf 87' lang='lat' dir='ltr'>video</span> <span class='ocrx_word' id='word_1_294' title='bbox 1060 2054 1174 2120; x_wconf 88' lang='lat' dir='ltr'>plus</span> <span class='ocrx_word' id='word_1_295' title='bbox 1205 2053 1463 2107; x_wconf 87' lang='lat' dir='ltr'>laborare.</span> <span class='ocrx_word' id='word_1_296' title='bbox 1490 2052 1657 2117; x_wconf 82' lang='lat' dir='ltr'>Ipsam</span> <span class='ocrx_word' id='word_1_297' title='bbox 1691 2054 2059 2119; x_wconf 85' lang='lat' dir='ltr'>percutiendo—</span> 
     </span>
    </p>
   </div>
   <div class='ocr_carea' id='block_1_40' title="bbox 521 2140 2061 2210">
    <p class='ocr_par' dir='ltr' id='par_1_40' title="bbox 521 2140 2061 2210">
     <span class='ocr_line' id='line_1_40' title="bbox 521 2140 2061 2210; baseline 0.004 -21"><span class='ocrx_word' id='word_1_298' title='bbox 521 2142 641 2206; x_wconf 84' lang='lat' dir='ltr'>quid</span> <span class='ocrx_word' id='word_1_299' title='bbox 673 2140 827 2193; x_wconf 90' lang='lat' dir='ltr'>dico?</span> <span class='ocrx_word' id='word_1_300' title='bbox 852 2140 1021 2194; x_wconf 90' lang='lat' dir='ltr'>Nolite</span> <span class='ocrx_word' id='word_1_301' title='bbox 1045 2141 1294 2194; x_wconf 69' lang='lat' dir='ltr'>mmehari</span> <span class='ocrx_word' id='word_1_302' title='bbox 1321 2150 1436 2207; x_wconf 85' lang='lat' dir='ltr'>poSl.</span> <span class='ocrx_word' id='word_1_303' title='bbox 1468 2156 1663 2194; x_wconf 78' lang='lat' dir='ltr'>uxores</span> <span class='ocrx_word' id='word_1_304' title='bbox 1693 2151 1915 2203; x_wconf 85' lang='lat' dir='ltr'>vestras,</span> <span class='ocrx_word' id='word_1_305' title='bbox 1938 2142 2061 2210; x_wconf 86' lang='lat' dir='ltr'>quia</span> 
     </span>
    </p>
   </div>
   <div class='ocr_carea' id='block_1_41' title="bbox 519 2229 2061 2298">
    <p class='ocr_par' dir='ltr' id='par_1_41' title="bbox 519 2229 2061 2298">
     <span class='ocr_line' id='line_1_41' title="bbox 519 2229 2061 2298; baseline 0.003 -18"><span class='ocrx_word' id='word_1_306' title='bbox 519 2244 620 2280; x_wconf 88' lang='lat' dir='ltr'>non</span> <span class='ocrx_word' id='word_1_307' title='bbox 667 2229 821 2285; x_wconf 85' lang='lat' dir='ltr'>vultis</span> <span class='ocrx_word' id='word_1_308' title='bbox 860 2238 917 2282; x_wconf 91' lang='lat' dir='ltr'>ut</span> <span class='ocrx_word' id='word_1_309' title='bbox 946 2232 1275 2283; x_wconf 71' lang='lat' dir='ltr'>mtecbentur</span> <span class='ocrx_word' id='word_1_310' title='bbox 1320 2236 1435 2298; x_wconf 83' lang='lat' dir='ltr'>post</span> <span class='ocrx_word' id='word_1_311' title='bbox 1473 2245 1566 2284; x_wconf 86' lang='lat' dir='ltr'>vos</span> <span class='ocrx_word' id='word_1_312' title='bbox 1605 2244 1798 2283; x_wconf 80' lang='lat' dir='ltr'>uxores</span> <span class='ocrx_word' id='word_1_313' title='bbox 1843 2241 2061 2285; x_wconf 69' lang='lat' dir='ltr'>vestrm.</span> 
     </span>
    </p>
   </div>
   <div class='ocr_carea' id='block_1_42' title="bbox 520 2318 2061 2390">
    <p class='ocr_par' dir='ltr' id='par_1_42' title="bbox 520 2318 2061 2390">
     <span class='ocr_line' id='line_1_42' title="bbox 520 2318 2061 2390; baseline 0.01 -26"><span class='ocrx_word' id='word_1_314' title='bbox 520 2318 685 2372; x_wconf 80' lang='lat' dir='ltr'>Nulite</span> <span class='ocrx_word' id='word_1_315' title='bbox 719 2320 794 2374; x_wconf 90' lang='lat' dir='ltr'>ire</span> <span class='ocrx_word' id='word_1_316' title='bbox 837 2335 928 2373; x_wconf 83' lang='lat' dir='ltr'>vos</span> <span class='ocrx_word' id='word_1_317' title='bbox 955 2336 1057 2389; x_wconf 86' lang='lat' dir='ltr'>quo</span> <span class='ocrx_word' id='word_1_318' title='bbox 1102 2336 1192 2374; x_wconf 90' lang='lat' dir='ltr'>eas</span> <span class='ocrx_word' id='word_1_319' title='bbox 1222 2324 1367 2390; x_wconf 83' lang='lat' dir='ltr'>sequi</span> <span class='ocrx_word' id='word_1_320' title='bbox 1404 2338 1506 2374; x_wconf 88' lang='lat' dir='ltr'>non</span> <span class='ocrx_word' id='word_1_321' title='bbox 1538 2322 1732 2387; x_wconf 82' lang='lat' dir='ltr'>vultis;</span> <span class='ocrx_word' id='word_1_322' title='bbox 1761 2325 1877 2382; x_wconf 84' lang='lat' dir='ltr'>sine</span> <span class='ocrx_word' id='word_1_323' title='bbox 1901 2339 2061 2380; x_wconf 84' lang='lat' dir='ltr'>causa</span> 
     </span>
    </p>
   </div>
   <div class='ocr_carea' id='block_1_43' title="bbox 520 2409 2085 2479">
    <p class='ocr_par' dir='ltr' id='par_1_43' title="bbox 520 2409 2085 2479">
     <span class='ocr_line' id='line_1_43' title="bbox 520 2409 2085 2479; baseline 0.008 -24"><span class='ocrx_word' id='word_1_324' title='bbox 520 2422 609 2459; x_wconf 84' lang='lat' dir='ltr'>vos</span> <span class='ocrx_word' id='word_1_325' title='bbox 646 2423 897 2461; x_wconf 70' lang='lat' dir='ltr'>excursare</span> <span class='ocrx_word' id='word_1_326' title='bbox 942 2409 1208 2461; x_wconf 86' lang='lat' dir='ltr'>conamini</span> <span class='ocrx_word' id='word_1_327' title='bbox 1230 2409 1437 2475; x_wconf 81' lang='lat' dir='ltr'>quando</span> <span class='ocrx_word' id='word_1_328' title='bbox 1482 2410 1547 2463; x_wconf 49' lang='lat' dir='ltr'>dit</span> <span class='ocrx_word' id='word_1_329' title='bbox 1570 2410 1687 2463; x_wconf 88' lang='lat' dir='ltr'>itis:</span> <span class='ocrx_word' id='word_1_330' title='bbox 1720 2412 1963 2479; x_wconf 85' lang='lat' dir='ltr'>Nunquid</span> <span class='ocrx_word' id='word_1_331' title='bbox 1994 2415 2085 2467; x_wconf 59' lang='lat' dir='ltr'>eo’</span> 
     </span>
    </p>
   </div>
   <div class='ocr_carea' id='block_1_44' title="bbox 519 2497 2061 2560">
    <p class='ocr_par' dir='ltr' id='par_1_44' title="bbox 519 2497 2061 2560">
     <span class='ocr_line' id='line_1_44' title="bbox 519 2497 2061 2560; baseline 0.008 -15"><span class='ocrx_word' id='word_1_332' title='bbox 519 2497 581 2548; x_wconf 86' lang='lat' dir='ltr'>ad</span> <span class='ocrx_word' id='word_1_333' title='bbox 625 2513 839 2551; x_wconf 74' lang='lat' dir='ltr'>uxorem</span> <span class='ocrx_word' id='word_1_334' title='bbox 884 2498 1106 2551; x_wconf 90' lang='lat' dir='ltr'>alienam</span> <span class='ocrx_word' id='word_1_335' title='bbox 1132 2538 1145 2560; x_wconf 94' lang='lat'>,</span> <span class='ocrx_word' id='word_1_336' title='bbox 1176 2498 1239 2551; x_wconf 88' lang='lat' dir='ltr'>ad</span> <span class='ocrx_word' id='word_1_337' title='bbox 1274 2499 1521 2553; x_wconf 86' lang='lat' dir='ltr'>ancillam</span> <span class='ocrx_word' id='word_1_338' title='bbox 1566 2516 1736 2554; x_wconf 88' lang='lat' dir='ltr'>meam</span> <span class='ocrx_word' id='word_1_339' title='bbox 1767 2503 1863 2555; x_wconf 75' lang='lat' dir='ltr'>eo?</span> <span class='ocrx_word' id='word_1_340' title='bbox 1893 2502 1973 2555; x_wconf 86' lang='lat' dir='ltr'>vis</span> <span class='ocrx_word' id='word_1_341' title='bbox 2002 2512 2061 2558; x_wconf 84' lang='lat' dir='ltr'>ut</span> 
     </span>
    </p>
   </div>
   <div class='ocr_carea' id='block_1_45' title="bbox 520 2590 2061 2662">
    <p class='ocr_par' dir='ltr' id='par_1_45' title="bbox 520 2590 2061 2662">
     <span class='ocr_line' id='line_1_45' title="bbox 520 2590 2061 2662; baseline 0.01 -25"><span class='ocrx_word' id='word_1_342' title='bbox 520 2590 655 2641; x_wconf 82' lang='lat' dir='ltr'>dicat</span> <span class='ocrx_word' id='word_1_343' title='bbox 685 2590 762 2662; x_wconf 86' lang='lat' dir='ltr'>[ut</span> <span class='ocrx_word' id='word_1_344' title='bbox 789 2590 927 2643; x_wconf 61' lang='lat' dir='ltr'>dicat</span> <span class='ocrx_word' id='word_1_345' title='bbox 951 2591 1102 2661; x_wconf 75' lang='lat' dir='ltr'>uxor]</span> <span class='ocrx_word' id='word_1_346' title='bbox 1130 2592 1256 2646; x_wconf 90' lang='lat' dir='ltr'>tibi:</span> <span class='ocrx_word' id='word_1_347' title='bbox 1284 2592 1523 2661; x_wconf 84' lang='lat' dir='ltr'>Nunquid</span> <span class='ocrx_word' id='word_1_348' title='bbox 1552 2610 1615 2648; x_wconf 90' lang='lat' dir='ltr'>eo</span> <span class='ocrx_word' id='word_1_349' title='bbox 1636 2596 1701 2648; x_wconf 90' lang='lat' dir='ltr'>ad</span> <span class='ocrx_word' id='word_1_350' title='bbox 1733 2597 1903 2650; x_wconf 84' lang='lat' dir='ltr'>virum</span> <span class='ocrx_word' id='word_1_351' title='bbox 1930 2598 2061 2652; x_wconf 81' lang='lat' dir='ltr'>alie-</span> 
     </span>
    </p>
   </div>
   <div class='ocr_carea' id='block_1_46' title="bbox 524 2680 2061 2749">
    <p class='ocr_par' dir='ltr' id='par_1_46' title="bbox 524 2680 2061 2749">
     <span class='ocr_line' id='line_1_46' title="bbox 524 2680 2061 2749; baseline 0.007 -20"><span class='ocrx_word' id='word_1_352' title='bbox 524 2696 666 2741; x_wconf 89' lang='lat' dir='ltr'>num,</span> <span class='ocrx_word' id='word_1_353' title='bbox 690 2680 752 2731; x_wconf 88' lang='lat' dir='ltr'>ad</span> <span class='ocrx_word' id='word_1_354' title='bbox 780 2694 983 2734; x_wconf 87' lang='lat' dir='ltr'>servum</span> <span class='ocrx_word' id='word_1_355' title='bbox 1007 2695 1177 2734; x_wconf 89' lang='lat' dir='ltr'>meum</span> <span class='ocrx_word' id='word_1_356' title='bbox 1200 2681 1295 2734; x_wconf 74' lang='lat' dir='ltr'>eo?</span> <span class='ocrx_word' id='word_1_357' title='bbox 1321 2680 1480 2749; x_wconf 78' lang='lat' dir='ltr'>Dicis,</span> <span class='ocrx_word' id='word_1_358' title='bbox 1503 2683 1612 2736; x_wconf 86' lang='lat' dir='ltr'>Non</span> <span class='ocrx_word' id='word_1_359' title='bbox 1635 2694 1713 2738; x_wconf 86' lang='lat' dir='ltr'>est</span> <span class='ocrx_word' id='word_1_360' title='bbox 1736 2700 1867 2737; x_wconf 74' lang='lat' dir='ltr'>uxor</span> <span class='ocrx_word' id='word_1_361' title='bbox 1888 2688 2061 2740; x_wconf 82' lang='lat' dir='ltr'>aliena</span> 
     </span>
    </p>
   </div>
   <div class='ocr_carea' id='block_1_47' title="bbox 522 2772 2062 2841">
    <p class='ocr_par' dir='ltr' id='par_1_47' title="bbox 522 2772 2062 2841">
     <span class='ocr_line' id='line_1_47' title="bbox 522 2772 2062 2841; baseline 0.006 -18"><span class='ocrx_word' id='word_1_362' title='bbox 522 2772 583 2823; x_wconf 82' lang='lat' dir='ltr'>ad</span> <span class='ocrx_word' id='word_1_363' title='bbox 614 2786 766 2839; x_wconf 89' lang='lat' dir='ltr'>quam</span> <span class='ocrx_word' id='word_1_364' title='bbox 797 2773 949 2840; x_wconf 82' lang='lat' dir='ltr'>vado,</span> <span class='ocrx_word' id='word_1_365' title='bbox 982 2774 1211 2841; x_wconf 88' lang='lat' dir='ltr'>nunquid</span> <span class='ocrx_word' id='word_1_366' title='bbox 1241 2773 1320 2828; x_wconf 87' lang='lat' dir='ltr'>vis</span> <span class='ocrx_word' id='word_1_367' title='bbox 1361 2776 1567 2829; x_wconf 88' lang='lat' dir='ltr'>dicatur</span> <span class='ocrx_word' id='word_1_368' title='bbox 1596 2778 1707 2841; x_wconf 88' lang='lat' dir='ltr'>tibi,</span> <span class='ocrx_word' id='word_1_369' title='bbox 1732 2778 1843 2831; x_wconf 83' lang='lat' dir='ltr'>Non</span> <span class='ocrx_word' id='word_1_370' title='bbox 1870 2789 1951 2833; x_wconf 90' lang='lat' dir='ltr'>est</span> <span class='ocrx_word' id='word_1_371' title='bbox 1980 2780 2062 2833; x_wconf 88' lang='lat' dir='ltr'>vir</span> 
     </span>
    </p>
   </div>
   <div class='ocr_carea' id='block_1_48' title="bbox 520 2860 2061 2933">
    <p class='ocr_par' dir='ltr' id='par_1_48' title="bbox 520 2860 2061 2933">
     <span class='ocr_line' id='line_1_48' title="bbox 520 2860 2061 2933; baseline 0.008 -22"><span class='ocrx_word' id='word_1_372' title='bbox 520 2860 717 2915; x_wconf 80' lang='lat' dir='ltr'>alienus</span> <span class='ocrx_word' id='word_1_373' title='bbox 739 2862 803 2914; x_wconf 91' lang='lat' dir='ltr'>ad</span> <span class='ocrx_word' id='word_1_374' title='bbox 826 2876 977 2930; x_wconf 91' lang='lat' dir='ltr'>quem</span> <span class='ocrx_word' id='word_1_375' title='bbox 1009 2863 1175 2916; x_wconf 69' lang='lat' dir='ltr'>vado!</span> <span class='ocrx_word' id='word_1_376' title='bbox 1199 2864 1338 2918; x_wconf 74' lang='lat' dir='ltr'>absit</span> <span class='ocrx_word' id='word_1_377' title='bbox 1370 2874 1424 2918; x_wconf 91' lang='lat' dir='ltr'>ut</span> <span class='ocrx_word' id='word_1_378' title='bbox 1446 2867 1586 2919; x_wconf 80' lang='lat' dir='ltr'>dicat</span> <span class='ocrx_word' id='word_1_379' title='bbox 1611 2868 1709 2922; x_wconf 87' lang='lat' dir='ltr'>hoc</span> <span class='ocrx_word' id='word_1_380' title='bbox 1736 2869 1842 2933; x_wconf 91' lang='lat' dir='ltr'>illa,</span> <span class='ocrx_word' id='word_1_381' title='bbox 1870 2872 2061 2923; x_wconf 85' lang='lat' dir='ltr'>melius</span> 
     </span>
    </p>
   </div>
   <div class='ocr_carea' id='block_1_49' title="bbox 2159 1691 3675 1761">
    <p class='ocr_par' dir='ltr' id='par_1_49' title="bbox 2159 1691 3675 1761">
     <span class='ocr_line' id='line_1_49' title="bbox 2159 1691 3675 1761; baseline -0.001 -15"><span class='ocrx_word' id='word_1_382' title='bbox 2159 1694 2491 1760; x_wconf 83' lang='lat' dir='ltr'>imperatoris</span> <span class='ocrx_word' id='word_1_383' title='bbox 2525 1691 2637 1745; x_wconf 77' lang='lat' dir='ltr'>haec</span> <span class='ocrx_word' id='word_1_384' title='bbox 2671 1692 2828 1745; x_wconf 87' lang='lat' dir='ltr'>verba</span> <span class='ocrx_word' id='word_1_385' title='bbox 2853 1702 2975 1745; x_wconf 88' lang='lat' dir='ltr'>sunt</span> <span class='ocrx_word' id='word_1_386' title='bbox 3003 1708 3119 1759; x_wconf 63' lang='lat' dir='ltr'>qua:</span> <span class='ocrx_word' id='word_1_387' title='bbox 3148 1693 3285 1760; x_wconf 88' lang='lat' dir='ltr'>apud</span> <span class='ocrx_word' id='word_1_388' title='bbox 3324 1693 3675 1761; x_wconf 72' lang='lat' dir='ltr'>Cregorianusu</span> 
     </span>
    </p>
   </div>
   <div class='ocr_carea' id='block_1_50' title="bbox 2158 1779 3678 1850">
    <p class='ocr_par' dir='ltr' id='par_1_50' title="bbox 2158 1779 3678 1850">
     <span class='ocr_line' id='line_1_50' title="bbox 2158 1779 3678 1850; baseline 0.001 -16"><span class='ocrx_word' id='word_1_389' title='bbox 2158 1782 2401 1849; x_wconf 79' lang='lat' dir='ltr'>leguntur</span> <span class='ocrx_word' id='word_1_390' title='bbox 2424 1799 2437 1834; x_wconf 88' lang='lat'><strong>:</strong></span> <span class='ocrx_word' id='word_1_391' title='bbox 2466 1779 2625 1843; x_wconf 83' lang='lat' dir='ltr'>Sane,</span> <span class='ocrx_word' id='word_1_392' title='bbox 2656 1780 2852 1849; x_wconf 82' lang='lat' dir='ltr'>inquit,</span> <span class='ocrx_word' id='word_1_393' title='bbox 2877 1782 3068 1834; x_wconf 63' lang='lat' dir='ltr'>litteras</span> <span class='ocrx_word' id='word_1_394' title='bbox 3095 1796 3224 1835; x_wconf 68' lang='lat' dir='ltr'>mea:</span> <span class='ocrx_word' id='word_1_395' title='bbox 3250 1783 3389 1836; x_wconf 89' lang='lat' dir='ltr'>nulla</span> <span class='ocrx_word' id='word_1_396' title='bbox 3421 1794 3555 1850; x_wconf 83' lang='lat' dir='ltr'>parte</span> <span class='ocrx_word' id='word_1_397' title='bbox 3579 1798 3678 1835; x_wconf 80' lang='lat' dir='ltr'>cau-</span> 
     </span>
    </p>
   </div>
   <div class='ocr_carea' id='block_1_51' title="bbox 2157 1868 3677 1940">
    <p class='ocr_par' dir='ltr' id='par_1_51' title="bbox 2157 1868 3677 1940">
     <span class='ocr_line' id='line_1_51' title="bbox 2157 1868 3677 1940; baseline 0.001 -19"><span class='ocrx_word' id='word_1_398' title='bbox 2157 1887 2229 1923; x_wconf 69' lang='lat' dir='ltr'>sae</span> <span class='ocrx_word' id='word_1_399' title='bbox 2257 1868 2702 1938; x_wconf 53' lang='lat' dir='ltr'>prejudicabunt,</span> <span class='ocrx_word' id='word_1_400' title='bbox 2728 1884 2899 1937; x_wconf 81' lang='lat' dir='ltr'>neque</span> <span class='ocrx_word' id='word_1_401' title='bbox 2924 1870 3066 1923; x_wconf 89' lang='lat' dir='ltr'>enim</span> <span class='ocrx_word' id='word_1_402' title='bbox 3091 1870 3137 1922; x_wconf 86' lang='lat' dir='ltr'>si</span> <span class='ocrx_word' id='word_1_403' title='bbox 3169 1885 3334 1937; x_wconf 84' lang='lat' dir='ltr'>penes</span> <span class='ocrx_word' id='word_1_404' title='bbox 3356 1882 3406 1925; x_wconf 88' lang='lat' dir='ltr'>te</span> <span class='ocrx_word' id='word_1_405' title='bbox 3426 1873 3565 1940; x_wconf 78' lang='lat' dir='ltr'>culpa</span> <span class='ocrx_word' id='word_1_406' title='bbox 3595 1874 3677 1925; x_wconf 88' lang='lat' dir='ltr'>lsit</span> 
     </span>
    </p>
   </div>
   <div class='ocr_carea' id='block_1_52' title="bbox 2158 1962 3679 2032">
    <p class='ocr_par' dir='ltr' id='par_1_52' title="bbox 2158 1962 3679 2032">
     <span class='ocr_line' id='line_1_52' title="bbox 2158 1962 3679 2032; baseline 0.001 -16"><span class='ocrx_word' id='word_1_407' title='bbox 2158 1972 2216 2016; x_wconf 88' lang='lat' dir='ltr'>ut</span> <span class='ocrx_word' id='word_1_408' title='bbox 2248 1962 2636 2016; x_wconf 74' lang='lat' dir='ltr'>matrimonium</span> <span class='ocrx_word' id='word_1_409' title='bbox 2668 1962 2991 2020; x_wconf 75' lang='lat' dir='ltr'>Solveretur.</span> <span class='ocrx_word' id='word_1_410' title='bbox 3018 1971 3071 2015; x_wconf 88' lang='lat' dir='ltr'>et</span> <span class='ocrx_word' id='word_1_411' title='bbox 3102 1962 3391 2016; x_wconf 80' lang='lat' dir='ltr'>secundum</span> <span class='ocrx_word' id='word_1_412' title='bbox 3420 1964 3571 2032; x_wconf 68' lang='lat' dir='ltr'>legem</span> <span class='ocrx_word' id='word_1_413' title='bbox 3599 1964 3679 2017; x_wconf 75' lang='lat' dir='ltr'>Ju-</span> 
     </span>
    </p>
   </div>
   <div class='ocr_carea' id='block_1_53' title="bbox 2160 2052 3677 2122">
    <p class='ocr_par' dir='ltr' id='par_1_53' title="bbox 2160 2052 3677 2122">
     <span class='ocr_line' id='line_1_53' title="bbox 2160 2052 3677 2122; baseline 0.002 -16"><span class='ocrx_word' id='word_1_414' title='bbox 2160 2053 2279 2106; x_wconf 89' lang='lat' dir='ltr'>liam</span> <span class='ocrx_word' id='word_1_415' title='bbox 2306 2052 2527 2117; x_wconf 87' lang='lat' dir='ltr'>Eupasia</span> <span class='ocrx_word' id='word_1_416' title='bbox 2550 2061 2793 2105; x_wconf 72' lang='lat' dir='ltr'>uxor-tua</span> <span class='ocrx_word' id='word_1_417' title='bbox 2823 2052 3063 2114; x_wconf 79' lang='lat' dir='ltr'>nuberet,</span> <span class='ocrx_word' id='word_1_418' title='bbox 3091 2058 3304 2121; x_wconf 84' lang='lat' dir='ltr'>propter</span> <span class='ocrx_word' id='word_1_419' title='bbox 3326 2054 3424 2108; x_wconf 87' lang='lat' dir='ltr'>hoc</span> <span class='ocrx_word' id='word_1_420' title='bbox 3451 2056 3677 2122; x_wconf 74' lang='lat' dir='ltr'>rescripto</span> 
     </span>
    </p>
   </div>
   <div class='ocr_carea' id='block_1_54' title="bbox 2160 2138 3673 2201">
    <p class='ocr_par' dir='ltr' id='par_1_54' title="bbox 2160 2138 3673 2201">
     <span class='ocr_line' id='line_1_54' title="bbox 2160 2138 3673 2201; baseline -0.001 -6"><span class='ocrx_word' id='word_1_421' title='bbox 2160 2156 2277 2195; x_wconf 88' lang='lat' dir='ltr'>meo</span> <span class='ocrx_word' id='word_1_422' title='bbox 2302 2140 2543 2193; x_wconf 88' lang='lat' dir='ltr'>adulterii</span> <span class='ocrx_word' id='word_1_423' title='bbox 2571 2140 2815 2193; x_wconf 85' lang='lat' dir='ltr'>damnata</span> <span class='ocrx_word' id='word_1_424' title='bbox 2846 2138 2946 2193; x_wconf 89' lang='lat' dir='ltr'>erit</span> <span class='ocrx_word' id='word_1_425' title='bbox 2966 2179 2981 2201; x_wconf 91' lang='lat'>,</span> <span class='ocrx_word' id='word_1_426' title='bbox 3030 2139 3126 2191; x_wconf 88' lang='lat' dir='ltr'>nisi</span> <span class='ocrx_word' id='word_1_427' title='bbox 3167 2150 3377 2195; x_wconf 76' lang='lat' dir='ltr'>constet</span> <span class='ocrx_word' id='word_1_428' title='bbox 3409 2156 3518 2199; x_wconf 82' lang='lat' dir='ltr'>esse</span> <span class='ocrx_word' id='word_1_429' title='bbox 3542 2157 3673 2195; x_wconf 77' lang='lat' dir='ltr'>cotu-</span> 
     </span>
    </p>
   </div>
   <div class='ocr_carea' id='block_1_55' title="bbox 2160 2230 3673 2302">
    <p class='ocr_par' dir='ltr' id='par_1_55' title="bbox 2160 2230 3673 2302">
     <span class='ocr_line' id='line_1_55' title="bbox 2160 2230 3673 2302; baseline 0 -18"><span class='ocrx_word' id='word_1_430' title='bbox 2160 2234 2399 2285; x_wconf 88' lang='lat' dir='ltr'>missum.</span> <span class='ocrx_word' id='word_1_431' title='bbox 2424 2230 2705 2287; x_wconf 87' lang='lat' dir='ltr'>llabcbunt</span> <span class='ocrx_word' id='word_1_432' title='bbox 2729 2241 2905 2283; x_wconf 78' lang='lat' dir='ltr'>autem</span> <span class='ocrx_word' id='word_1_433' title='bbox 2932 2238 3051 2283; x_wconf 86' lang='lat' dir='ltr'>ante</span> <span class='ocrx_word' id='word_1_434' title='bbox 3076 2231 3258 2284; x_wconf 89' lang='lat' dir='ltr'>oculos</span> <span class='ocrx_word' id='word_1_435' title='bbox 3279 2231 3379 2286; x_wconf 85' lang='lat' dir='ltr'>hoc</span> <span class='ocrx_word' id='word_1_436' title='bbox 3402 2233 3673 2302; x_wconf 65' lang='lat' dir='ltr'>inquirere:</span> 
     </span>
    </p>
   </div>
   <div class='ocr_carea' id='block_1_56' title="bbox 2159 2319 3677 2391">
    <p class='ocr_par' dir='ltr' id='par_1_56' title="bbox 2159 2319 3677 2391">
     <span class='ocr_line' id='line_1_56' title="bbox 2159 2319 3677 2391; baseline 0.003 -16"><span class='ocrx_word' id='word_1_437' title='bbox 2159 2337 2224 2375; x_wconf 92' lang='lat' dir='ltr'>an</span> <span class='ocrx_word' id='word_1_438' title='bbox 2248 2338 2367 2374; x_wconf 89' lang='lat' dir='ltr'>cum</span> <span class='ocrx_word' id='word_1_439' title='bbox 2398 2332 2451 2376; x_wconf 91' lang='lat' dir='ltr'>tu</span> <span class='ocrx_word' id='word_1_440' title='bbox 2502 2320 2691 2388; x_wconf 62' lang='lat' dir='ltr'>pudice</span> <span class='ocrx_word' id='word_1_441' title='bbox 2732 2319 2971 2383; x_wconf 80' lang='lat' dir='ltr'>viveres,</span> <span class='ocrx_word' id='word_1_442' title='bbox 2999 2320 3071 2374; x_wconf 87' lang='lat' dir='ltr'>illi</span> <span class='ocrx_word' id='word_1_443' title='bbox 3111 2338 3321 2391; x_wconf 85' lang='lat' dir='ltr'>quoque</span> <span class='ocrx_word' id='word_1_444' title='bbox 3350 2326 3677 2380; x_wconf 74' lang='lat' dir='ltr'>buxtosmnres</span> 
     </span>
    </p>
   </div>
   <div class='ocr_carea' id='block_1_57' title="bbox 2159 2414 3677 2491">
    <p class='ocr_par' dir='ltr' id='par_1_57' title="bbox 2159 2414 3677 2491">
     <span class='ocr_line' id='line_1_57' title="bbox 2159 2414 3677 2491; baseline -0.002 -20"><span class='ocrx_word' id='word_1_445' title='bbox 2159 2416 2366 2471; x_wconf 81' lang='lat' dir='ltr'>colendi</span> <span class='ocrx_word' id='word_1_446' title='bbox 2392 2424 2575 2469; x_wconf 80' lang='lat' dir='ltr'>auctor</span> <span class='ocrx_word' id='word_1_447' title='bbox 2605 2414 2779 2479; x_wconf 83' lang='lat' dir='ltr'>fuisti;</span> <span class='ocrx_word' id='word_1_448' title='bbox 2812 2414 3146 2491; x_wconf 82' lang='lat' dir='ltr'>periniquum</span> <span class='ocrx_word' id='word_1_449' title='bbox 3176 2420 3316 2470; x_wconf 88' lang='lat' dir='ltr'>enim</span> <span class='ocrx_word' id='word_1_450' title='bbox 3343 2418 3468 2471; x_wconf 85' lang='lat' dir='ltr'>mihi</span> <span class='ocrx_word' id='word_1_451' title='bbox 3493 2418 3677 2471; x_wconf 77' lang='lat' dir='ltr'>videtur</span> 
     </span>
    </p>
   </div>
   <div class='ocr_carea' id='block_1_58' title="bbox 2159 2504 3689 2577">
    <p class='ocr_par' dir='ltr' id='par_1_58' title="bbox 2159 2504 3689 2577">
     <span class='ocr_line' id='line_1_58' title="bbox 2159 2504 3689 2577; baseline -0.001 -18"><span class='ocrx_word' id='word_1_452' title='bbox 2159 2520 2314 2571; x_wconf 86' lang='lat' dir='ltr'>esse,</span> <span class='ocrx_word' id='word_1_453' title='bbox 2359 2515 2415 2559; x_wconf 91' lang='lat' dir='ltr'>ut</span> <span class='ocrx_word' id='word_1_454' title='bbox 2444 2504 2748 2573; x_wconf 79' lang='lat' dir='ltr'>pudicitiam</span> <span class='ocrx_word' id='word_1_455' title='bbox 2796 2504 2878 2558; x_wconf 80' lang='lat' dir='ltr'>vir</span> <span class='ocrx_word' id='word_1_456' title='bbox 2898 2505 2968 2558; x_wconf 88' lang='lat' dir='ltr'>ab</span> <span class='ocrx_word' id='word_1_457' title='bbox 2995 2521 3159 2560; x_wconf 80' lang='lat' dir='ltr'>uxore</span> <span class='ocrx_word' id='word_1_458' title='bbox 3200 2508 3375 2577; x_wconf 68' lang='lat' dir='ltr'>exigat</span> <span class='ocrx_word' id='word_1_459' title='bbox 3410 2522 3553 2573; x_wconf 73' lang='lat' dir='ltr'>quam</span> <span class='ocrx_word' id='word_1_460' title='bbox 3582 2509 3689 2572; x_wconf 76' lang='lat' dir='ltr'>ipse</span> 
     </span>
    </p>
   </div>
   <div class='ocr_carea' id='block_1_59' title="bbox 2161 2593 3675 2662">
    <p class='ocr_par' dir='ltr' id='par_1_59' title="bbox 2161 2593 3675 2662">
     <span class='ocr_line' id='line_1_59' title="bbox 2161 2593 3675 2662; baseline 0.001 -14"><span class='ocrx_word' id='word_1_461' title='bbox 2161 2611 2263 2649; x_wconf 90' lang='lat' dir='ltr'>uon</span> <span class='ocrx_word' id='word_1_462' title='bbox 2290 2593 2522 2649; x_wconf 76' lang='lat' dir='ltr'>exhibet.</span> <span class='ocrx_word' id='word_1_463' title='bbox 2546 2594 2675 2659; x_wconf 72' lang='lat' dir='ltr'>Qua:</span> <span class='ocrx_word' id='word_1_464' title='bbox 2699 2608 2788 2647; x_wconf 86' lang='lat' dir='ltr'>res</span> <span class='ocrx_word' id='word_1_465' title='bbox 2810 2604 2982 2662; x_wconf 83' lang='lat' dir='ltr'>potest</span> <span class='ocrx_word' id='word_1_466' title='bbox 3013 2605 3065 2649; x_wconf 88' lang='lat' dir='ltr'>et</span> <span class='ocrx_word' id='word_1_467' title='bbox 3103 2598 3267 2650; x_wconf 68' lang='lat' dir='ltr'>virum</span> <span class='ocrx_word' id='word_1_468' title='bbox 3295 2598 3565 2661; x_wconf 82' lang='lat' dir='ltr'>damnare,</span> <span class='ocrx_word' id='word_1_469' title='bbox 3587 2611 3675 2649; x_wconf 82' lang='lat' dir='ltr'>nos</span> 
     </span>
    </p>
   </div>
   <div class='ocr_carea' id='block_1_60' title="bbox 2160 2672 3675 2751">
    <p class='ocr_par' dir='ltr' id='par_1_60' title="bbox 2160 2672 3675 2751">
     <span class='ocr_line' id='line_1_60' title="bbox 2160 2672 3675 2751; baseline 0.004 -16"><span class='ocrx_word' id='word_1_470' title='bbox 2160 2685 2227 2737; x_wconf 87' lang='lat' dir='ltr'>oh</span> <span class='ocrx_word' id='word_1_471' title='bbox 2256 2672 2735 2751; x_wconf 80' lang='lat' dir='ltr'>compensationem</span> <span class='ocrx_word' id='word_1_472' title='bbox 2766 2686 2931 2737; x_wconf 84' lang='lat' dir='ltr'>mutui</span> <span class='ocrx_word' id='word_1_473' title='bbox 2954 2686 3190 2739; x_wconf 81' lang='lat' dir='ltr'>criminis</span> <span class='ocrx_word' id='word_1_474' title='bbox 3219 2688 3473 2741; x_wconf 89' lang='lat' dir='ltr'>reminter</span> <span class='ocrx_word' id='word_1_475' title='bbox 3502 2697 3675 2741; x_wconf 73' lang='lat' dir='ltr'>utrun-</span> 
     </span>
    </p>
   </div>
   <div class='ocr_carea' id='block_1_61' title="bbox 2160 2773 3678 2841">
    <p class='ocr_par' dir='ltr' id='par_1_61' title="bbox 2160 2773 3678 2841">
     <span class='ocr_line' id='line_1_61' title="bbox 2160 2773 3678 2841; baseline 0.003 -19"><span class='ocrx_word' id='word_1_476' title='bbox 2160 2788 2263 2841; x_wconf 85' lang='lat' dir='ltr'>que</span> <span class='ocrx_word' id='word_1_477' title='bbox 2288 2786 2605 2838; x_wconf 83' lang='lat' dir='ltr'>compouere</span> <span class='ocrx_word' id='word_1_478' title='bbox 2635 2773 2962 2833; x_wconf 78' lang='lat' dir='ltr'>vel.causam</span> <span class='ocrx_word' id='word_1_479' title='bbox 2992 2774 3114 2828; x_wconf 80' lang='lat' dir='ltr'>facti</span> <span class='ocrx_word' id='word_1_480' title='bbox 3144 2776 3352 2829; x_wconf 82' lang='lat' dir='ltr'>tollere.</span> <span class='ocrx_word' id='word_1_481' title='bbox 3380 2776 3432 2831; x_wconf 87' lang='lat' dir='ltr'>Si</span> <span class='ocrx_word' id='word_1_482' title='bbox 3470 2776 3577 2829; x_wconf 66' lang='lat' dir='ltr'>hac</span> <span class='ocrx_word' id='word_1_483' title='bbox 3598 2775 3678 2828; x_wconf 69' lang='lat' dir='ltr'>ob-</span> 
     </span>
    </p>
   </div>
   <div class='ocr_carea' id='block_1_62' title="bbox 2161 2863 3677 2933">
    <p class='ocr_par' dir='ltr' id='par_1_62' title="bbox 2161 2863 3677 2933">
     <span class='ocr_line' id='line_1_62' title="bbox 2161 2863 3677 2933; baseline 0.002 -17"><span class='ocrx_word' id='word_1_484' title='bbox 2161 2863 2416 2917; x_wconf 81' lang='lat' dir='ltr'>servanda</span> <span class='ocrx_word' id='word_1_485' title='bbox 2433 2872 2557 2916; x_wconf 84' lang='lat' dir='ltr'>sunt</span> <span class='ocrx_word' id='word_1_486' title='bbox 2581 2873 2795 2930; x_wconf 87' lang='lat' dir='ltr'>propter</span> <span class='ocrx_word' id='word_1_487' title='bbox 2816 2863 2979 2917; x_wconf 86' lang='lat' dir='ltr'>decus</span> <span class='ocrx_word' id='word_1_488' title='bbox 2994 2872 3223 2920; x_wconf 63' lang='lat' dir='ltr'>terrenae</span> <span class='ocrx_word' id='word_1_489' title='bbox 3244 2867 3484 2930; x_wconf 77' lang='lat' dir='ltr'>civitatis,</span> <span class='ocrx_word' id='word_1_490' title='bbox 3509 2876 3677 2933; x_wconf 74' lang='lat' dir='ltr'>quanto</span> 
     </span>
    </p>
   </div>
   <div class='ocr_carea' id='block_1_63' title="bbox 521 2941 3675 3027">
    <p class='ocr_par' dir='ltr' id='par_1_63' title="bbox 521 2941 3675 3027">
     <span class='ocr_line' id='line_1_63' title="bbox 521 2941 3675 3027; baseline 0.003 -26"><span class='ocrx_word' id='word_1_491' title='bbox 521 2948 659 3002; x_wconf 91' lang='lat' dir='ltr'>enim</span> <span class='ocrx_word' id='word_1_492' title='bbox 685 2951 825 3004; x_wconf 88' lang='lat' dir='ltr'>dolet</span> <span class='ocrx_word' id='word_1_493' title='bbox 852 2963 930 3016; x_wconf 88' lang='lat' dir='ltr'>te,</span> <span class='ocrx_word' id='word_1_494' title='bbox 954 2967 1105 3021; x_wconf 85' lang='lat' dir='ltr'>quam</span> <span class='ocrx_word' id='word_1_495' title='bbox 1136 2953 1366 3007; x_wconf 88' lang='lat' dir='ltr'>imitatur</span> <span class='ocrx_word' id='word_1_496' title='bbox 1393 2955 1669 3027; x_wconf 78' lang='lat' dir='ltr'>[imitetur]</span> <span class='ocrx_word' id='word_1_497' title='bbox 1700 2970 1769 3027; x_wconf 84' lang='lat' dir='ltr'>te.</span> <span class='ocrx_word' id='word_1_498' title='bbox 1797 2959 1890 3012; x_wconf 89' lang='lat' dir='ltr'>Illa</span> <span class='ocrx_word' id='word_1_499' title='bbox 1917 2960 2059 3012; x_wconf 87' lang='lat' dir='ltr'>enim</span> <span class='ocrx_word' id='word_1_500' title='bbox 2086 2941 2134 3002; x_wconf 69' lang='grc' dir='ltr'>(ἶ</span> <span class='ocrx_word' id='word_1_501' title='bbox 2164 2956 2417 3011; x_wconf 88' lang='lat' dir='ltr'>castiores</span> <span class='ocrx_word' id='word_1_502' title='bbox 2433 2953 2617 3023; x_wconf 64' lang='lat' dir='ltr'>quaerit</span> <span class='ocrx_word' id='word_1_503' title='bbox 2634 2954 2867 3008; x_wconf 72' lang='lat' dir='ltr'>cmlestis</span> <span class='ocrx_word' id='word_1_504' title='bbox 2882 2955 3045 3022; x_wconf 85' lang='lat' dir='ltr'>patria</span> <span class='ocrx_word' id='word_1_505' title='bbox 3064 2959 3360 3011; x_wconf 80' lang='lat' dir='ltr'>etsocietas</span> <span class='ocrx_word' id='word_1_506' title='bbox 3380 2960 3675 3027; x_wconf 76' lang='lat' dir='ltr'>angetursts.</span> 
     </span>
    </p>
   </div>
   <div class='ocr_carea' id='block_1_64' title="bbox 519 3040 2064 3116">
    <p class='ocr_par' dir='ltr' id='par_1_64' title="bbox 519 3040 2064 3116">
     <span class='ocr_line' id='line_1_64' title="bbox 519 3040 2064 3116; baseline 0.01 -27"><span class='ocrx_word' id='word_1_507' title='bbox 519 3047 659 3091; x_wconf 86' lang='lat' dir='ltr'>casta</span> <span class='ocrx_word' id='word_1_508' title='bbox 682 3049 729 3095; x_wconf 85' lang='lat' dir='ltr'>et</span> <span class='ocrx_word' id='word_1_509' title='bbox 760 3047 937 3093; x_wconf 86' lang='lat' dir='ltr'>sancta</span> <span class='ocrx_word' id='word_1_510' title='bbox 965 3040 1155 3095; x_wconf 82' lang='lat' dir='ltr'>femina</span> <span class='ocrx_word' id='word_1_511' title='bbox 1186 3053 1237 3097; x_wconf 89' lang='lat' dir='ltr'>ct</span> <span class='ocrx_word' id='word_1_512' title='bbox 1266 3058 1388 3098; x_wconf 86' lang='lat' dir='ltr'>vera</span> <span class='ocrx_word' id='word_1_513' title='bbox 1413 3043 1736 3112; x_wconf 85' lang='lat' dir='ltr'>Christiana,</span> <span class='ocrx_word' id='word_1_514' title='bbox 1770 3063 1885 3116; x_wconf 64' lang='lat' dir='ltr'>qua)</span> <span class='ocrx_word' id='word_1_515' title='bbox 1916 3050 2064 3105; x_wconf 88' lang='lat' dir='ltr'>dolet</span> 
     </span>
    </p>
   </div>
   <div class='ocr_carea' id='block_1_65' title="bbox 524 3128 2062 3204">
    <p class='ocr_par' dir='ltr' id='par_1_65' title="bbox 524 3128 2062 3204">
     <span class='ocr_line' id='line_1_65' title="bbox 524 3128 2062 3204; baseline 0.011 -25"><span class='ocrx_word' id='word_1_516' title='bbox 524 3128 864 3185; x_wconf 88' lang='lat' dir='ltr'>fornicantem</span> <span class='ocrx_word' id='word_1_517' title='bbox 895 3132 1060 3185; x_wconf 88' lang='lat' dir='ltr'>virum</span> <span class='ocrx_word' id='word_1_518' title='bbox 1087 3144 1139 3186; x_wconf 90' lang='lat' dir='ltr'>et</span> <span class='ocrx_word' id='word_1_519' title='bbox 1172 3150 1271 3187; x_wconf 90' lang='lat' dir='ltr'>non</span> <span class='ocrx_word' id='word_1_520' title='bbox 1300 3136 1438 3188; x_wconf 86' lang='lat' dir='ltr'>dolet</span> <span class='ocrx_word' id='word_1_521' title='bbox 1467 3148 1678 3204; x_wconf 83' lang='lat' dir='ltr'>prepter</span> <span class='ocrx_word' id='word_1_522' title='bbox 1699 3153 1935 3203; x_wconf 87' lang='lat' dir='ltr'>carnem,</span> <span class='ocrx_word' id='word_1_523' title='bbox 1968 3141 2062 3195; x_wconf 86' lang='lat' dir='ltr'>sed</span> 
     </span>
    </p>
   </div>
   <div class='ocr_carea' id='block_1_66' title="bbox 521 3204 2067 3287">
    <p class='ocr_par' dir='ltr' id='par_1_66' title="bbox 521 3204 2067 3287">
     <span class='ocr_line' id='line_1_66' title="bbox 521 3204 2067 3287; baseline 0.008 -17"><span class='ocrx_word' id='word_1_524' title='bbox 521 3218 663 3271; x_wconf 90' lang='lat' dir='ltr'>dolet</span> <span class='ocrx_word' id='word_1_525' title='bbox 693 3230 901 3287; x_wconf 89' lang='lat' dir='ltr'>pr0pter</span> <span class='ocrx_word' id='word_1_526' title='bbox 930 3204 1260 3285; x_wconf 80' lang='lat' dir='ltr'>charitatem;</span> <span class='ocrx_word' id='word_1_527' title='bbox 1288 3239 1392 3276; x_wconf 89' lang='lat' dir='ltr'>non</span> <span class='ocrx_word' id='word_1_528' title='bbox 1416 3226 1531 3277; x_wconf 89' lang='lat' dir='ltr'>ideo</span> <span class='ocrx_word' id='word_1_529' title='bbox 1562 3242 1665 3279; x_wconf 69' lang='lat' dir='ltr'>nun</span> <span class='ocrx_word' id='word_1_530' title='bbox 1687 3228 1796 3281; x_wconf 82' lang='lat' dir='ltr'>vult</span> <span class='ocrx_word' id='word_1_531' title='bbox 1822 3238 1878 3281; x_wconf 89' lang='lat' dir='ltr'>ut</span> <span class='ocrx_word' id='word_1_532' title='bbox 1899 3228 2067 3284; x_wconf 77' lang='lat' dir='ltr'>facias</span> 
     </span>
    </p>
   </div>
   <div class='ocr_carea' id='block_1_67' title="bbox 523 3309 2061 3388">
    <p class='ocr_par' dir='ltr' id='par_1_67' title="bbox 523 3309 2061 3388">
     <span class='ocr_line' id='line_1_67' title="bbox 523 3309 2061 3388; baseline 0.01 -27"><span class='ocrx_word' id='word_1_533' title='bbox 523 3309 642 3373; x_wconf 83' lang='lat' dir='ltr'>quia</span> <span class='ocrx_word' id='word_1_534' title='bbox 670 3319 723 3363; x_wconf 89' lang='lat' dir='ltr'>et</span> <span class='ocrx_word' id='word_1_535' title='bbox 758 3311 865 3378; x_wconf 87' lang='lat' dir='ltr'>ipsa</span> <span class='ocrx_word' id='word_1_536' title='bbox 907 3327 1008 3364; x_wconf 89' lang='lat' dir='ltr'>non</span> <span class='ocrx_word' id='word_1_537' title='bbox 1060 3312 1157 3366; x_wconf 84' lang='lat' dir='ltr'>faci</span> <span class='ocrx_word' id='word_1_538' title='bbox 1185 3354 1197 3375; x_wconf 92' lang='lat'>,</span> <span class='ocrx_word' id='word_1_539' title='bbox 1225 3315 1315 3367; x_wconf 87' lang='lat' dir='ltr'>sed</span> <span class='ocrx_word' id='word_1_540' title='bbox 1365 3316 1484 3384; x_wconf 90' lang='lat' dir='ltr'>quia</span> <span class='ocrx_word' id='word_1_541' title='bbox 1538 3317 1631 3370; x_wconf 84' lang='lat' dir='ltr'>tibi</span> <span class='ocrx_word' id='word_1_542' title='bbox 1682 3334 1783 3371; x_wconf 88' lang='lat' dir='ltr'>non</span> <span class='ocrx_word' id='word_1_543' title='bbox 1828 3322 2061 3388; x_wconf 80' lang='lat' dir='ltr'>expedit.</span> 
     </span>
    </p>
   </div>
   <div class='ocr_carea' id='block_1_68' title="bbox 524 3399 2065 3474">
    <p class='ocr_par' dir='ltr' id='par_1_68' title="bbox 524 3399 2065 3474">
     <span class='ocr_line' id='line_1_68' title="bbox 524 3399 2065 3474; baseline 0.008 -21"><span class='ocrx_word' id='word_1_544' title='bbox 524 3399 651 3453; x_wconf 88' lang='lat' dir='ltr'>Nam</span> <span class='ocrx_word' id='word_1_545' title='bbox 674 3400 713 3452; x_wconf 88' lang='lat' dir='ltr'>si</span> <span class='ocrx_word' id='word_1_546' title='bbox 738 3411 1009 3471; x_wconf 89' lang='lat' dir='ltr'>propterea</span> <span class='ocrx_word' id='word_1_547' title='bbox 1036 3418 1137 3457; x_wconf 89' lang='lat' dir='ltr'>non</span> <span class='ocrx_word' id='word_1_548' title='bbox 1165 3404 1283 3459; x_wconf 82' lang='lat' dir='ltr'>facit</span> <span class='ocrx_word' id='word_1_549' title='bbox 1305 3415 1359 3459; x_wconf 93' lang='lat' dir='ltr'>ut</span> <span class='ocrx_word' id='word_1_550' title='bbox 1384 3416 1437 3459; x_wconf 90' lang='lat' dir='ltr'>tu</span> <span class='ocrx_word' id='word_1_551' title='bbox 1463 3423 1566 3461; x_wconf 85' lang='lat' dir='ltr'>non</span> <span class='ocrx_word' id='word_1_552' title='bbox 1602 3408 1781 3474; x_wconf 78' lang='lat' dir='ltr'>facias,</span> <span class='ocrx_word' id='word_1_553' title='bbox 1807 3412 1849 3463; x_wconf 89' lang='lat' dir='ltr'>si</span> <span class='ocrx_word' id='word_1_554' title='bbox 1874 3412 2065 3466; x_wconf 87' lang='lat' dir='ltr'>feceris</span> 
     </span>
    </p>
   </div>
   <div class='ocr_carea' id='block_1_69' title="bbox 524 3486 2061 3560">
    <p class='ocr_par' dir='ltr' id='par_1_69' title="bbox 524 3486 2061 3560">
     <span class='ocr_line' id='line_1_69' title="bbox 524 3486 2061 3560; baseline 0.01 -21"><span class='ocrx_word' id='word_1_555' title='bbox 524 3486 697 3552; x_wconf 76' lang='lat' dir='ltr'>faciet,</span> <span class='ocrx_word' id='word_1_556' title='bbox 722 3490 763 3542; x_wconf 89' lang='lat' dir='ltr'>si</span> <span class='ocrx_word' id='word_1_557' title='bbox 811 3499 983 3545; x_wconf 88' lang='lat' dir='ltr'>autem</span> <span class='ocrx_word' id='word_1_558' title='bbox 1040 3494 1145 3547; x_wconf 89' lang='lat' dir='ltr'>Deo</span> <span class='ocrx_word' id='word_1_559' title='bbox 1170 3494 1296 3547; x_wconf 92' lang='lat' dir='ltr'>illud</span> <span class='ocrx_word' id='word_1_560' title='bbox 1344 3496 1553 3560; x_wconf 90' lang='lat' dir='ltr'>debeat,</span> <span class='ocrx_word' id='word_1_561' title='bbox 1582 3499 1625 3551; x_wconf 85' lang='lat' dir='ltr'>si</span> <span class='ocrx_word' id='word_1_562' title='bbox 1679 3497 1890 3553; x_wconf 83' lang='lat' dir='ltr'>Christo</span> <span class='ocrx_word' id='word_1_563' title='bbox 1933 3501 2061 3556; x_wconf 91' lang='lat' dir='ltr'>illud</span> 
     </span>
    </p>
   </div>
   <div class='ocr_carea' id='block_1_70' title="bbox 526 3579 2062 3659">
    <p class='ocr_par' dir='ltr' id='par_1_70' title="bbox 526 3579 2062 3659">
     <span class='ocr_line' id='line_1_70' title="bbox 526 3579 2062 3659; baseline 0.012 -33"><span class='ocrx_word' id='word_1_564' title='bbox 526 3579 709 3632; x_wconf 81' lang='lat' dir='ltr'>debeat</span> <span class='ocrx_word' id='word_1_565' title='bbox 740 3581 873 3646; x_wconf 90' lang='lat' dir='ltr'>quod</span> <span class='ocrx_word' id='word_1_566' title='bbox 907 3590 957 3635; x_wconf 89' lang='lat' dir='ltr'>tu</span> <span class='ocrx_word' id='word_1_567' title='bbox 987 3583 1171 3650; x_wconf 77' lang='lat' dir='ltr'>exigis,</span> <span class='ocrx_word' id='word_1_568' title='bbox 1215 3594 1269 3637; x_wconf 84' lang='lat' dir='ltr'>et</span> <span class='ocrx_word' id='word_1_569' title='bbox 1314 3585 1433 3640; x_wconf 88' lang='lat' dir='ltr'>ideo</span> <span class='ocrx_word' id='word_1_570' title='bbox 1473 3586 1656 3640; x_wconf 87' lang='lat' dir='ltr'>reddat</span> <span class='ocrx_word' id='word_1_571' title='bbox 1688 3588 1915 3659; x_wconf 77' lang='lat' dir='ltr'>[reddetl</span> <span class='ocrx_word' id='word_1_572' title='bbox 1941 3594 2062 3658; x_wconf 82' lang='lat' dir='ltr'>quia</span> 
     </span>
    </p>
   </div>
   <div class='ocr_carea' id='block_1_71' title="bbox 523 3666 2065 3748">
    <p class='ocr_par' dir='ltr' id='par_1_71' title="bbox 523 3666 2065 3748">
     <span class='ocr_line' id='line_1_71' title="bbox 523 3666 2065 3748; baseline 0.011 -34"><span class='ocrx_word' id='word_1_573' title='bbox 523 3666 666 3734; x_wconf 83' lang='lat' dir='ltr'>jubet</span> <span class='ocrx_word' id='word_1_574' title='bbox 718 3668 823 3731; x_wconf 89' lang='lat' dir='ltr'>ille,</span> <span class='ocrx_word' id='word_1_575' title='bbox 855 3679 906 3721; x_wconf 91' lang='lat' dir='ltr'>et</span> <span class='ocrx_word' id='word_1_576' title='bbox 943 3670 987 3722; x_wconf 88' lang='lat' dir='ltr'>si</span> <span class='ocrx_word' id='word_1_577' title='bbox 1028 3668 1318 3725; x_wconf 80' lang='lat' dir='ltr'>fornicatur</span> <span class='ocrx_word' id='word_1_578' title='bbox 1368 3674 1476 3738; x_wconf 87' lang='lat' dir='ltr'>vir,</span> <span class='ocrx_word' id='word_1_579' title='bbox 1504 3676 1800 3728; x_wconf 75' lang='lat' dir='ltr'>castitatem</span> <span class='ocrx_word' id='word_1_580' title='bbox 1846 3677 1933 3729; x_wconf 78' lang='lat' dir='ltr'>illa</span> <span class='ocrx_word' id='word_1_581' title='bbox 1962 3678 2065 3748; x_wconf 86' lang='lat' dir='ltr'>[fe-</span> 
     </span>
    </p>
   </div>
   <div class='ocr_carea' id='block_1_72' title="bbox 527 3754 2070 3830">
    <p class='ocr_par' dir='ltr' id='par_1_72' title="bbox 527 3754 2070 3830">
     <span class='ocr_line' id='line_1_72' title="bbox 527 3754 2070 3830; baseline 0.01 -26"><span class='ocrx_word' id='word_1_582' title='bbox 527 3754 686 3826; x_wconf 71' lang='lat' dir='ltr'>mina]</span> <span class='ocrx_word' id='word_1_583' title='bbox 715 3756 819 3809; x_wconf 89' lang='lat' dir='ltr'>Deo</span> <span class='ocrx_word' id='word_1_584' title='bbox 848 3757 1079 3811; x_wconf 79' lang='lat' dir='ltr'>exhibet.</span> <span class='ocrx_word' id='word_1_585' title='bbox 1108 3758 1348 3813; x_wconf 80' lang='lat' dir='ltr'>Christus</span> <span class='ocrx_word' id='word_1_586' title='bbox 1375 3764 1514 3815; x_wconf 82' lang='lat' dir='ltr'>ettitn</span> <span class='ocrx_word' id='word_1_587' title='bbox 1543 3764 1772 3830; x_wconf 84' lang='lat' dir='ltr'>loquitur</span> <span class='ocrx_word' id='word_1_588' title='bbox 1800 3765 1851 3818; x_wconf 82' lang='lat' dir='ltr'>in</span> <span class='ocrx_word' id='word_1_589' title='bbox 1892 3768 2070 3820; x_wconf 87' lang='lat' dir='ltr'>cordi-</span> 
     </span>
    </p>
   </div>
   <div class='ocr_carea' id='block_1_73' title="bbox 526 3843 2063 3918">
    <p class='ocr_par' dir='ltr' id='par_1_73' title="bbox 526 3843 2063 3918">
     <span class='ocr_line' id='line_1_73' title="bbox 526 3843 2063 3918; baseline 0.009 -23"><span class='ocrx_word' id='word_1_590' title='bbox 526 3844 619 3895; x_wconf 89' lang='lat' dir='ltr'>bus</span> <span class='ocrx_word' id='word_1_591' title='bbox 670 3843 921 3896; x_wconf 87' lang='lat' dir='ltr'>bonarmn</span> <span class='ocrx_word' id='word_1_592' title='bbox 966 3847 1313 3913; x_wconf 85' lang='lat' dir='ltr'>feminarum;</span> <span class='ocrx_word' id='word_1_593' title='bbox 1359 3850 1589 3918; x_wconf 80' lang='lat' dir='ltr'>loquitur</span> <span class='ocrx_word' id='word_1_594' title='bbox 1640 3853 1779 3905; x_wconf 77' lang='lat' dir='ltr'>in&#39;us</span> <span class='ocrx_word' id='word_1_595' title='bbox 1824 3855 1910 3907; x_wconf 90' lang='lat' dir='ltr'>ubi</span> <span class='ocrx_word' id='word_1_596' title='bbox 1962 3871 2063 3910; x_wconf 90' lang='lat' dir='ltr'>non</span> 
     </span>
    </p>
   </div>
   <div class='ocr_carea' id='block_1_74' title="bbox 526 3931 2068 4016">
    <p class='ocr_par' dir='ltr' id='par_1_74' title="bbox 526 3931 2068 4016">
     <span class='ocr_line' id='line_1_74' title="bbox 526 3931 2068 4016; baseline 0.012 -35"><span class='ocrx_word' id='word_1_597' title='bbox 526 3931 751 3997; x_wconf 77' lang='lat' dir='ltr'>auditur,</span> <span class='ocrx_word' id='word_1_598' title='bbox 774 3934 890 4001; x_wconf 82' lang='lat' dir='ltr'>quia</span> <span class='ocrx_word' id='word_1_599' title='bbox 921 3950 1016 3989; x_wconf 89' lang='lat' dir='ltr'>nec</span> <span class='ocrx_word' id='word_1_600' title='bbox 1037 3936 1222 4004; x_wconf 83' lang='lat' dir='ltr'>dignus</span> <span class='ocrx_word' id='word_1_601' title='bbox 1239 3948 1319 3991; x_wconf 88' lang='lat' dir='ltr'>est</span> <span class='ocrx_word' id='word_1_602' title='bbox 1340 3939 1381 3991; x_wconf 87' lang='lat' dir='ltr'>si</span> <span class='ocrx_word' id='word_1_603' title='bbox 1413 3941 1529 3993; x_wconf 85' lang='lat' dir='ltr'>talis</span> <span class='ocrx_word' id='word_1_604' title='bbox 1551 3954 1654 4005; x_wconf 87' lang='lat' dir='ltr'>est;</span> <span class='ocrx_word' id='word_1_605' title='bbox 1682 3942 1914 4009; x_wconf 88' lang='lat' dir='ltr'>loquitur</span> <span class='ocrx_word' id='word_1_606' title='bbox 1939 3961 2068 4016; x_wconf 74' lang='lat' dir='ltr'>ergo</span> 
     </span>
    </p>
   </div>
   <div class='ocr_carea' id='block_1_75' title="bbox 526 4020 2068 4101">
    <p class='ocr_par' dir='ltr' id='par_1_75' title="bbox 526 4020 2068 4101">
     <span class='ocr_line' id='line_1_75' title="bbox 526 4020 2068 4101; baseline 0.01 -28"><span class='ocrx_word' id='word_1_607' title='bbox 526 4021 613 4073; x_wconf 88' lang='lat' dir='ltr'>ille</span> <span class='ocrx_word' id='word_1_608' title='bbox 636 4020 855 4074; x_wconf 85' lang='lat' dir='ltr'>interius</span> <span class='ocrx_word' id='word_1_609' title='bbox 883 4033 935 4075; x_wconf 89' lang='lat' dir='ltr'>ct</span> <span class='ocrx_word' id='word_1_610' title='bbox 964 4025 1087 4077; x_wconf 88' lang='lat' dir='ltr'>dicit</span> <span class='ocrx_word' id='word_1_611' title='bbox 1116 4035 1168 4079; x_wconf 89' lang='lat' dir='ltr'>et</span> <span class='ocrx_word' id='word_1_612' title='bbox 1197 4029 1497 4081; x_wconf 88' lang='lat' dir='ltr'>consolatur</span> <span class='ocrx_word' id='word_1_613' title='bbox 1518 4030 1677 4083; x_wconf 83' lang='lat' dir='ltr'>filiam</span> <span class='ocrx_word' id='word_1_614' title='bbox 1704 4046 1850 4083; x_wconf 76' lang='lat' dir='ltr'>suam</span> <span class='ocrx_word' id='word_1_615' title='bbox 1886 4034 2068 4101; x_wconf 82' lang='lat' dir='ltr'>hujus-</span> 
     </span>
    </p>
   </div>
   <div class='ocr_carea' id='block_1_76' title="bbox 528 4110 2066 4195">
    <p class='ocr_par' dir='ltr' id='par_1_76' title="bbox 528 4110 2066 4195">
     <span class='ocr_line' id='line_1_76' title="bbox 528 4110 2066 4195; baseline 0.012 -35"><span class='ocrx_word' id='word_1_616' title='bbox 528 4110 663 4177; x_wconf 81' lang='lat' dir='ltr'>modi</span> <span class='ocrx_word' id='word_1_617' title='bbox 684 4111 885 4163; x_wconf 74' lang='lat' dir='ltr'>verbis:</span> <span class='ocrx_word' id='word_1_618' title='bbox 909 4113 977 4163; x_wconf 73' lang='lat' dir='ltr'>De</span> <span class='ocrx_word' id='word_1_619' title='bbox 998 4114 1199 4176; x_wconf 78' lang='lat' dir='ltr'>injuriis</span> <span class='ocrx_word' id='word_1_620' title='bbox 1220 4117 1313 4169; x_wconf 87' lang='lat' dir='ltr'>viri</span> <span class='ocrx_word' id='word_1_621' title='bbox 1340 4119 1410 4170; x_wconf 91' lang='lat' dir='ltr'>tui</span> <span class='ocrx_word' id='word_1_622' title='bbox 1435 4120 1714 4187; x_wconf 85' lang='lat' dir='ltr'>torqueris,</span> <span class='ocrx_word' id='word_1_623' title='bbox 1734 4122 1855 4189; x_wconf 86' lang='lat' dir='ltr'>quid</span> <span class='ocrx_word' id='word_1_624' title='bbox 1884 4121 2066 4195; x_wconf 74' lang='lat' dir='ltr'>[quod]</span> 
     </span>
    </p>
   </div>
   <div class='ocr_carea' id='block_1_77' title="bbox 528 4200 2067 4272">
    <p class='ocr_par' dir='ltr' id='par_1_77' title="bbox 528 4200 2067 4272">
     <span class='ocr_line' id='line_1_77' title="bbox 528 4200 2067 4272; baseline 0.01 -21"><span class='ocrx_word' id='word_1_625' title='bbox 528 4200 618 4252; x_wconf 76' lang='lat' dir='ltr'>tibi</span> <span class='ocrx_word' id='word_1_626' title='bbox 646 4201 785 4253; x_wconf 88' lang='lat' dir='ltr'>enim</span> <span class='ocrx_word' id='word_1_627' title='bbox 818 4201 938 4255; x_wconf 87' lang='lat' dir='ltr'>fecit</span> <span class='ocrx_word' id='word_1_628' title='bbox 971 4201 1120 4268; x_wconf 86' lang='lat' dir='ltr'>dole,</span> <span class='ocrx_word' id='word_1_629' title='bbox 1155 4207 1242 4257; x_wconf 86' lang='lat' dir='ltr'>sed</span> <span class='ocrx_word' id='word_1_630' title='bbox 1280 4207 1451 4272; x_wconf 80' lang='lat' dir='ltr'>ipsum</span> <span class='ocrx_word' id='word_1_631' title='bbox 1485 4211 1588 4261; x_wconf 86' lang='lat' dir='ltr'>noli</span> <span class='ocrx_word' id='word_1_632' title='bbox 1623 4211 1812 4263; x_wconf 80' lang='lat' dir='ltr'>imitari</span> <span class='ocrx_word' id='word_1_633' title='bbox 1846 4222 1902 4264; x_wconf 90' lang='lat' dir='ltr'>ut</span> <span class='ocrx_word' id='word_1_634' title='bbox 1932 4215 2067 4266; x_wconf 84' lang='lat' dir='ltr'>male</span> 
     </span>
    </p>
   </div>
   <div class='ocr_carea' id='block_1_78' title="bbox 2687 3065 3189 3121">
    <p class='ocr_par' dir='ltr' id='par_1_78' title="bbox 2687 3065 3189 3121">
     <span class='ocr_line' id='line_1_78' title="bbox 2687 3065 3189 3121; baseline 0.002 -2"><span class='ocrx_word' id='word_1_635' title='bbox 2687 3065 2910 3120; x_wconf 77' lang='lat' dir='ltr'>CAPUT</span> <span class='ocrx_word' id='word_1_636' title='bbox 2964 3066 3189 3121; x_wconf 75' lang='lat' dir='ltr'>CXVIII.</span> 
     </span>
    </p>
   </div>
   <div class='ocr_carea' id='block_1_79' title="bbox 2166 3156 3677 3226">
    <p class='ocr_par' dir='ltr' id='par_1_79' title="bbox 2166 3156 3677 3226">
     <span class='ocr_line' id='line_1_79' title="bbox 2166 3156 3677 3226; baseline 0.001 -19"><span class='ocrx_word' id='word_1_637' title='bbox 2166 3156 2401 3223; x_wconf 65' lang='lat' dir='ltr'>Expletio</span> <span class='ocrx_word' id='word_1_638' title='bbox 2424 3156 2678 3226; x_wconf 73' lang='lat' dir='ltr'>praedicta:</span> <span class='ocrx_word' id='word_1_639' title='bbox 2697 3156 3025 3226; x_wconf 75' lang='lat' dir='ltr'>expositionis</span> <span class='ocrx_word' id='word_1_640' title='bbox 3046 3158 3113 3207; x_wconf 82' lang='lat' dir='ltr'>ad</span> <span class='ocrx_word' id='word_1_641' title='bbox 3133 3158 3410 3226; x_wconf 76' lang='lat' dir='ltr'>pupulum:</span> <span class='ocrx_word' id='word_1_642' title='bbox 3434 3157 3603 3212; x_wconf 77' lang='lat' dir='ltr'>Contra</span> <span class='ocrx_word' id='word_1_643' title='bbox 3618 3157 3677 3208; x_wconf 67' lang='lat' dir='ltr'>ti-</span> 
     </span>
    </p>
   </div>
   <div class='ocr_carea' id='block_1_80' title="bbox 2233 3224 3678 3293">
    <p class='ocr_par' dir='ltr' id='par_1_80' title="bbox 2233 3224 3678 3293">
     <span class='ocr_line' id='line_1_80' title="bbox 2233 3224 3678 3293; baseline 0.001 -17"><span class='ocrx_word' id='word_1_644' title='bbox 2233 3240 2405 3277; x_wconf 78' lang='lat' dir='ltr'>rarum</span> <span class='ocrx_word' id='word_1_645' title='bbox 2426 3225 2692 3293; x_wconf 82' lang='lat' dir='ltr'>pessimam</span> <span class='ocrx_word' id='word_1_646' title='bbox 2704 3224 2979 3277; x_wconf 79' lang='lat' dir='ltr'>libertatem</span> <span class='ocrx_word' id='word_1_647' title='bbox 2994 3226 3056 3277; x_wconf 72' lang='lat' dir='ltr'>de</span> <span class='ocrx_word' id='word_1_648' title='bbox 3072 3224 3405 3290; x_wconf 71' lang='lat' dir='ltr'>fornicatione</span> <span class='ocrx_word' id='word_1_649' title='bbox 3414 3239 3678 3280; x_wconf 66' lang='lat' dir='ltr'>samum</span> 
     </span>
    </p>
   </div>
   <div class='ocr_carea' id='block_1_81' title="bbox 2233 3294 3675 3357">
    <p class='ocr_par' dir='ltr' id='par_1_81' title="bbox 2233 3294 3675 3357">
     <span class='ocr_line' id='line_1_81' title="bbox 2233 3294 3675 3357; baseline 0 -12"><span class='ocrx_word' id='word_1_650' title='bbox 2233 3297 2534 3357; x_wconf 72' lang='lat' dir='ltr'>volentium;</span> <span class='ocrx_word' id='word_1_651' title='bbox 2555 3294 2670 3345; x_wconf 84' lang='lat' dir='ltr'>item</span> <span class='ocrx_word' id='word_1_652' title='bbox 2688 3309 2751 3347; x_wconf 73' lang='lat' dir='ltr'>ex</span> <span class='ocrx_word' id='word_1_653' title='bbox 2764 3296 2934 3346; x_wconf 79' lang='lat' dir='ltr'>eodem</span> <span class='ocrx_word' id='word_1_654' title='bbox 2958 3296 3018 3346; x_wconf 72' lang='lat' dir='ltr'>de</span> <span class='ocrx_word' id='word_1_655' title='bbox 3044 3294 3223 3347; x_wconf 65' lang='lat' dir='ltr'>Decem</span> <span class='ocrx_word' id='word_1_656' title='bbox 3245 3298 3445 3348; x_wconf 80' lang='lat' dir='ltr'>chordis</span> <span class='ocrx_word' id='word_1_657' title='bbox 3460 3312 3675 3348; x_wconf 68' lang='lat' dir='ltr'>sermons.</span> 
     </span>
    </p>
   </div>
   <div class='ocr_carea' id='block_1_82' title="bbox 2234 3374 3678 3451">
    <p class='ocr_par' dir='ltr' id='par_1_82' title="bbox 2234 3374 3678 3451">
     <span class='ocr_line' id='line_1_82' title="bbox 2234 3374 3678 3451; baseline 0.001 -17"><span class='ocrx_word' id='word_1_658' title='bbox 2234 3374 2358 3435; x_wconf 69' lang='lat' dir='ltr'>Haec</span> <span class='ocrx_word' id='word_1_659' title='bbox 2376 3396 2535 3449; x_wconf 78' lang='lat' dir='ltr'>ergo,</span> <span class='ocrx_word' id='word_1_660' title='bbox 2577 3382 2764 3435; x_wconf 87' lang='lat' dir='ltr'>fratres</span> <span class='ocrx_word' id='word_1_661' title='bbox 2804 3382 2931 3446; x_wconf 89' lang='lat' dir='ltr'>mei,</span> <span class='ocrx_word' id='word_1_662' title='bbox 2961 3382 3139 3449; x_wconf 85' lang='lat' dir='ltr'>facile,</span> <span class='ocrx_word' id='word_1_663' title='bbox 3176 3393 3233 3437; x_wconf 90' lang='lat' dir='ltr'>ut</span> <span class='ocrx_word' id='word_1_664' title='bbox 3257 3386 3462 3451; x_wconf 75' lang='lat' dir='ltr'>possitis</span> <span class='ocrx_word' id='word_1_665' title='bbox 3486 3398 3678 3439; x_wconf 77' lang='lat' dir='ltr'>concor-</span> 
     </span>
    </p>
   </div>
   <div class='ocr_carea' id='block_1_83' title="bbox 2165 3468 3678 3541">
    <p class='ocr_par' dir='ltr' id='par_1_83' title="bbox 2165 3468 3678 3541">
     <span class='ocr_line' id='line_1_83' title="bbox 2165 3468 3678 3541; baseline 0.002 -21"><span class='ocrx_word' id='word_1_666' title='bbox 2165 3468 2292 3522; x_wconf 83' lang='lat' dir='ltr'>dare</span> <span class='ocrx_word' id='word_1_667' title='bbox 2320 3484 2439 3523; x_wconf 90' lang='lat' dir='ltr'>cum</span> <span class='ocrx_word' id='word_1_668' title='bbox 2466 3470 2791 3525; x_wconf 86' lang='lat' dir='ltr'>adversario.</span> <span class='ocrx_word' id='word_1_669' title='bbox 2816 3470 2927 3525; x_wconf 80' lang='lat' dir='ltr'>Nec</span> <span class='ocrx_word' id='word_1_670' title='bbox 2956 3486 3136 3525; x_wconf 83' lang='lat' dir='ltr'>amara</span> <span class='ocrx_word' id='word_1_671' title='bbox 3167 3483 3295 3525; x_wconf 87' lang='lat' dir='ltr'>sunt</span> <span class='ocrx_word' id='word_1_672' title='bbox 3320 3490 3431 3541; x_wconf 73' lang='lat' dir='ltr'>quae</span> <span class='ocrx_word' id='word_1_673' title='bbox 3454 3474 3586 3537; x_wconf 83' lang='lat' dir='ltr'>dico,</span> <span class='ocrx_word' id='word_1_674' title='bbox 3603 3481 3678 3524; x_wconf 78' lang='lat' dir='ltr'>aut</span> 
     </span>
    </p>
   </div>
   <div class='ocr_carea' id='block_1_84' title="bbox 2166 3560 3679 3629">
    <p class='ocr_par' dir='ltr' id='par_1_84' title="bbox 2166 3560 3679 3629">
     <span class='ocr_line' id='line_1_84' title="bbox 2166 3560 3679 3629; baseline 0.003 -18"><span class='ocrx_word' id='word_1_675' title='bbox 2166 3560 2207 3612; x_wconf 90' lang='lat' dir='ltr'>si</span> <span class='ocrx_word' id='word_1_676' title='bbox 2240 3574 2415 3613; x_wconf 86' lang='lat' dir='ltr'>amara</span> <span class='ocrx_word' id='word_1_677' title='bbox 2445 3568 2588 3622; x_wconf 86' lang='lat' dir='ltr'>sunt,</span> <span class='ocrx_word' id='word_1_678' title='bbox 2620 3571 2837 3621; x_wconf 85' lang='lat' dir='ltr'>curant;</span> <span class='ocrx_word' id='word_1_679' title='bbox 2866 3562 3014 3629; x_wconf 87' lang='lat' dir='ltr'>potio</span> <span class='ocrx_word' id='word_1_680' title='bbox 3035 3561 3158 3627; x_wconf 81' lang='lat' dir='ltr'>ista,</span> <span class='ocrx_word' id='word_1_681' title='bbox 3183 3562 3228 3615; x_wconf 92' lang='lat' dir='ltr'>si</span> <span class='ocrx_word' id='word_1_682' title='bbox 3254 3577 3427 3617; x_wconf 84' lang='lat' dir='ltr'>amara</span> <span class='ocrx_word' id='word_1_683' title='bbox 3448 3564 3679 3627; x_wconf 67' lang='grc' dir='ltr'>εει,κὰ-</span> 
     </span>
    </p>
   </div>
   <div class='ocr_carea' id='block_1_85' title="bbox 2168 3640 3677 3719">
    <p class='ocr_par' dir='ltr' id='par_1_85' title="bbox 2168 3640 3677 3719">
     <span class='ocr_line' id='line_1_85' title="bbox 2168 3640 3677 3719; baseline 0.001 -18"><span class='ocrx_word' id='word_1_684' title='bbox 2168 3650 2370 3716; x_wconf 89' lang='lat' dir='ltr'>piatur,</span> <span class='ocrx_word' id='word_1_685' title='bbox 2413 3651 2532 3717; x_wconf 89' lang='lat' dir='ltr'>quia</span> <span class='ocrx_word' id='word_1_686' title='bbox 2565 3652 2617 3702; x_wconf 88' lang='lat' dir='ltr'>in</span> <span class='ocrx_word' id='word_1_687' title='bbox 2668 3651 2913 3719; x_wconf 80' lang='lat' dir='ltr'>periculo</span> <span class='ocrx_word' id='word_1_688' title='bbox 2947 3659 3071 3705; x_wconf 84' lang='lat' dir='ltr'>sunt</span> <span class='ocrx_word' id='word_1_689' title='bbox 3113 3640 3323 3706; x_wconf 78' lang='lat' dir='ltr'>viscera</span> <span class='ocrx_word' id='word_1_690' title='bbox 3367 3669 3573 3707; x_wconf 87' lang='lat' dir='ltr'>:amara</span> <span class='ocrx_word' id='word_1_691' title='bbox 3596 3660 3677 3712; x_wconf 80' lang='lat' dir='ltr'>est,</span> 
     </span>
    </p>
   </div>
   <div class='ocr_carea' id='block_1_86' title="bbox 2167 3740 3676 3807">
    <p class='ocr_par' dir='ltr' id='par_1_86' title="bbox 2167 3740 3676 3807">
     <span class='ocr_line' id='line_1_86' title="bbox 2167 3740 3676 3807; baseline 0.004 -12"><span class='ocrx_word' id='word_1_692' title='bbox 2167 3742 2403 3807; x_wconf 78' lang='lat' dir='ltr'>bibatur:</span> <span class='ocrx_word' id='word_1_693' title='bbox 2449 3740 2635 3794; x_wconf 78' lang='lat' dir='ltr'>melius</span> <span class='ocrx_word' id='word_1_694' title='bbox 2666 3748 2750 3795; x_wconf 89' lang='lat' dir='ltr'>est</span> <span class='ocrx_word' id='word_1_695' title='bbox 2794 3741 2999 3796; x_wconf 89' lang='lat' dir='ltr'>modica</span> <span class='ocrx_word' id='word_1_696' title='bbox 3030 3744 3332 3797; x_wconf 85' lang='lat' dir='ltr'>amaritudo</span> <span class='ocrx_word' id='word_1_697' title='bbox 3361 3745 3412 3798; x_wconf 89' lang='lat' dir='ltr'>iu</span> <span class='ocrx_word' id='word_1_698' title='bbox 3439 3744 3676 3801; x_wconf 61' lang='grc' dir='ltr'>[δαείω.</span> 
     </span>
    </p>
   </div>
   <div class='ocr_carea' id='block_1_87' title="bbox 2168 3811 3677 3899">
    <p class='ocr_par' dir='ltr' id='par_1_87' title="bbox 2168 3811 3677 3899">
     <span class='ocr_line' id='line_1_87' title="bbox 2168 3811 3677 3899; baseline 0.005 -21"><span class='ocrx_word' id='word_1_699' title='bbox 2168 3811 2603 3899; x_wconf 62' lang='grc' dir='ltr'>φιξηηίειετιιυηι</span> <span class='ocrx_word' id='word_1_700' title='bbox 2634 3839 2951 3885; x_wconf 87' lang='lat' dir='ltr'>tormentum</span> <span class='ocrx_word' id='word_1_701' title='bbox 2971 3833 3022 3883; x_wconf 91' lang='lat' dir='ltr'>in</span> <span class='ocrx_word' id='word_1_702' title='bbox 3044 3831 3355 3887; x_wconf 76' lang='lat' dir='ltr'>visceribus.</span> <span class='ocrx_word' id='word_1_703' title='bbox 3381 3834 3562 3887; x_wconf 76' lang='lat' dir='ltr'>Iutate</span> <span class='ocrx_word' id='word_1_704' title='bbox 3576 3845 3677 3898; x_wconf 70' lang='lat' dir='ltr'>ergo</span> 
     </span>
    </p>
   </div>
   <div class='ocr_carea' id='block_1_88' title="bbox 2170 3920 3676 3987">
    <p class='ocr_par' dir='ltr' id='par_1_88' title="bbox 2170 3920 3676 3987">
     <span class='ocr_line' id='line_1_88' title="bbox 2170 3920 3676 3987; baseline 0.003 -17"><span class='ocrx_word' id='word_1_705' title='bbox 2170 3934 2295 3981; x_wconf 70' lang='lat' dir='ltr'>vos,</span> <span class='ocrx_word' id='word_1_706' title='bbox 2339 3920 2639 3987; x_wconf 81' lang='lat' dir='ltr'>quicunque</span> <span class='ocrx_word' id='word_1_707' title='bbox 2684 3935 2789 3973; x_wconf 90' lang='lat' dir='ltr'>non</span> <span class='ocrx_word' id='word_1_708' title='bbox 2820 3920 3089 3976; x_wconf 84' lang='lat' dir='ltr'>faciebatis</span> <span class='ocrx_word' id='word_1_709' title='bbox 3135 3921 3237 3977; x_wconf 86' lang='lat' dir='ltr'>hoc</span> <span class='ocrx_word' id='word_1_710' title='bbox 3275 3923 3468 3976; x_wconf 74' lang='lat' dir='ltr'>beaum</span> <span class='ocrx_word' id='word_1_711' title='bbox 3495 3920 3676 3975; x_wconf 70' lang='lat' dir='ltr'>casula-</span> 
     </span>
    </p>
   </div>
   <div class='ocr_carea' id='block_1_89' title="bbox 2170 4005 3674 4079">
    <p class='ocr_par' dir='ltr' id='par_1_89' title="bbox 2170 4005 3674 4079">
     <span class='ocr_line' id='line_1_89' title="bbox 2170 4005 3674 4079; baseline 0.001 -21"><span class='ocrx_word' id='word_1_712' title='bbox 2170 4008 2255 4069; x_wconf 81' lang='lat' dir='ltr'>tis.</span> <span class='ocrx_word' id='word_1_713' title='bbox 2274 4006 2381 4075; x_wconf 82' lang='lat' dir='ltr'>jam</span> <span class='ocrx_word' id='word_1_714' title='bbox 2406 4006 2575 4061; x_wconf 88' lang='lat' dir='ltr'>facite.</span> <span class='ocrx_word' id='word_1_715' title='bbox 2600 4005 2770 4063; x_wconf 87' lang='lat' dir='ltr'>Nolite</span> <span class='ocrx_word' id='word_1_716' title='bbox 2791 4010 2989 4076; x_wconf 85' lang='lat' dir='ltr'>dicere,</span> <span class='ocrx_word' id='word_1_717' title='bbox 3011 4010 3120 4064; x_wconf 89' lang='lat' dir='ltr'>Non</span> <span class='ocrx_word' id='word_1_718' title='bbox 3144 4020 3321 4079; x_wconf 87' lang='lat' dir='ltr'>potest</span> <span class='ocrx_word' id='word_1_719' title='bbox 3341 4011 3450 4065; x_wconf 77' lang='lat' dir='ltr'>fieri</span> <span class='ocrx_word' id='word_1_720' title='bbox 3472 4028 3486 4064; x_wconf 90' lang='lat'><strong>:</strong></span> <span class='ocrx_word' id='word_1_721' title='bbox 3511 4011 3674 4065; x_wconf 70' lang='lat' dir='ltr'>ladem</span> 
     </span>
    </p>
   </div>
   <div class='ocr_carea' id='block_1_90' title="bbox 2167 4100 3678 4170">
    <p class='ocr_par' dir='ltr' id='par_1_90' title="bbox 2167 4100 3678 4170">
     <span class='ocr_line' id='line_1_90' title="bbox 2167 4100 3678 4170; baseline -0.001 -18"><span class='ocrx_word' id='word_1_722' title='bbox 2167 4109 2266 4162; x_wconf 84' lang='lat' dir='ltr'>est,</span> <span class='ocrx_word' id='word_1_723' title='bbox 2298 4100 2486 4153; x_wconf 85' lang='lat' dir='ltr'>fratres</span> <span class='ocrx_word' id='word_1_724' title='bbox 2517 4100 2649 4165; x_wconf 91' lang='lat' dir='ltr'>mei,</span> <span class='ocrx_word' id='word_1_725' title='bbox 2682 4110 2834 4168; x_wconf 88' lang='lat' dir='ltr'>turpe</span> <span class='ocrx_word' id='word_1_726' title='bbox 2859 4110 2974 4165; x_wconf 89' lang='lat' dir='ltr'>est,</span> <span class='ocrx_word' id='word_1_727' title='bbox 2998 4111 3057 4154; x_wconf 90' lang='lat' dir='ltr'>ut</span> <span class='ocrx_word' id='word_1_728' title='bbox 3086 4103 3167 4156; x_wconf 84' lang='lat' dir='ltr'>vir</span> <span class='ocrx_word' id='word_1_729' title='bbox 3194 4104 3354 4167; x_wconf 83' lang='lat' dir='ltr'>dicat,</span> <span class='ocrx_word' id='word_1_730' title='bbox 3398 4103 3509 4158; x_wconf 79' lang='lat' dir='ltr'>Non</span> <span class='ocrx_word' id='word_1_731' title='bbox 3544 4109 3678 4170; x_wconf 72' lang='lat' dir='ltr'>potest</span> 
     </span>
    </p>
   </div>
   <div class='ocr_carea' id='block_1_91' title="bbox 2172 4188 3675 4255">
    <p class='ocr_par' dir='ltr' id='par_1_91' title="bbox 2172 4188 3675 4255">
     <span class='ocr_line' id='line_1_91' title="bbox 2172 4188 3675 4255; baseline 0.003 -15"><span class='ocrx_word' id='word_1_732' title='bbox 2172 4190 2282 4242; x_wconf 82' lang='lat' dir='ltr'>ﬁeri</span> <span class='ocrx_word' id='word_1_733' title='bbox 2308 4189 2445 4255; x_wconf 90' lang='lat' dir='ltr'>quod</span> <span class='ocrx_word' id='word_1_734' title='bbox 2476 4188 2597 4241; x_wconf 87' lang='lat' dir='ltr'>facit</span> <span class='ocrx_word' id='word_1_735' title='bbox 2621 4189 2816 4244; x_wconf 89' lang='lat' dir='ltr'>femina</span> <span class='ocrx_word' id='word_1_736' title='bbox 2845 4209 2862 4244; x_wconf 85' lang='lat'><strong>:</strong></span> <span class='ocrx_word' id='word_1_737' title='bbox 2892 4192 3062 4245; x_wconf 84' lang='lat' dir='ltr'>scelus</span> <span class='ocrx_word' id='word_1_738' title='bbox 3096 4202 3182 4245; x_wconf 89' lang='lat' dir='ltr'>est</span> <span class='ocrx_word' id='word_1_739' title='bbox 3208 4203 3263 4244; x_wconf 88' lang='lat' dir='ltr'>ttt</span> <span class='ocrx_word' id='word_1_740' title='bbox 3290 4195 3370 4246; x_wconf 82' lang='lat' dir='ltr'>vir</span> <span class='ocrx_word' id='word_1_741' title='bbox 3406 4191 3675 4246; x_wconf 66' lang='lat' dir='ltr'>dicatzﬂos</span> 
     </span>
    </p>
   </div>
   <div class='ocr_carea' id='block_1_92' title="bbox 528 4273 2061 4370">
    <p class='ocr_par' dir='ltr' id='par_1_92' title="bbox 528 4290 2061 4370">
     <span class='ocr_line' id='line_1_92' title="bbox 528 4290 2061 4370; baseline 0.012 -32"><span class='ocrx_word' id='word_1_742' title='bbox 528 4290 702 4353; x_wconf 81' lang='lat' dir='ltr'>facias,</span> <span class='ocrx_word' id='word_1_743' title='bbox 732 4291 821 4343; x_wconf 88' lang='lat' dir='ltr'>scd</span> <span class='ocrx_word' id='word_1_744' title='bbox 851 4294 959 4360; x_wconf 88' lang='lat' dir='ltr'>ipse</span> <span class='ocrx_word' id='word_1_745' title='bbox 991 4301 1039 4343; x_wconf 91' lang='lat' dir='ltr'>te</span> <span class='ocrx_word' id='word_1_746' title='bbox 1064 4291 1297 4347; x_wconf 85' lang='lat' dir='ltr'>imitetur</span> <span class='ocrx_word' id='word_1_747' title='bbox 1328 4295 1379 4348; x_wconf 88' lang='lat' dir='ltr'>in</span> <span class='ocrx_word' id='word_1_748' title='bbox 1410 4297 1575 4351; x_wconf 81' lang='lat' dir='ltr'>buno:</span> <span class='ocrx_word' id='word_1_749' title='bbox 1610 4314 1728 4352; x_wconf 87' lang='lat' dir='ltr'>nam</span> <span class='ocrx_word' id='word_1_750' title='bbox 1760 4302 1808 4354; x_wconf 91' lang='lat' dir='ltr'>in</span> <span class='ocrx_word' id='word_1_751' title='bbox 1840 4317 1905 4355; x_wconf 89' lang='lat' dir='ltr'>eo</span> <span class='ocrx_word' id='word_1_752' title='bbox 1928 4304 2061 4370; x_wconf 87' lang='lat' dir='ltr'>quod</span> 
     </span>
    </p>
   </div>
   <div class='ocr_carea' id='block_1_93' title="bbox 2164 4273 3676 4370">
    <p class='ocr_par' dir='ltr' id='par_1_93' title="bbox 2172 4273 3676 4350">
     <span class='ocr_line' id='line_1_93' title="bbox 2172 4273 3676 4350; baseline 0.005 -22"><span class='ocrx_word' id='word_1_753' title='bbox 2172 4294 2262 4345; x_wconf 87' lang='lat' dir='ltr'>pos</span> <span class='ocrx_word' id='word_1_754' title='bbox 2295 4294 2380 4330; x_wconf 88' lang='lat' dir='ltr'>um</span> <span class='ocrx_word' id='word_1_755' title='bbox 2410 4319 2428 4341; x_wconf 89' lang='lat'>,</span> <span class='ocrx_word' id='word_1_756' title='bbox 2457 4277 2592 4345; x_wconf 90' lang='lat' dir='ltr'>quod</span> <span class='ocrx_word' id='word_1_757' title='bbox 2627 4273 2796 4347; x_wconf 43' lang='lat' dir='ltr'>p‘0test</span> <span class='ocrx_word' id='word_1_758' title='bbox 2838 4280 3026 4334; x_wconf 69' lang='lat' dir='ltr'>(enim</span> <span class='ocrx_word' id='word_1_759' title='bbox 3067 4282 3151 4333; x_wconf 88' lang='lat' dir='ltr'>vir</span> <span class='ocrx_word' id='word_1_760' title='bbox 3196 4298 3304 4334; x_wconf 90' lang='lat' dir='ltr'>non</span> <span class='ocrx_word' id='word_1_761' title='bbox 3350 4277 3676 4350; x_wconf 64' lang='lat' dir='ltr'>potestiﬂttid</span> 
     </span>
    </p>
   </div>
   <div class='ocr_carea' id='block_1_94' title="bbox 528 4378 2072 4453">
    <p class='ocr_par' dir='ltr' id='par_1_94' title="bbox 528 4378 2072 4453">
     <span class='ocr_line' id='line_1_94' title="bbox 528 4378 2072 4453; baseline 0.01 -22"><span class='ocrx_word' id='word_1_762' title='bbox 528 4381 662 4433; x_wconf 80' lang='lat' dir='ltr'>male</span> <span class='ocrx_word' id='word_1_763' title='bbox 708 4378 852 4446; x_wconf 81' lang='lat' dir='ltr'>facit,</span> <span class='ocrx_word' id='word_1_764' title='bbox 888 4383 991 4434; x_wconf 82' lang='lat' dir='ltr'>noli</span> <span class='ocrx_word' id='word_1_765' title='bbox 1034 4398 1153 4435; x_wconf 87' lang='lat' dir='ltr'>eum</span> <span class='ocrx_word' id='word_1_766' title='bbox 1202 4394 1387 4451; x_wconf 87' lang='lat' dir='ltr'>putare</span> <span class='ocrx_word' id='word_1_767' title='bbox 1438 4398 1595 4453; x_wconf 89' lang='lat' dir='ltr'>caput</span> <span class='ocrx_word' id='word_1_768' title='bbox 1643 4400 1792 4442; x_wconf 88' lang='lat' dir='ltr'>tuum</span> <span class='ocrx_word' id='word_1_769' title='bbox 1844 4391 1938 4445; x_wconf 88' lang='lat' dir='ltr'>sed</span> <span class='ocrx_word' id='word_1_770' title='bbox 1986 4408 2072 4446; x_wconf 89' lang='lat' dir='ltr'>me</span> 
     </span>
    </p>
   </div>
   <div class='ocr_carea' id='block_1_95' title="bbox 529 4470 2070 4547">
    <p class='ocr_par' dir='ltr' id='par_1_95' title="bbox 529 4470 2070 4547">
     <span class='ocr_line' id='line_1_95' title="bbox 529 4470 2070 4547; baseline 0.008 -27"><span class='ocrx_word' id='word_1_771' title='bbox 529 4470 639 4535; x_wconf 82' lang='lat' dir='ltr'>[sed</span> <span class='ocrx_word' id='word_1_772' title='bbox 674 4473 798 4523; x_wconf 90' lang='lat' dir='ltr'>time</span> <span class='ocrx_word' id='word_1_773' title='bbox 817 4486 898 4523; x_wconf 89' lang='lat' dir='ltr'>me</span> <span class='ocrx_word' id='word_1_774' title='bbox 925 4472 1083 4531; x_wconf 86' lang='lat' dir='ltr'>Deum</span> <span class='ocrx_word' id='word_1_775' title='bbox 1107 4472 1289 4544; x_wconf 80' lang='lat' dir='ltr'>tuum].</span> <span class='ocrx_word' id='word_1_776' title='bbox 1314 4474 1439 4527; x_wconf 87' lang='lat' dir='ltr'>Nam</span> <span class='ocrx_word' id='word_1_777' title='bbox 1462 4477 1507 4528; x_wconf 87' lang='lat' dir='ltr'>si</span> <span class='ocrx_word' id='word_1_778' title='bbox 1528 4486 1580 4529; x_wconf 88' lang='lat' dir='ltr'>et</span> <span class='ocrx_word' id='word_1_779' title='bbox 1610 4478 1658 4529; x_wconf 92' lang='lat' dir='ltr'>in</span> <span class='ocrx_word' id='word_1_780' title='bbox 1689 4494 1755 4532; x_wconf 86' lang='lat' dir='ltr'>eo</span> <span class='ocrx_word' id='word_1_781' title='bbox 1772 4480 1911 4547; x_wconf 86' lang='lat' dir='ltr'>quod</span> <span class='ocrx_word' id='word_1_782' title='bbox 1934 4482 2070 4533; x_wconf 83' lang='lat' dir='ltr'>male</span> 
     </span>
    </p>
   </div>
   <div class='ocr_carea' id='block_1_96' title="bbox 530 4556 2073 4636">
    <p class='ocr_par' dir='ltr' id='par_1_96' title="bbox 530 4556 2073 4636">
     <span class='ocr_line' id='line_1_96' title="bbox 530 4556 2073 4636; baseline 0.012 -32"><span class='ocrx_word' id='word_1_783' title='bbox 530 4556 651 4608; x_wconf 81' lang='lat' dir='ltr'>facit</span> <span class='ocrx_word' id='word_1_784' title='bbox 702 4568 852 4621; x_wconf 88' lang='lat' dir='ltr'>caput</span> <span class='ocrx_word' id='word_1_785' title='bbox 910 4571 1010 4620; x_wconf 83' lang='lat' dir='ltr'>est.</span> <span class='ocrx_word' id='word_1_786' title='bbox 1056 4572 1358 4615; x_wconf 88' lang='lat' dir='ltr'>secuturum</span> <span class='ocrx_word' id='word_1_787' title='bbox 1403 4563 1497 4635; x_wconf 78' lang='lat' dir='ltr'>[et]</span> <span class='ocrx_word' id='word_1_788' title='bbox 1546 4574 1628 4618; x_wconf 90' lang='lat' dir='ltr'>est</span> <span class='ocrx_word' id='word_1_789' title='bbox 1672 4581 1864 4635; x_wconf 62' lang='lat' dir='ltr'>corpus</span> <span class='ocrx_word' id='word_1_790' title='bbox 1916 4580 2073 4636; x_wconf 86' lang='lat' dir='ltr'>caput</span> 
     </span>
    </p>
   </div>
   <div class='ocr_carea' id='block_1_97' title="bbox 526 4648 2073 4721">
    <p class='ocr_par' dir='ltr' id='par_1_97' title="bbox 526 4648 2073 4721">
     <span class='ocr_line' id='line_1_97' title="bbox 526 4648 2073 4721; baseline 0.01 -25"><span class='ocrx_word' id='word_1_791' title='bbox 526 4660 701 4706; x_wconf 87' lang='lat' dir='ltr'>suum,</span> <span class='ocrx_word' id='word_1_792' title='bbox 732 4656 856 4698; x_wconf 90' lang='lat' dir='ltr'>cunt</span> <span class='ocrx_word' id='word_1_793' title='bbox 906 4648 1060 4700; x_wconf 87' lang='lat' dir='ltr'>ambo</span> <span class='ocrx_word' id='word_1_794' title='bbox 1108 4665 1199 4715; x_wconf 91' lang='lat' dir='ltr'>per</span> <span class='ocrx_word' id='word_1_795' title='bbox 1246 4667 1483 4721; x_wconf 71' lang='lat' dir='ltr'>prmccps</span> <span class='ocrx_word' id='word_1_796' title='bbox 1508 4669 1523 4707; x_wconf 88' lang='lat'><strong>:</strong></span> <span class='ocrx_word' id='word_1_797' title='bbox 1552 4666 1607 4707; x_wconf 92' lang='lat' dir='ltr'>ut</span> <span class='ocrx_word' id='word_1_798' title='bbox 1652 4665 1833 4709; x_wconf 88' lang='lat' dir='ltr'>autem</span> <span class='ocrx_word' id='word_1_799' title='bbox 1860 4672 1960 4709; x_wconf 91' lang='lat' dir='ltr'>non</span> <span class='ocrx_word' id='word_1_800' title='bbox 1989 4672 2073 4711; x_wconf 83' lang='lat' dir='ltr'>se-</span> 
     </span>
    </p>
   </div>
   <div class='ocr_carea' id='block_1_98' title="bbox 527 4732 2073 4811">
    <p class='ocr_par' dir='ltr' id='par_1_98' title="bbox 527 4732 2073 4811">
     <span class='ocr_line' id='line_1_98' title="bbox 527 4732 2073 4811; baseline 0.011 -31"><span class='ocrx_word' id='word_1_801' title='bbox 527 4742 718 4798; x_wconf 87' lang='lat' dir='ltr'>quatur</span> <span class='ocrx_word' id='word_1_802' title='bbox 743 4732 929 4785; x_wconf 89' lang='lat' dir='ltr'>malum</span> <span class='ocrx_word' id='word_1_803' title='bbox 957 4745 1111 4802; x_wconf 81' lang='lat' dir='ltr'>caput</span> <span class='ocrx_word' id='word_1_804' title='bbox 1137 4752 1310 4796; x_wconf 88' lang='lat' dir='ltr'>suum.</span> <span class='ocrx_word' id='word_1_805' title='bbox 1334 4751 1506 4793; x_wconf 85' lang='lat' dir='ltr'>tcneat</span> <span class='ocrx_word' id='word_1_806' title='bbox 1534 4757 1589 4793; x_wconf 87' lang='lat' dir='ltr'>se</span> <span class='ocrx_word' id='word_1_807' title='bbox 1616 4745 1680 4794; x_wconf 89' lang='lat' dir='ltr'>ad</span> <span class='ocrx_word' id='word_1_808' title='bbox 1704 4754 1858 4811; x_wconf 78' lang='lat' dir='ltr'>caput</span> <span class='ocrx_word' id='word_1_809' title='bbox 1891 4744 2073 4797; x_wconf 84' lang='lat' dir='ltr'>Eccle—</span> 
     </span>
    </p>
   </div>
   <div class='ocr_carea' id='block_1_99' title="bbox 526 4820 2072 4890">
    <p class='ocr_par' dir='ltr' id='par_1_99' title="bbox 526 4820 2072 4890">
     <span class='ocr_line' id='line_1_99' title="bbox 526 4820 2072 4890; baseline 0.012 -23"><span class='ocrx_word' id='word_1_810' title='bbox 526 4824 616 4871; x_wconf 77' lang='lat' dir='ltr'>sia:</span> <span class='ocrx_word' id='word_1_811' title='bbox 664 4820 958 4883; x_wconf 67' lang='lat' dir='ltr'>Christum,</span> <span class='ocrx_word' id='word_1_812' title='bbox 992 4823 1108 4876; x_wconf 90' lang='lat' dir='ltr'>huic</span> <span class='ocrx_word' id='word_1_813' title='bbox 1152 4824 1349 4880; x_wconf 81' lang='lat' dir='ltr'>debeas</span> <span class='ocrx_word' id='word_1_814' title='bbox 1391 4832 1693 4882; x_wconf 79' lang='lat' dir='ltr'>castitatem</span> <span class='ocrx_word' id='word_1_815' title='bbox 1726 4846 1873 4884; x_wconf 84' lang='lat' dir='ltr'>suam</span> <span class='ocrx_word' id='word_1_816' title='bbox 1902 4873 1917 4890; x_wconf 87' lang='lat'><strong><em>.</em></strong></span> <span class='ocrx_word' id='word_1_817' title='bbox 1952 4833 2072 4886; x_wconf 91' lang='lat' dir='ltr'>huic</span> 
     </span>
    </p>
   </div>
   <div class='ocr_carea' id='block_1_100' title="bbox 554 4891 2069 4995">
    <p class='ocr_par' dir='ltr' id='par_1_100' title="bbox 554 4891 2069 4995">
     <span class='ocr_line' id='line_1_100' title="bbox 554 4891 2069 4995; baseline 0.012 -36"><span class='ocrx_word' id='word_1_818' title='bbox 554 4910 794 4963; x_wconf 50' lang='lat' dir='ltr'>«left-rans</span> <span class='ocrx_word' id='word_1_819' title='bbox 836 4913 1082 4963; x_wconf 89' lang='lat' dir='ltr'>honorem</span> <span class='ocrx_word' id='word_1_820' title='bbox 1130 4931 1276 4995; x_wconf 81' lang='lat' dir='ltr'>suum</span> <span class='ocrx_word' id='word_1_821' title='bbox 1302 4934 1314 4981; x_wconf 89' lang='lat'><strong>;</strong></span> <span class='ocrx_word' id='word_1_822' title='bbox 1344 4920 1533 4972; x_wconf 80' lang='lat' dir='ltr'>absens</span> <span class='ocrx_word' id='word_1_823' title='bbox 1575 4891 1643 4973; x_wconf 65' lang='lat' dir='ltr'>sii</span> <span class='ocrx_word' id='word_1_824' title='bbox 1685 4923 1792 4980; x_wconf 87' lang='lat' dir='ltr'>vir.</span> <span class='ocrx_word' id='word_1_825' title='bbox 1834 4939 2069 4990; x_wconf 68' lang='lat' dir='ltr'>prtcsens</span> 
     </span>
    </p>
   </div>
   <div class='ocr_carea' id='block_1_101' title="bbox 528 5000 2061 5074">
    <p class='ocr_par' dir='ltr' id='par_1_101' title="bbox 528 5000 2061 5074">
     <span class='ocr_line' id='line_1_101' title="bbox 528 5000 2061 5074; baseline 0.012 -26"><span class='ocrx_word' id='word_1_826' title='bbox 528 5000 594 5049; x_wconf 74' lang='lat' dir='ltr'>sit</span> <span class='ocrx_word' id='word_1_827' title='bbox 623 5002 717 5062; x_wconf 84' lang='lat' dir='ltr'>vir,</span> <span class='ocrx_word' id='word_1_828' title='bbox 754 5016 853 5051; x_wconf 91' lang='lat' dir='ltr'>non</span> <span class='ocrx_word' id='word_1_829' title='bbox 881 5010 1061 5067; x_wconf 84' lang='lat' dir='ltr'>peccat</span> <span class='ocrx_word' id='word_1_830' title='bbox 1090 5002 1193 5066; x_wconf 86' lang='lat' dir='ltr'>illa,</span> <span class='ocrx_word' id='word_1_831' title='bbox 1214 5007 1336 5071; x_wconf 87' lang='lat' dir='ltr'>quia</span> <span class='ocrx_word' id='word_1_832' title='bbox 1362 5024 1625 5074; x_wconf 84' lang='lat' dir='ltr'>nunquam</span> <span class='ocrx_word' id='word_1_833' title='bbox 1653 5020 1733 5064; x_wconf 87' lang='lat' dir='ltr'>est</span> <span class='ocrx_word' id='word_1_834' title='bbox 1762 5013 1953 5066; x_wconf 86' lang='lat' dir='ltr'>absens</span> <span class='ocrx_word' id='word_1_835' title='bbox 1976 5012 2061 5066; x_wconf 90' lang='lat' dir='ltr'>cui</span> 
     </span>
    </p>
   </div>
   <div class='ocr_carea' id='block_1_102' title="bbox 526 5088 1123 5157">
    <p class='ocr_par' dir='ltr' id='par_1_102' title="bbox 526 5088 1123 5157">
     <span class='ocr_line' id='line_1_102' title="bbox 526 5088 1123 5157; baseline 0.007 -20"><span class='ocrx_word' id='word_1_836' title='bbox 526 5088 675 5139; x_wconf 70' lang='lat' dir='ltr'>debet</span> <span class='ocrx_word' id='word_1_837' title='bbox 708 5099 885 5141; x_wconf 77' lang='lat' dir='ltr'>utnon</span> <span class='ocrx_word' id='word_1_838' title='bbox 919 5100 1123 5157; x_wconf 86' lang='lat' dir='ltr'>peccet.</span> 
     </span>
    </p>
   </div>
   <div class='ocr_carea' id='block_1_103' title="bbox 1091 5267 1563 5341">
    <p class='ocr_par' dir='ltr' id='par_1_103' title="bbox 1091 5267 1563 5341">
     <span class='ocr_line' id='line_1_103' title="bbox 1091 5267 1563 5341; baseline 0.004 -2"><span class='ocrx_word' id='word_1_839' title='bbox 1091 5284 1309 5339; x_wconf 74' lang='lat' dir='ltr'>CAPUT</span> <span class='ocrx_word' id='word_1_840' title='bbox 1349 5267 1563 5341; x_wconf 61' lang='lat' dir='ltr'>cxvu.’</span> 
     </span>
    </p>
   </div>
   <div class='ocr_carea' id='block_1_104' title="bbox 531 5433 2059 5509">
    <p class='ocr_par' dir='ltr' id='par_1_104' title="bbox 531 5433 2059 5509">
     <span class='ocr_line' id='line_1_104' title="bbox 531 5433 2059 5509; baseline 0.009 -24"><span class='ocrx_word' id='word_1_841' title='bbox 531 5433 881 5491; x_wconf 56' lang='lat' dir='ltr'>Testimonium</span> <span class='ocrx_word' id='word_1_842' title='bbox 911 5443 968 5492; x_wconf 83' lang='lat' dir='ltr'>de</span> <span class='ocrx_word' id='word_1_843' title='bbox 993 5441 1098 5509; x_wconf 69' lang='lat' dir='ltr'>lege</span> <span class='ocrx_word' id='word_1_844' title='bbox 1140 5442 1260 5508; x_wconf 86' lang='lat' dir='ltr'>imp.</span> <span class='ocrx_word' id='word_1_845' title='bbox 1295 5439 1531 5494; x_wconf 74' lang='lat' dir='ltr'>Antonini</span> <span class='ocrx_word' id='word_1_846' title='bbox 1560 5450 1732 5495; x_wconf 83' lang='lat' dir='ltr'>contra</span> <span class='ocrx_word' id='word_1_847' title='bbox 1778 5446 2059 5499; x_wconf 79' lang='lat' dir='ltr'>excusatio-</span> 
     </span>
    </p>
   </div>
   <div class='ocr_carea' id='block_1_105' title="bbox 2171 4367 3677 4439">
    <p class='ocr_par' dir='ltr' id='par_1_105' title="bbox 2171 4367 3677 4439">
     <span class='ocr_line' id='line_1_105' title="bbox 2171 4367 3677 4439; baseline 0.002 -22"><span class='ocrx_word' id='word_1_848' title='bbox 2171 4370 2309 4419; x_wconf 89' lang='lat' dir='ltr'>enim</span> <span class='ocrx_word' id='word_1_849' title='bbox 2353 4367 2438 4419; x_wconf 87' lang='lat' dir='ltr'>illa</span> <span class='ocrx_word' id='word_1_850' title='bbox 2468 4382 2679 4421; x_wconf 87' lang='lat' dir='ltr'>carnem</span> <span class='ocrx_word' id='word_1_851' title='bbox 2723 4384 2824 4421; x_wconf 91' lang='lat' dir='ltr'>non</span> <span class='ocrx_word' id='word_1_852' title='bbox 2856 4370 3065 4437; x_wconf 78' lang='lat' dir='ltr'>portat?</span> <span class='ocrx_word' id='word_1_853' title='bbox 3101 4369 3253 4425; x_wconf 84' lang='lat' dir='ltr'>Prior</span> <span class='ocrx_word' id='word_1_854' title='bbox 3280 4387 3308 4424; x_wconf 81' lang='lat' dir='ltr'>a</span> <span class='ocrx_word' id='word_1_855' title='bbox 3340 4380 3573 4439; x_wconf 76' lang='lat' dir='ltr'>serpente</span> <span class='ocrx_word' id='word_1_856' title='bbox 3606 4368 3677 4420; x_wconf 78' lang='lat' dir='ltr'>de-</span> 
     </span>
    </p>
   </div>
   <div class='ocr_carea' id='block_1_106' title="bbox 2173 4453 3675 4523">
    <p class='ocr_par' dir='ltr' id='par_1_106' title="bbox 2173 4453 3675 4523">
     <span class='ocr_line' id='line_1_106' title="bbox 2173 4453 3675 4523; baseline 0 -14"><span class='ocrx_word' id='word_1_857' title='bbox 2173 4468 2321 4523; x_wconf 71' lang='lat' dir='ltr'>crpta</span> <span class='ocrx_word' id='word_1_858' title='bbox 2353 4466 2454 4510; x_wconf 87' lang='lat' dir='ltr'>est.</span> <span class='ocrx_word' id='word_1_859' title='bbox 2477 4458 2649 4510; x_wconf 76' lang='lat' dir='ltr'>Castae</span> <span class='ocrx_word' id='word_1_860' title='bbox 2681 4473 2882 4511; x_wconf 79' lang='lat' dir='ltr'>uxores</span> <span class='ocrx_word' id='word_1_861' title='bbox 2916 4470 3107 4512; x_wconf 65' lang='lat' dir='ltr'>vestras</span> <span class='ocrx_word' id='word_1_862' title='bbox 3122 4460 3409 4513; x_wconf 67' lang='lat' dir='ltr'>ostendunt</span> <span class='ocrx_word' id='word_1_863' title='bbox 3438 4461 3569 4513; x_wconf 75' lang='lat' dir='ltr'>voltis</span> <span class='ocrx_word' id='word_1_864' title='bbox 3589 4453 3675 4509; x_wconf 75' lang='lat' dir='ltr'>lteri</span> 
     </span>
    </p>
   </div>
   <div class='ocr_carea' id='block_1_107' title="bbox 2175 4540 3674 4617">
    <p class='ocr_par' dir='ltr' id='par_1_107' title="bbox 2175 4540 3674 4617">
     <span class='ocr_line' id='line_1_107' title="bbox 2175 4540 3674 4617; baseline 0.003 -19"><span class='ocrx_word' id='word_1_865' title='bbox 2175 4560 2327 4612; x_wconf 83' lang='lat' dir='ltr'>posse</span> <span class='ocrx_word' id='word_1_866' title='bbox 2342 4546 2479 4614; x_wconf 91' lang='lat' dir='ltr'>quod</span> <span class='ocrx_word' id='word_1_867' title='bbox 2497 4559 2599 4598; x_wconf 85' lang='lat' dir='ltr'>non</span> <span class='ocrx_word' id='word_1_868' title='bbox 2625 4548 2779 4599; x_wconf 83' lang='lat' dir='ltr'>vultis</span> <span class='ocrx_word' id='word_1_869' title='bbox 2802 4546 2994 4613; x_wconf 83' lang='lat' dir='ltr'>facere,</span> <span class='ocrx_word' id='word_1_870' title='bbox 3016 4555 3070 4601; x_wconf 88' lang='lat' dir='ltr'>et</span> <span class='ocrx_word' id='word_1_871' title='bbox 3082 4540 3256 4600; x_wconf 71' lang='lat' dir='ltr'>dicitis</span> <span class='ocrx_word' id='word_1_872' title='bbox 3273 4549 3387 4601; x_wconf 84' lang='lat' dir='ltr'>fieri</span> <span class='ocrx_word' id='word_1_873' title='bbox 3410 4564 3512 4602; x_wconf 75' lang='lat' dir='ltr'>nos</span> <span class='ocrx_word' id='word_1_874' title='bbox 3529 4542 3674 4617; x_wconf 71' lang='lat' dir='ltr'>pomi</span> 
     </span>
    </p>
   </div>
   <div class='ocr_carea' id='block_1_108' title="bbox 2176 4634 3674 4708">
    <p class='ocr_par' dir='ltr' id='par_1_108' title="bbox 2176 4634 3674 4708">
     <span class='ocr_line' id='line_1_108' title="bbox 2176 4634 3674 4708; baseline 0.003 -19"><span class='ocrx_word' id='word_1_875' title='bbox 2176 4635 2279 4689; x_wconf 77' lang='lat' dir='ltr'>Sed</span> <span class='ocrx_word' id='word_1_876' title='bbox 2311 4637 2443 4690; x_wconf 85' lang='lat' dir='ltr'>torte</span> <span class='ocrx_word' id='word_1_877' title='bbox 2467 4636 2597 4689; x_wconf 89' lang='lat' dir='ltr'>dicis</span> <span class='ocrx_word' id='word_1_878' title='bbox 2622 4637 2741 4691; x_wconf 89' lang='lat' dir='ltr'>ideo</span> <span class='ocrx_word' id='word_1_879' title='bbox 2782 4637 2925 4691; x_wconf 86' lang='lat' dir='ltr'>illam</span> <span class='ocrx_word' id='word_1_880' title='bbox 2957 4638 3160 4691; x_wconf 85' lang='lat' dir='ltr'>facilius</span> <span class='ocrx_word' id='word_1_881' title='bbox 3186 4639 3362 4693; x_wconf 83' lang='lat' dir='ltr'>facere</span> <span class='ocrx_word' id='word_1_882' title='bbox 3391 4655 3562 4708; x_wconf 88' lang='lat' dir='ltr'>posse.</span> <span class='ocrx_word' id='word_1_883' title='bbox 3582 4634 3674 4703; x_wconf 63' lang='lat' dir='ltr'>qui!</span> 
     </span>
    </p>
   </div>
   <div class='ocr_carea' id='block_1_109' title="bbox 2176 4724 3674 4797">
    <p class='ocr_par' dir='ltr' id='par_1_109' title="bbox 2176 4724 3674 4797">
     <span class='ocr_line' id='line_1_109' title="bbox 2176 4724 3674 4797; baseline 0.001 -18"><span class='ocrx_word' id='word_1_884' title='bbox 2176 4726 2335 4779; x_wconf 87' lang='lat' dir='ltr'>multa</span> <span class='ocrx_word' id='word_1_885' title='bbox 2369 4726 2440 4779; x_wconf 82' lang='lat' dir='ltr'>illi</span> <span class='ocrx_word' id='word_1_886' title='bbox 2470 4727 2703 4780; x_wconf 87' lang='lat' dir='ltr'>custodia</span> <span class='ocrx_word' id='word_1_887' title='bbox 2748 4738 2853 4794; x_wconf 89' lang='lat' dir='ltr'>est,</span> <span class='ocrx_word' id='word_1_888' title='bbox 2896 4729 3024 4795; x_wconf 49' lang='lat' dir='ltr'>leéis</span> <span class='ocrx_word' id='word_1_889' title='bbox 3055 4740 3376 4797; x_wconf 66' lang='lat' dir='ltr'>prmeeptum</span> <span class='ocrx_word' id='word_1_890' title='bbox 3409 4771 3424 4793; x_wconf 90' lang='lat'>,</span> <span class='ocrx_word' id='word_1_891' title='bbox 3454 4724 3674 4795; x_wconf 67' lang='lat' dir='ltr'>diligentia</span> 
     </span>
    </p>
   </div>
   <div class='ocr_carea' id='block_1_110' title="bbox 2175 4817 3671 4886">
    <p class='ocr_par' dir='ltr' id='par_1_110' title="bbox 2175 4817 3671 4886">
     <span class='ocr_line' id='line_1_110' title="bbox 2175 4817 3671 4886; baseline -0.001 -18"><span class='ocrx_word' id='word_1_892' title='bbox 2175 4817 2453 4878; x_wconf 86' lang='lat' dir='ltr'>maritalis,</span> <span class='ocrx_word' id='word_1_893' title='bbox 2479 4828 2650 4869; x_wconf 92' lang='lat' dir='ltr'>terror</span> <span class='ocrx_word' id='word_1_894' title='bbox 2674 4820 2834 4870; x_wconf 84' lang='lat' dir='ltr'>etiam</span> <span class='ocrx_word' id='word_1_895' title='bbox 2867 4819 3036 4885; x_wconf 74' lang='lat' dir='ltr'>legum</span> <span class='ocrx_word' id='word_1_896' title='bbox 3070 4819 3439 4886; x_wconf 76' lang='lat' dir='ltr'>publicarum;</span> <span class='ocrx_word' id='word_1_897' title='bbox 3462 4830 3533 4874; x_wconf 81' lang='lat' dir='ltr'>est</span> <span class='ocrx_word' id='word_1_898' title='bbox 3550 4817 3671 4871; x_wconf 75' lang='lat' dir='ltr'>etiam</span> 
     </span>
    </p>
   </div>
   <div class='ocr_carea' id='block_1_111' title="bbox 2177 4906 3670 4976">
    <p class='ocr_par' dir='ltr' id='par_1_111' title="bbox 2177 4906 3670 4976">
     <span class='ocr_line' id='line_1_111' title="bbox 2177 4906 3670 4976; baseline 0.002 -22"><span class='ocrx_word' id='word_1_899' title='bbox 2177 4906 2509 4958; x_wconf 75' lang='lat' dir='ltr'>verecundia:</span> <span class='ocrx_word' id='word_1_900' title='bbox 2542 4916 2595 4959; x_wconf 90' lang='lat' dir='ltr'>et</span> <span class='ocrx_word' id='word_1_901' title='bbox 2623 4906 2841 4972; x_wconf 81' lang='lat' dir='ltr'>pudoris</span> <span class='ocrx_word' id='word_1_902' title='bbox 2872 4907 3009 4960; x_wconf 77' lang='lat' dir='ltr'>i&#39;lius</span> <span class='ocrx_word' id='word_1_903' title='bbox 3036 4923 3284 4976; x_wconf 70' lang='lat' dir='ltr'>magnum</span> <span class='ocrx_word' id='word_1_904' title='bbox 3315 4911 3670 4962; x_wconf 64' lang='lat' dir='ltr'>inanimes-tum.</span> 
     </span>
    </p>
   </div>
   <div class='ocr_carea' id='block_1_112' title="bbox 2174 4988 3670 5069">
    <p class='ocr_par' dir='ltr' id='par_1_112' title="bbox 2174 4988 3670 5069">
     <span class='ocr_line' id='line_1_112' title="bbox 2174 4988 3670 5069; baseline -0.001 -21"><span class='ocrx_word' id='word_1_905' title='bbox 2174 4995 2346 5048; x_wconf 65' lang='lat' dir='ltr'>Multa:</span> <span class='ocrx_word' id='word_1_906' title='bbox 2362 4996 2612 5049; x_wconf 76' lang='lat' dir='ltr'>custodia:</span> <span class='ocrx_word' id='word_1_907' title='bbox 2639 4996 2833 5049; x_wconf 80' lang='lat' dir='ltr'>iaciunt</span> <span class='ocrx_word' id='word_1_908' title='bbox 2853 4997 3102 5051; x_wconf 86' lang='lat' dir='ltr'>feminam</span> <span class='ocrx_word' id='word_1_909' title='bbox 3129 4999 3413 5052; x_wconf 87' lang='lat' dir='ltr'>castiorem</span> <span class='ocrx_word' id='word_1_910' title='bbox 3453 4988 3670 5069; x_wconf 70' lang='lat' dir='ltr'>[castam].</span> 
     </span>
    </p>
   </div>
   <div class='ocr_carea' id='block_1_113' title="bbox 2173 5084 3670 5153">
    <p class='ocr_par' dir='ltr' id='par_1_113' title="bbox 2173 5084 3670 5153">
     <span class='ocr_line' id='line_1_113' title="bbox 2173 5084 3670 5153; baseline 0.003 -18"><span class='ocrx_word' id='word_1_911' title='bbox 2173 5085 2339 5136; x_wconf 86' lang='lat' dir='ltr'>virum</span> <span class='ocrx_word' id='word_1_912' title='bbox 2354 5094 2551 5138; x_wconf 89' lang='lat' dir='ltr'>castum</span> <span class='ocrx_word' id='word_1_913' title='bbox 2571 5084 2727 5139; x_wconf 82' lang='lat' dir='ltr'>faciat</span> <span class='ocrx_word' id='word_1_914' title='bbox 2740 5088 2848 5153; x_wconf 88' lang='lat' dir='ltr'>ipsa</span> <span class='ocrx_word' id='word_1_915' title='bbox 2862 5087 3105 5140; x_wconf 81' lang='lat' dir='ltr'>virilitas.</span> <span class='ocrx_word' id='word_1_916' title='bbox 3124 5087 3252 5140; x_wconf 90' lang='lat' dir='ltr'>Nam</span> <span class='ocrx_word' id='word_1_917' title='bbox 3269 5089 3390 5142; x_wconf 88' lang='lat' dir='ltr'>ideo</span> <span class='ocrx_word' id='word_1_918' title='bbox 3403 5088 3670 5142; x_wconf 64' lang='lat' dir='ltr'>mulieri-3-</span> 
     </span>
    </p>
   </div>
   <div class='ocr_carea' id='block_1_114' title="bbox 2167 5171 3668 5242">
    <p class='ocr_par' dir='ltr' id='par_1_114' title="bbox 2167 5171 3668 5242">
     <span class='ocr_line' id='line_1_114' title="bbox 2167 5171 3668 5242; baseline 0.005 -19"><span class='ocrx_word' id='word_1_919' title='bbox 2167 5174 2253 5241; x_wconf 86' lang='lat' dir='ltr'>jor</span> <span class='ocrx_word' id='word_1_920' title='bbox 2275 5176 2513 5228; x_wconf 84' lang='lat' dir='ltr'>custodia</span> <span class='ocrx_word' id='word_1_921' title='bbox 2532 5177 2651 5242; x_wconf 91' lang='lat' dir='ltr'>quia</span> <span class='ocrx_word' id='word_1_922' title='bbox 2678 5177 2847 5242; x_wconf 83' lang='lat' dir='ltr'>major</span> <span class='ocrx_word' id='word_1_923' title='bbox 2867 5176 3165 5229; x_wconf 76' lang='lat' dir='ltr'>inﬁrmitas.</span> <span class='ocrx_word' id='word_1_924' title='bbox 3196 5178 3282 5230; x_wconf 73' lang='lat' dir='ltr'>illa</span> <span class='ocrx_word' id='word_1_925' title='bbox 3303 5179 3553 5232; x_wconf 84' lang='lat' dir='ltr'>erubescit</span> <span class='ocrx_word' id='word_1_926' title='bbox 3570 5171 3668 5231; x_wconf 67' lang='lat' dir='ltr'>vim.</span> 
     </span>
    </p>
   </div>
   <div class='ocr_carea' id='block_1_115' title="bbox 2174 5262 3667 5335">
    <p class='ocr_par' dir='ltr' id='par_1_115' title="bbox 2174 5262 3667 5335">
     <span class='ocr_line' id='line_1_115' title="bbox 2174 5262 3667 5335; baseline 0.005 -20"><span class='ocrx_word' id='word_1_927' title='bbox 2174 5274 2225 5315; x_wconf 92' lang='lat' dir='ltr'>ttt</span> <span class='ocrx_word' id='word_1_928' title='bbox 2240 5279 2341 5315; x_wconf 89' lang='lat' dir='ltr'>non</span> <span class='ocrx_word' id='word_1_929' title='bbox 2357 5264 2622 5317; x_wconf 72' lang='lat' dir='ltr'>erubescis</span> <span class='ocrx_word' id='word_1_930' title='bbox 2642 5264 2891 5318; x_wconf 82' lang='lat' dir='ltr'>Christo?</span> <span class='ocrx_word' id='word_1_931' title='bbox 2908 5266 2985 5319; x_wconf 85' lang='lat' dir='ltr'>Tu</span> <span class='ocrx_word' id='word_1_932' title='bbox 3006 5266 3223 5319; x_wconf 88' lang='lat' dir='ltr'>liberior</span> <span class='ocrx_word' id='word_1_933' title='bbox 3242 5269 3361 5335; x_wconf 82' lang='lat' dir='ltr'>quia</span> <span class='ocrx_word' id='word_1_934' title='bbox 3386 5262 3667 5329; x_wconf 57' lang='lat' dir='ltr'>fortium!“</span> 
     </span>
    </p>
   </div>
   <div class='ocr_carea' id='block_1_116' title="bbox 2171 5353 3666 5427">
    <p class='ocr_par' dir='ltr' id='par_1_116' title="bbox 2171 5353 3666 5427">
     <span class='ocr_line' id='line_1_116' title="bbox 2171 5353 3666 5427; baseline 0.001 -22"><span class='ocrx_word' id='word_1_935' title='bbox 2171 5353 2317 5406; x_wconf 87' lang='lat' dir='ltr'>facile</span> <span class='ocrx_word' id='word_1_936' title='bbox 2348 5355 2543 5417; x_wconf 76' lang='lat' dir='ltr'>vincis;</span> <span class='ocrx_word' id='word_1_937' title='bbox 2576 5354 2697 5407; x_wconf 90' lang='lat' dir='ltr'>idco</span> <span class='ocrx_word' id='word_1_938' title='bbox 2738 5356 2831 5408; x_wconf 89' lang='lat' dir='ltr'>tibi</span> <span class='ocrx_word' id='word_1_939' title='bbox 2880 5357 3193 5409; x_wconf 83' lang='lat' dir='ltr'>commissus</span> <span class='ocrx_word' id='word_1_940' title='bbox 3235 5372 3314 5411; x_wconf 90' lang='lat' dir='ltr'>es.</span> <span class='ocrx_word' id='word_1_941' title='bbox 3373 5359 3536 5427; x_wconf 86' lang='lat' dir='ltr'>Super</span> <span class='ocrx_word' id='word_1_942' title='bbox 3565 5354 3666 5406; x_wconf 66' lang='lat' dir='ltr'>illa!</span> 
     </span>
    </p>
   </div>
   <div class='ocr_carea' id='block_1_117' title="bbox 2170 5431 3667 5517">
    <p class='ocr_par' dir='ltr' id='par_1_117' title="bbox 2170 5431 3667 5517">
     <span class='ocr_line' id='line_1_117' title="bbox 2170 5431 3667 5517; baseline 0.001 -20"><span class='ocrx_word' id='word_1_943' title='bbox 2170 5431 2220 5498; x_wconf 70' lang='lat' dir='ltr'>et</span> <span class='ocrx_word' id='word_1_944' title='bbox 2250 5444 2514 5511; x_wconf 65' lang='lat' dir='ltr'>diﬁgentia</span> <span class='ocrx_word' id='word_1_945' title='bbox 2553 5443 2689 5509; x_wconf 83' lang='lat' dir='ltr'>viri,</span> <span class='ocrx_word' id='word_1_946' title='bbox 2739 5455 2789 5499; x_wconf 88' lang='lat' dir='ltr'>et</span> <span class='ocrx_word' id='word_1_947' title='bbox 2834 5454 3002 5499; x_wconf 77' lang='lat' dir='ltr'>terror</span> <span class='ocrx_word' id='word_1_948' title='bbox 3045 5447 3250 5517; x_wconf 77' lang='lat' dir='ltr'>legum,</span> <span class='ocrx_word' id='word_1_949' title='bbox 3303 5458 3355 5502; x_wconf 86' lang='lat' dir='ltr'>et</span> <span class='ocrx_word' id='word_1_950' title='bbox 3400 5437 3667 5503; x_wconf 56' lang='lat' dir='ltr'>consitam“</span> 
     </span>
    </p>
   </div>
  </div>
