3886 6224
137 311 273 360 «737

1359 303 1786 360 ΊῚΙΕΞΑΕΒΓΞ.
1828 303 1978 357 CAP.
2019 299 2224 355 CXXII.

3288 305 3391 358 758

162 423 223 476 Si
253 423 310 475 in
329 422 488 476 viridi
517 424 654 490 ligno
683 424 778 474 hoc
808 421 1023 484 faciunt,
1051 421 1100 472 in
1128 422 1276 472 arido
1300 422 1419 486 quid
1461 421 1590 473 fiet?
1619 420 1727 472 Mo-
1762 426 1806 483 Α
1839 418 2180 479 obumbrant,
2205 416 2326 484 quia
2351 417 2479 479 Deo,
2504 432 2603 468 non
2634 419 2730 471 sibi
2756 419 2994 472 tribuunt
3018 435 3214 489 pennas
3236 436 3384 488 suas,

166 523 377 566 nentur
405 528 533 582 ergo
559 513 676 563 boni
701 527 764 563 ne
787 511 850 563 ad
877 511 1140 563 Christum
1171 511 1586 578 crucitigendum
1618 525 1726 562 ma-

164 605 232 656 lis
261 607 643 658 musentiaut:
675 604 844 655 dictus
871 613 953 656 est
980 604 1117 655 enim
1150 602 1331 669 Agnus
1361 602 1451 654 Dei
1481 603 1569 669 qui
1596 602 1730 655 tollit

163 704 394 759 peccata
425 693 623 745 mundi.
654 691 764 744 Non
785 705 909 759 ergo
933 705 1128 757 coques
1157 705 1343 757 agnum
1377 691 1426 742 in
1459 691 1593 744 lacte
1619 704 1733 742 ma-

160 784 267 835 tris
297 799 438 846 sum,
474 796 576 836 non
609 783 816 849 iugeres
847 781 1056 834 Christo
1084 781 1254 849 ignem
1287 780 1544 846 passionis
1568 779 1618 833 in
1646 779 1733 833 illo

158 872 254 924 die
289 887 405 940 quo
436 881 720 936 conceptus
760 877 861 932 est,
913 880 1032 921 tunc
1061 871 1216 921 etiam
1262 876 1315 920 et
1346 881 1529 934 passus
1566 868 1731 919 tradi-

161 971 280 1022 tur,
329 961 384 1013 id
425 970 508 1013 est
549 973 639 1011 vut
684 957 894 1012 calend.
941 959 1154 1024 Aprilis,
1197 973 1259 1009 ex
1301 971 1406 1025 quo
1445 956 1530 1010 die
1567 971 1733 1024 usque

160 1053 216 1102 in
251 1066 355 1103 vm
385 1049 598 1102 calend.
625 1047 859 1101 Januarii
884 1062 987 1114 quo
1010 1057 1160 1100 natus
1184 1045 1602 1107 commendatur,
1637 1060 1732 1097 no-

161 1156 290 1194 vem
340 1153 555 1193 menses
581 1145 966 1207 computantur,
1015 1136 1222 1189 decimo
1251 1137 1512 1190 inchoato.
1548 1135 1730 1189 Perbi-

162 1233 376 1284 bentur
403 1242 576 1284 autem
621 1231 778 1284 ubera
811 1229 1120 1283 feminarum
1150 1242 1215 1281 ex
1245 1227 1331 1282 die
1370 1227 1732 1295 conceptionis

160 1319 249 1372 lac
277 1319 562 1387 colligere.
597 1318 688 1371 Est
725 1319 859 1371 alius
884 1330 1071 1370 sensus
1100 1316 1322 1371 facilior.
1373 1315 1485 1370 Non
1530 1330 1730 1385 coques

160 1423 372 1475 agnum
412 1409 461 1459 in
492 1407 627 1460 lacte
655 1406 836 1459 matris
864 1419 993 1472 suae,
1026 1407 1296 1473 parvulum
1327 1405 1498 1460 adhuc
1526 1415 1580 1458 et
1621 1407 1732 1460 lace

163 1500 404 1558 tantent,
435 1496 676 1564 qualibus
704 1496 834 1548 dicit
873 1494 1197 1562 Apostolus:
1231 1494 1333 1548 Lac
1370 1494 1520 1548 vobis
1549 1503 1730 1562 potutn

161 1589 320 1653 deli,
346 1603 450 1640 non
472 1602 672 1641 escam.
701 1587 810 1639 Non
837 1586 1014 1638 mittes
1037 1585 1086 1638 in
1112 1597 1497 1654 prasproperam‘
1527 1584 1734 1653 passio-

163 1692 322 1744 nem,
358 1686 604 1746 tanquam
646 1675 858 1729 Christo
883 1673 950 1728 sit
977 1673 1196 1736 dictum,
1220 1675 1306 1742 qui
1337 1674 1525 1727 talibus
1562 1672 1735 1727 adhuc

1837 508 1887 557 id
1917 514 1998 558 est
2043 506 2318 558 Dominum
2350 506 2562 576 [Deum]
2595 512 2854 562 honorant
2883 511 3167 564 virtutibus
3197 513 3388 580 quibus

1836 601 2106 661 prmstant,
2131 603 2185 646 et
2214 595 2387 646 vultus
2416 609 2598 647 eorum
2631 612 2733 648 non
2765 608 2887 650 sunt
2912 598 3010 652 nisi
3040 601 3090 651 in
3125 602 3386 669 propitia-

1836 676 2537 751 torium,quia‘cuicunque
2580 684 2836 761 profectui
2888 687 2950 739 ad
2999 689 3387 744 multitudinem

1833 773 2066 826 scientias
2095 787 2217 841 spes
2239 787 2345 826 non
2373 782 2475 838 est,
2511 774 2609 826 nisi
2644 776 2694 827 in
2728 776 2817 828 Dei
2846 776 3229 834 misericordia.

2316 908 2420 978 75
2438 908 2663 962 CAPUT
2693 908 2896 962 cxxu.

1836 996 1980 1062 Quod
2007 997 2192 1066 dicenti
2223 997 2418 1066 Moysi:
2455 998 2673 1050 Ostende
2705 998 2827 1050 mihi
2857 999 3066 1065 gloriam
3091 1008 3252 1062 tuam,
3285 1016 3388 1052 res-

1902 1068 2075 1135 pandit
2111 1065 2385 1118 Dominus:
2417 1067 2521 1133 Ego
2549 1068 2771 1135 transibo
2799 1080 2917 1120 ante
2948 1078 3015 1131 te,
3039 1083 3139 1122 etc.
3171 1085 3184 1134 ;
3212 1085 3273 1122 ea:
3297 1085 3389 1121 εον

1901 1139 2013 1188 dem
2042 1137 2169 1187 libro
2200 1136 2542 1199 Qua’stiouum
2573 1136 2758 1188 Exodi.

1901 1224 2029 1278 Cum
2059 1226 2282 1278 dixisset
2312 1225 2520 1294 Moyses
2553 1225 2616 1277 ad
2649 1224 2928 1277 Dominum
2956 1267 2969 1291 ,
2992 1224 3225 1281 Ostende
3257 1227 3385 1278 tnihi

1833 1314 2053 1382 gloriam
2091 1323 2252 1378 tuam,
2287 1317 2560 1381 respondit
2594 1315 2640 1368 ei
2685 1314 2936 1368 Dominus
2960 1354 2976 1379 ,
3009 1316 3116 1384 Ego
3151 1316 3387 1370 transibo

1834 1420 1956 1461 ante
1979 1418 2028 1462 te
2054 1408 2104 1460 in
2139 1408 2305 1475 gloria
2339 1422 2473 1472 mea,
2498 1416 2549 1459 et
2572 1408 2774 1462 vocabo
2803 1421 2994 1472 nomen
3024 1407 3229 1460 Domini
3260 1408 3379 1478 [no-

1835 1497 1976 1550 mine
2018 1497 2246 1563 Domini,
2287 1497 2364 1548 vel
2420 1497 2646 1548 vocabor
2693 1494 2746 1547 in
2801 1496 3015 1550 nomine
3063 1495 3293 1564 Domini]
3337 1498 3388 1550 in

1833 1594 2120 1652 conspectu
2161 1593 2249 1638 tuo
2278 1595 2330 1637 et
2370 1583 2663 1637 miserebor
2686 1583 2771 1638 cui
2805 1585 3052 1661 misertus
3085 1601 3179 1638 ero
3207 1595 3258 1639 et
3291 1586 3388 1639 mi-

1835 1673 2176 1726 sericordiam
2225 1673 2483 1741 praestabo
2530 1673 2633 1741 cui’
2665 1677 2964 1749 praestitero
3003 1689 3018 1727 :
3064 1690 3184 1728 cum
3234 1678 3388 1743 paulo

163 1771 455 1839 discipulis
503 1769 738 1836 pepercit
785 1783 880 1835 pro
923 1767 1112 1836 quibus
1156 1779 1216 1820 se
1258 1766 1487 1820 offerens
1523 1766 1642 1818 ait:
1677 1764 1731 1818 Si
1771 1770 1807 1823 Β
1836 1770 1958 1817 ante
1986 1763 2245 1825 dixisset,
2295 1761 2408 1829 Ipse
2438 1762 2747 1817 antecedam
2795 1772 2847 1817 te
2902 1772 2956 1817 et
3003 1766 3236 1832 requiem
3291 1761 3385 1818 tibi

163 1876 304 1929 ergo
337 1875 424 1914 me
454 1859 708 1927 quaaritis,
738 1859 894 1911 sinite
924 1857 1020 1910 bos
1049 1857 1215 1910 abire.
1248 1857 1419 1924 Atque
1450 1864 1504 1909 ut
1533 1854 1730 1909 intelli-

165 1960 398 2020 geretur
428 1950 601 2003 adhuc
627 1962 718 2003 eos
743 1935 1004 2001 invalidos
1032 1956 1084 2000 et
1114 1948 1284 2000 minus
1326 1947 1542 2002 idoneos
1573 1947 1732 2000 fuisse

166 2039 434 2108 passioni,
460 2048 705 2106 tanquam
735 2050 899 2102 agnos
928 2036 978 2089 in
1009 2037 1142 2089 lacte
1170 2037 1370 2099 matris,
1411 2043 1626 2089 secutus
1657 2035 1731 2088 ait

168 2127 522 2198 evangelista,
563 2136 621 2181 ut
654 2127 966 2194 impleretur
1004 2141 1178 2180 sermo
1207 2140 1362 2194 quem
1391 2125 1561 2178 dixit:
1593 2124 1729 2190 Quia

168 2237 311 2290 quos
337 2220 529 2276 dedisti
575 2219 721 2283 mihi,
771 2233 875 2273 non
915 2217 1116 2285 perdidi
1159 2232 1224 2271 ex
1258 2216 1336 2270 eis
1366 2201 1724 2286 quemquam;

171 2314 323 2368 unde
353 2319 593 2381 apparet,
620 2325 731 2374 eos,
765 2312 808 2363 si
841 2318 962 2362 tunc
992 2317 1311 2376 paterentur,
1341 2306 1499 2361 fuisse
1525 2306 1728 2374 peritu-

173 2416 307 2468 ros;
333 2403 437 2457 hoc
459 2401 598 2456 enim
627 2409 748 2454 tunc
773 2413 876 2452 non
907 2398 1042 2466 passi
1071 2407 1190 2451 sunt
1215 2397 1353 2466 quod
1380 2406 1556 2464 postea
1593 2396 1731 2464 passi

173 2504 329 2563 sunt,
345 2509 451 2548 non
466 2493 637 2548 adhuc
659 2492 776 2560 agni
791 2491 844 2544 in
859 2492 1013 2558 lacte,
1027 2490 1118 2543 sed
1131 2491 1238 2557 jam
1262 2488 1454 2542 arietes
1476 2487 1529 2542 in
1546 2503 1727 2558 grege.

739 2603 963 2660 CAPUT
986 2603 1165 2659 CXXI.

178 2694 289 2750 Cttr
312 2695 740 2767 prapitiatoriunt
768 2710 902 2767 arcte
933 2691 1388 2767 superponendunr
1411 2691 1632 2756 dixerit;
1672 2705 1734 2744 ea:

416 2760 424 2819 ί
477 2767 647 2820 eodem
687 2765 815 2818 libro
845 2764 1189 2830 Quaestionum
1222 2760 1410 2814 Exodi.

253 2855 685 2934 Propitiatorium
737 2854 846 2926 [ad]
875 2853 995 2923 quid
1023 2852 1160 2907 dicat
1199 2851 1732 2920 superimponendum

181 2956 344 3016 super
373 2962 550 3002 arcam
581 2945 746 3015 quaeri
777 2945 912 2998 solet
939 2960 950 2993 :
983 2942 1077 2997 sed
1106 2955 1223 2995 cum
1254 2955 1470 2994 aureum
1502 2938 1615 2993 lieri
1649 2941 1734 3007 ju-

182 3037 328 3103 beat,
384 3037 603 3106 ejusque
650 3032 1025 3104 longitudinem
1064 3041 1117 3086 et
1158 3030 1487 3084 latitudinem
1535 3037 1732 3082 tantam

1836 1851 1999 1916 dabo,
2054 1848 2194 1918 quod
2249 1850 2456 1919 Moyses
2505 1851 2581 1906 sic
2629 1851 2838 1904 videtur
2882 1853 3179 1920 accepisse,
3231 1863 3384 1907 ante—

1834 1940 2014 1994 cedam
2049 1952 2120 2006 te,
2173 1950 2420 2009 tanquam
2462 1955 2564 1994 non
2592 1942 2639 1994 ei
2670 1940 2800 2012 [qui]
2850 1942 3040 2011 pepulo
3071 1958 3302 2011 prznsens
3334 1945 3385 1998 iu

1835 2031 2023 2085 itinere
2055 2032 2257 2086 futurus
2285 2043 2453 2098 esset,
2483 2042 2535 2086 et
2565 2032 2684 2086 ideo
2711 2032 2817 2086 ait:
2852 2035 2905 2087 Si
2941 2050 3041 2087 non
3074 2044 3126 2088 tu
3167 2037 3276 2104 ipse
3306 2037 3382 2090 si-

1834 2121 1942 2175 mul
1967 2123 2174 2176 veneris
2195 2121 2491 2185 nobiscum,
2512 2137 2577 2176 ne
2598 2137 2683 2178 me
2703 2122 2896 2178 educas
2925 2125 3061 2190 hinc,
3094 2135 3147 2179 et
3167 2135 3383 2181 Caetera.

1834 2211 1972 2265 Deus
1998 2223 2170 2268 autem
2202 2228 2372 2282 neque
2398 2215 2495 2266 hoc
2523 2214 2571 2268 ei
2602 2215 2807 2283 negavit
2836 2217 3035 2281 dicens,
3066 2218 3128 2269 Et
3161 2218 3258 2272 hoc
3286 2219 3380 2273 tibi

1834 2301 2049 2354 verbum
2094 2301 2234 2371 quod
2278 2300 2456 2356 dixisti
2508 2302 2715 2357 faciam.
2766 2306 3040 2370 Quomodo
3091 2321 3218 2376 ergo
3262 2323 3382 2362 cuiu

1833 2391 2050 2447 dixisset
2087 2394 2137 2447 ei
2178 2393 2433 2462 Moyses,
2489 2395 2721 2449 Ostende
2768 2398 2893 2450 mihi
2936 2399 3153 2467 gloriam
3201 2409 3341 2453 tuam
3369 2441 3385 2464 ,

1834 2497 2014 2538 rursus
2044 2493 2289 2552 tanquam
2327 2499 2712 2551 praecessurus,
2754 2495 2805 2539 et
2834 2500 2936 2540 non
2963 2501 3080 2540 Clllll
3114 2492 3188 2541 eis
3230 2490 3383 2543 simul

1835 2572 2038 2629 futurus
2079 2576 2288 2629 videtur
2326 2575 2541 2642 dicere,
2584 2578 2694 2647 Ego
2738 2571 2970 2634 transibo
3008 2592 3130 2635 ante
3173 2593 3241 2646 te,
3284 2584 3381 2636 nisi

1833 2668 1957 2734 quia
1997 2672 2095 2722 lroc
2122 2669 2263 2723 aliud
2309 2672 2425 2724 est?
2459 2673 2547 2727 Ille
2590 2675 2782 2741 quippe
2827 2673 3128 2742 intelligitur
3158 2677 3299 2744 loqui
3329 2689 3384 2731 et

1835 2758 2041 2825 dicere,
2067 2759 2324 2814 Transibo
2347 2772 2469 2816 ante
2495 2772 2572 2830 te,
2606 2762 2672 2816 de
2703 2780 2807 2832 quo
2836 2764 2959 2818 dicit
2995 2766 3336 2834 Evangelium
3363 2807 3380 2832 ,

1833 2849 1964 2902 Cum
1995 2851 2224 2904 venisset
2255 2854 2378 2904 liora
2413 2862 2468 2905 ut
2497 2853 2740 2907 transiret
2767 2854 2921 2908 Jesus
2950 2856 3014 2909 de
3045 2856 3143 2910 hoc
3184 2856 3383 2911 mundo

1835 2942 1900 2994 ad
1932 2940 2137 2995 Patrem
2165 2959 2179 3007 ;
2219 2943 2305 3011 qui
2336 2945 2586 2999 transitus
2625 2947 2781 3000 etiam
2814 2946 3008 3001 Pascha
3043 2949 3382 3016 interpretari

1838 3032 2163 3101 perhibetur.
2195 3034 2315 3088 llaec
2339 3036 2512 3105 itaque
2535 3051 2717 3105 magna
2740 3039 2956 3092 omnino
2983 3041 3256 3107 prophetia
3279 3052 3380 3096 est.

185 3126 454 3197 exprimat
479 3134 670 3194 quanta
698 3134 751 3177 et
787 3122 948 3191 ip5ius
975 3135 1111 3175 arca?
1151 3120 1289 3184 dicta
1324 3128 1423 3185 εει,
1457 3118 1736 3187 Ρτοουιάυ·
1762 3120 1808 3182 C
1840 3123 1955 3191 Ipse
1981 3123 2122 3177 enim
2154 3136 2278 3178 ante
2304 3139 2487 3179 omnes
2514 3136 2724 3181 sanctos
2752 3127 2961 3182 transiit
2985 3127 3049 3182 ad
3081 3128 3288 3183 Patrem
3317 3129 3383 3184 de

185 3219 278 3272 bio
305 3218 448 3272 velut
477 3216 704 3270 tabulam
734 3221 949 3269 auream
991 3222 1146 3268 tautae
1178 3215 1356 3267 forma:
1394 3212 1505 3266 ﬁeri
1536 3211 1735 3281 p'raace-

188 3308 266 3376 pit
294 3322 398 3377 qua
427 3314 690 3374 tegeretur
724 3299 844 3359 arca
877 3321 889 3357 :
921 3306 988 3357 ita
1031 3312 1087 3356 ut
1123 3305 1174 3355 in
1217 3303 1327 3371 ipso
1368 3301 1736 3372 propitiatorio

189 3399 518 3454 eesentduo
550 3396 851 3462 Cherubin,
890 3395 1012 3449 hinc
1055 3406 1211 3460 atque
1259 3391 1381 3447 inde
1424 3392 1734 3447 alterutrum

191 3488 547 3551 attendentes,
595 3485 666 3539 ita
698 3491 754 3538 ut
779 3483 950 3538 vultus
996 3496 1175 3536 eorum
1220 3483 1270 3536 in
1319 3480 1736 3550 propitiatorium

191 3585 376 3632 essent
403 3585 458 3631 et
498 3576 682 3642 [renuis
721 3573 830 3642 suis
874 3573 1248 3627 obumbrarent
1292 3572 1732 3641 prapitiatorium,

191 3669 332 3737 quod
392 3682 634 3736 magnum
686 3675 767 3720 est
822 3673 1231 3720 sacramentum.
1290 3665 1492 3719 Aurum
1543 3664 1736 3732 quippe

191 3759 454 3828 signiﬁcat
480 3758 812 3826 sapientiam,
856 3769 977 3810 arca
1008 3754 1268 3824 signiﬁcat
1308 3765 1570 3809 secretum
1623 3752 1734 3806 Dei.

194 3848 249 3902 In
274 3862 398 3902 arca
419 3849 564 3916 jussa
594 3853 718 3900 sunt
746 3847 867 3914 poni
895 3846 1010 3909 lex,
1051 3855 1104 3899 et
1131 3858 1343 3912 manna,
1371 3852 1428 3899 et
1455 3845 1599 3913 virga
1634 3846 1738 3895 Aa-

194 3956 311 3994 ron.
337 3938 396 3991 ln
419 3938 560 4006 Lege
585 3947 846 4006 praecepta
867 3945 1008 4001 sunt,
1051 3938 1191 4006 virga
1223 3945 1454 4004 potestas
1479 3936 1741 4004 significa-

195 4034 280 4078 tur
324 4020 1036 4095 [potestatem,signiﬁcat],
1080 4038 1270 4076 manna
1317 4024 1564 4091 gratiam,
1617 4023 1739 4089 quia

194 4115 294 4168 nisi
322 4127 443 4169 cum
471 4115 658 4182 gratia,
687 4108 790 4166 rion
830 4123 911 4166 est
940 4122 1171 4181 potestas
1203 4122 1457 4182 prtecepta
1493 4113 1737 4168 faciendi.

197 4204 568 4258 Verumtamen
607 4205 728 4273 quia
771 4196 857 4257 les
893 4219 921 4257 a
947 4205 1138 4272 quovis
1182 4204 1486 4272 proliciente
1527 4219 1631 4258 non
1675 4220 1738 4259 ex

193 4296 338 4352 omni
371 4308 518 4363 parte
555 4296 873 4363 completur,
926 4296 1340 4364 propitiatorium
1381 4304 1466 4350 est
1491 4296 1736 4365 desuper.

193 4387 272 4440 Ad
304 4387 404 4441 hoc
433 4387 573 4439 enim
601 4399 732 4455 Opus
761 4397 841 4439 est
875 4394 928 4437 ut
960 4386 1214 4454 propitius
1244 4384 1310 4438 sit
1336 4384 1497 4451 Deus,
1539 4393 1593 4438 et
1621 4385 1738 4437 ideo

1839 3212 1939 3267 hoc
1986 3215 2180 3269 sacculo
2223 3231 2408 3282 parare
2438 3216 2540 3270 illis
2585 3217 2885 3272 mansiones
2917 3219 3059 3288 regni
3106 3210 3382 3284 ctelorum,

1837 3316 1965 3371 quas
1989 3303 2134 3359 dabit
2155 3304 2253 3359 illis
2280 3307 2330 3359 in
2354 3307 2740 3362 resurrectione
2766 3316 3107 3373 mortuorum,
3132 3311 3382 3378 quoniam

1840 3395 2152 3448 transiturus
2179 3404 2303 3449 ante
2332 3410 2514 3450 omnes
2555 3390 2934 3468 primogenitus
2961 3413 2991 3451 a
3022 3401 3240 3452 mortuis
3277 3399 3377 3454 fac-

1838 3493 1922 3539 tus
1947 3497 2048 3539 εει.
2080 3485 2311 3539 Gratiam
2347 3500 2473 3541 vero
2515 3502 2664 3540 suam
2696 3487 2748 3540 in
2790 3488 2853 3543 e'o
2893 3487 3007 3554 ipso
3047 3488 3197 3542 valde
3239 3502 3386 3542 com-

1839 3575 2089 3641 mendat,
2140 3590 2258 3630 cum
2306 3576 2469 3641 dicit,
2505 3576 2569 3629 Et
2607 3578 2808 3631 vocabo
2851 3593 3041 3631 nomen
3086 3578 3288 3631 Domini
3333 3580 3385 3632 in
3416 3560 3424 3587 ⁷’

1838 3674 2124 3732 conspectu
2164 3677 2272 3733 tuo,
2312 3678 2554 3734 tanquam
2590 3668 2641 3720 iu
2673 3679 2954 3737 conspectu
2999 3671 3174 3737 populi
3205 3669 3383 3733 Israel,

1838 3755 1986 3824 cujus
2017 3755 2242 3824 Moyses,
2274 3770 2393 3809 cum
2426 3755 2538 3809 haec
2575 3757 2781 3811 audiret
2819 3768 3018 3827 typum,
3057 3760 3292 3827 gerebat.
3327 3761 3380 3813 in

1839 3854 2125 3912 conspectu
2175 3846 2314 3898 enim
2345 3846 2517 3913 gentis
2559 3846 2720 3915 ipsius
2750 3848 2938 3917 ubique
2982 3848 3255 3917 dispersae,
3288 3866 3383 3904 vo-

1839 3943 1989 3987 catur
2036 3935 2287 3989 Dominus
2330 3934 2569 3992 Christus
2613 3939 2663 3991 in
2713 3940 2954 3995 omnibus
2983 3943 3240 4009 gentibus.
3283 3943 3386 3995 Vo-

1839 4025 1970 4078 cabo
2021 4036 2194 4080 autem
2239 4027 2390 4094 dixit,
2448 4041 2552 4080 non
2605 4029 2848 4094 vocabor,
2899 4030 3124 4083 activum
3167 4031 3384 4084 verbum

1840 4129 1935 4182 pro
1964 4116 2170 4184 passivo
2199 4129 2398 4183 ponens
2427 4115 2478 4169 in
2508 4132 2700 4186 genere
2725 4117 3004 4173 locutionis
3029 4120 3297 4185 inusitato,
3333 4124 3382 4175 in

1830 4212 1944 4274 quo
1972 4206 2215 4258 nimirum
2244 4220 2462 4273 magnus
2491 4220 2678 4261 sensus
2709 4207 2862 4272 latet;
2894 4210 2968 4262 sic
2993 4210 3132 4264 enim
3164 4209 3386 4265 fortasse

1839 4298 2137 4364 significare
2174 4297 2338 4351 voluit
2379 4299 2606 4363 seipsum
2641 4300 2739 4352 hoc
2770 4301 2942 4354 facere
2964 4338 2982 4365 ,
3031 4302 3080 4355 id
3110 4312 3190 4355 est
3220 4305 3386 4371 gratia

1841 4401 1932 4441 sua
1962 4387 2075 4441 ﬁeri
2107 4396 2162 4440 ut
2191 4397 2408 4440 vocetur
2439 4389 2688 4442 Dominus
2717 4390 2769 4443 in
2810 4391 3057 4444 omnibus
3096 4393 3338 4460 gentibus
3371 4412 3384 4458 ς

194 4475 427 4542 desuper
482 4473 724 4543 ponitur,
777 4479 896 4542 quia
942 4475 1330 4542 superexsultat
1377 4474 1734 4528 misericordia
1766 4467 1818 4526 D
1842 4476 1980 4544 quod
2004 4490 2127 4529 vero
2153 4475 2386 4542 addidit,
2416 4475 2480 4528 Et
2504 4477 2794 4532 miserebor
2812 4479 2894 4530 cui
2923 4481 3168 4533 misertus
3194 4495 3306 4547 ero,
3337 4491 3387 4536 et

194 4564 406 4633 iudicio.
441 4567 551 4617 Duo
575 4565 714 4618 enim
741 4561 908 4637 [tero]
934 4564 1194 4618 Cherubin
1221 4565 1401 4633 pennis
1424 4567 1532 4618 suis
1554 4565 1736 4618 obum-

194 4657 351 4709 brant
381 4656 823 4724 propitiatorium,
856 4655 906 4709 id
937 4665 1019 4709 est
1045 4655 1302 4709 honorant
1331 4657 1572 4722 velanda,
1605 4672 1737 4723 quo-

194 4751 334 4803 niam
361 4749 649 4814 ministeria
679 4745 967 4819 [mysteria]
1000 4747 1068 4802 ibi
1097 4747 1192 4800 ista
1213 4755 1335 4801 sunt
1361 4757 1415 4801 et
1436 4745 1655 4800 invicem
1679 4762 1738 4801 se

193 4841 490 4908 attendunt,
535 4840 654 4908 quia
695 4847 1004 4894 consonant.
1049 4839 1158 4891 Duo
1204 4839 1395 4906 quippe
1437 4837 1505 4890 ibi
1550 4837 1736 4890 Testa-

193 4939 369 4983 menta
400 4928 708 4998 ﬁgurantur,
743 4938 795 4982 et
825 4928 998 4981 vultus
1027 4942 1207 4981 eorum
1239 4936 1358 4981 sunt
1399 4927 1451 4980 in
1482 4927 1736 4995 propitia-

193 5025 409 5087 torium,
441 5025 560 5092 quia
590 5022 999 5076 misericordiam
1029 5021 1118 5075 Dei
1147 5021 1397 5093 [Domini]
1427 5021 1479 5074 in
1504 5036 1604 5088 qua
1633 5033 1735 5073 una

193 5127 314 5180 spes
343 5121 444 5177 est,
480 5110 628 5164 valde
654 5111 1048 5164 commendant.
1101 5111 1330 5177 Denique
1361 5110 1484 5162 hinc
1527 5124 1585 5162 se
1613 5123 1735 5176 pro—

195 5202 336 5253 misit
369 5201 660 5253 locuturum
694 5198 830 5251 Deus
872 5198 935 5251 ad
985 5199 1196 5266 Moysen
1233 5198 1297 5252 de
1337 5198 1508 5252 medio
1536 5197 1736 5251 Cheru-

193 5291 278 5343 bin
305 5290 584 5363 desursum
617 5289 981 5356 pr0pitiatorii.
1015 5288 1179 5342 Porro
1209 5291 1253 5344 si
1291 5299 1531 5343 creatura
1577 5290 1738 5341 ratio-

193 5382 326 5435 nalis
351 5383 402 5434 in
443 5381 780 5434 multitudine
825 5381 1066 5433 scientiae
1101 5380 1362 5446 (quoniam
1398 5382 1532 5433 hanc
1561 5369 1739 5433 inter-

195 5474 537 5539 pretationem
571 5471 766 5524 habent
793 5469 1083 5539 Cherubin)
1115 5471 1316 5524 duobus
1344 5471 1471 5538 ipsis
1499 5469 1735 5522 animali-

199 5567 290 5617 bus
315 5563 659 5634 signiﬁcatur.
697 5562 813 5616 ideo
846 5563 948 5617 duo
980 5575 1099 5615 sunt
1140 5574 1192 5616 ut
1232 5563 1535 5617 societatem
1566 5563 1737 5614 chari-

202 5660 311 5712 tutis
341 5654 736 5719 commendent,
758 5667 809 5710 et
830 5655 946 5711 ideo
974 5656 1155 5724 pennis
1181 5657 1288 5712 suis
1311 5654 1564 5724 propitiat
1585 5654 1734 5708 tritnn

1844 4563 2254 4617 misericordiam
2297 4565 2555 4631 praestabo
2604 4566 2687 4617 cui
2722 4565 3132 4619 misericordiam
3186 4570 3386 4635 praesti-

1844 4665 1995 4719 tero;
2039 4654 2109 4720 ibi
2137 4654 2291 4721 plane
2320 4656 2619 4719 expressius
2659 4654 2888 4708 ostendit
2928 4654 3252 4710 vocationem
3284 4671 3387 4723 qua

1843 4757 1939 4796 nos
1959 4743 2162 4799 vocavit
2190 4743 2240 4796 in
2266 4757 2418 4796 suum
2449 4758 2666 4813 regnum
2689 4753 2742 4797 et
2766 4744 3002 4813 gloriam,
3031 4759 3132 4798 non
3157 4760 3251 4813 pro
3274 4761 3386 4800 me-

1843 4837 1956 4890 ritis
1997 4836 2209 4900 nostris,
2253 4837 2345 4889 sed
2402 4850 2496 4904 pro
2544 4835 2902 4889 misericordia
2957 4851 3070 4889 sua.
3128 4837 3386 4903 Quoniam

1841 4926 1979 4978 enim
2011 4938 2068 4978 se
2095 4934 2278 4992 gentes
2309 4924 2726 4978 introducturum
2775 4925 3115 4991 pollicebatur
3159 4927 3341 4981 dicens
3367 4968 3383 4993 ,

1847 5014 2050 5068 Vocabo
2075 5029 2261 5067 nomen
2292 5014 2492 5066 Domini
2523 5014 2571 5066 in
2594 5026 2874 5082 C(mSpectu
2908 5026 3013 5078 tuo;
3044 5020 3385 5070 commenda-

1840 5105 1914 5157 vit
1959 5107 2057 5158 hoc
2084 5119 2142 5157 se
2165 5104 2576 5157 misericorditer
2606 5106 2804 5168 facere,
2836 5103 2970 5157 sicut
2997 5107 3278 5172 Apostolus
3308 5108 3390 5160 di-

1841 5198 1946 5249 cit:
1976 5195 2101 5249 Dico
2131 5197 2268 5249 enim
2299 5195 2561 5248 Christum
2590 5195 2884 5247 ministrum
2916 5195 3072 5249 fuisse
3103 5197 3386 5250 circumci-

1843 5289 2027 5352 sionis,
2059 5298 2270 5354 propter
2295 5287 2564 5340 veritatem
2598 5286 2713 5351 Dei,
2745 5286 2811 5339 ad
2854 5287 3242 5341 conﬁrmandas
3266 5305 3387 5356 pro-

1843 5379 2120 5432 tnissiones
2147 5387 2375 5446 patrum,
2425 5389 2608 5447 gentes
2638 5389 2812 5432 autem
2843 5393 3000 5446 super
3028 5380 3388 5435 misericordia

1842 5472 2132 5536 gloriﬁcare
2165 5472 2346 5523 Deum.
2393 5470 2498 5521 lioc
2528 5484 2653 5536 ergo
2690 5469 2994 5538 prtedictum
3025 5477 3127 5533 est,
3168 5473 3388 5524 misere-

1844 5561 1938 5614 bor
1961 5562 2041 5612 cui
2085 5561 2330 5613 misertus
2356 5575 2469 5627 ero,
2497 5568 2549 5614 et
2577 5558 2986 5612 misericordiam
3015 5559 3275 5628 praestabo
3301 5563 3384 5615 cui

1848 5651 2257 5706 miscricordiam
2303 5651 2618 5720 prtesutcro.
2670 5648 2866 5715 Quibus
2906 5648 3080 5704 verbis
3121 5649 3386 5717 prohibuit
