  <div class='ocr_page' id='page_1' title='image "/cluster/home/n/w/nwhite01/storage/ocr_20150623/61-62/uva.x000827102/957.png"; bbox 0 0 3886 6224; ppageno 0'>
   <div class='ocr_carea' id='block_1_1' title="bbox 551 338 652 392">
    <p class='ocr_par' dir='ltr' id='par_1_1' title="bbox 551 338 652 392">
     <span class='ocr_line' id='line_1_1' title="bbox 551 338 652 392; baseline -0.01 -1"><span class='ocrx_word' id='word_1_1' title='bbox 551 338 652 392; x_wconf 72' lang='grc'><strong>739</strong></span> 
     </span>
    </p>
   </div>
   <div class='ocr_carea' id='block_1_2' title="bbox 1616 308 2702 386">
    <p class='ocr_par' dir='ltr' id='par_1_2' title="bbox 1616 308 2702 386">
     <span class='ocr_line' id='line_1_2' title="bbox 1616 308 2702 386; baseline -0.012 -12"><span class='ocrx_word' id='word_1_2' title='bbox 1616 322 1672 374; x_wconf 83' lang='grc'><strong>0.</strong></span> <span class='ocrx_word' id='word_1_3' title='bbox 1709 316 2018 374; x_wconf 71' lang='lat' dir='ltr'><strong>EUGYI‘HI</strong></span> <span class='ocrx_word' id='word_1_4' title='bbox 2062 308 2345 370; x_wconf 66' lang='lat' dir='ltr'><strong>ADBATIS</strong></span> <span class='ocrx_word' id='word_1_5' title='bbox 2385 308 2702 386; x_wconf 63' lang='lat' dir='ltr'><strong>AFRICAM</strong></span> 
     </span>
    </p>
   </div>
   <div class='ocr_carea' id='block_1_3' title="bbox 3660 300 3746 351">
    <p class='ocr_par' dir='ltr' id='par_1_3' title="bbox 3660 300 3746 351">
     <span class='ocr_line' id='line_1_3' title="bbox 3660 300 3746 351; baseline -0.012 0"><span class='ocrx_word' id='word_1_6' title='bbox 3660 300 3746 351; x_wconf 70' lang='lat' dir='ltr'><strong>7H</strong></span> 
     </span>
    </p>
   </div>
   <div class='ocr_carea' id='block_1_4' title="bbox 555 415 3744 512">
    <p class='ocr_par' dir='ltr' id='par_1_4' title="bbox 555 415 3744 512">
     <span class='ocr_line' id='line_1_4' title="bbox 555 415 3744 512; baseline -0.014 -2"><span class='ocrx_word' id='word_1_7' title='bbox 555 451 820 510; x_wconf 75' lang='lat' dir='ltr'><strong>hominem</strong></span> <span class='ocrx_word' id='word_1_8' title='bbox 851 449 989 503; x_wconf 86' lang='lat' dir='ltr'><strong>velut</strong></span> <span class='ocrx_word' id='word_1_9' title='bbox 1015 447 1077 499; x_wconf 90' lang='lat' dir='ltr'><strong>de</strong></span> <span class='ocrx_word' id='word_1_10' title='bbox 1107 442 1430 512; x_wconf 87' lang='lat' dir='ltr'><strong>propriarum</strong></span> <span class='ocrx_word' id='word_1_11' title='bbox 1464 415 1716 491; x_wconf 82' lang='lat' dir='ltr'><strong>virtutum</strong></span> <span class='ocrx_word' id='word_1_12' title='bbox 1755 438 1958 490; x_wconf 72' lang='lat' dir='ltr'><strong>meritis</strong></span> <span class='ocrx_word' id='word_1_13' title='bbox 1978 436 2087 501; x_wconf 72' lang='lat' dir='ltr'><strong>gln-</strong></span> <span class='ocrx_word' id='word_1_14' title='bbox 2119 438 2166 490; x_wconf 80' lang='grc' dir='ltr'><strong>Α</strong></span> <span class='ocrx_word' id='word_1_15' title='bbox 2194 430 2268 483; x_wconf 92' lang='lat' dir='ltr'><strong>ria</strong></span> <span class='ocrx_word' id='word_1_16' title='bbox 2296 441 2437 490; x_wconf 86' lang='lat' dir='ltr'><strong>mea,</strong></span> <span class='ocrx_word' id='word_1_17' title='bbox 2467 428 2555 480; x_wconf 88' lang='lat' dir='ltr'><strong>ubi</strong></span> <span class='ocrx_word' id='word_1_18' title='bbox 2589 425 2892 493; x_wconf 88' lang='lat' dir='ltr'><strong>intell&#39;gitur</strong></span> <span class='ocrx_word' id='word_1_19' title='bbox 2915 435 3029 492; x_wconf 86' lang='lat' dir='ltr'><strong>post</strong></span> <span class='ocrx_word' id='word_1_20' title='bbox 3061 426 3342 479; x_wconf 87' lang='lat' dir='ltr'><strong>transitum</strong></span> <span class='ocrx_word' id='word_1_21' title='bbox 3369 431 3532 476; x_wconf 81' lang='lat' dir='ltr'><strong>suum</strong></span> <span class='ocrx_word' id='word_1_22' title='bbox 3567 428 3744 489; x_wconf 67' lang='lat' dir='ltr'><strong>promi.</strong></span> 
     </span>
    </p>
   </div>
   <div class='ocr_carea' id='block_1_5' title="bbox 556 513 2089 611">
    <p class='ocr_par' dir='ltr' id='par_1_5' title="bbox 556 513 2089 611">
     <span class='ocr_line' id='line_1_5' title="bbox 556 513 2089 611; baseline -0.014 -12"><span class='ocrx_word' id='word_1_23' title='bbox 556 547 698 609; x_wconf 85' lang='lat' dir='ltr'><strong>riari,</strong></span> <span class='ocrx_word' id='word_1_24' title='bbox 718 554 784 611; x_wconf 14' lang='lat' dir='ltr'><strong>nul</strong></span> <span class='ocrx_word' id='word_1_25' title='bbox 808 542 890 606; x_wconf 91' lang='lat' dir='ltr'><strong>qui</strong></span> <span class='ocrx_word' id='word_1_26' title='bbox 916 537 1158 605; x_wconf 80' lang='lat' dir='ltr'><strong>gloriatur</strong></span> <span class='ocrx_word' id='word_1_27' title='bbox 1183 537 1231 585; x_wconf 88' lang='lat' dir='ltr'><strong>itt</strong></span> <span class='ocrx_word' id='word_1_28' title='bbox 1262 531 1480 584; x_wconf 81' lang='lat' dir='ltr'><strong>Domino</strong></span> <span class='ocrx_word' id='word_1_29' title='bbox 1502 513 1776 597; x_wconf 86' lang='lat' dir='ltr'><strong>glorietur.</strong></span> <span class='ocrx_word' id='word_1_30' title='bbox 1809 524 1923 582; x_wconf 80' lang='lat' dir='ltr'><strong>Non</strong></span> <span class='ocrx_word' id='word_1_31' title='bbox 1949 526 2089 581; x_wconf 88' lang='lat' dir='ltr'><strong>enim</strong></span> 
     </span>
    </p>
   </div>
   <div class='ocr_carea' id='block_1_6' title="bbox 556 619 2092 689">
    <p class='ocr_par' dir='ltr' id='par_1_6' title="bbox 556 619 2092 689">
     <span class='ocr_line' id='line_1_6' title="bbox 556 619 2092 689; baseline -0.012 0"><span class='ocrx_word' id='word_1_32' title='bbox 556 639 627 689; x_wconf 88' lang='lat' dir='ltr'><strong>:tit</strong></span> <span class='ocrx_word' id='word_1_33' title='bbox 661 632 945 688; x_wconf 87' lang='lat' dir='ltr'><strong>miserebor</strong></span> <span class='ocrx_word' id='word_1_34' title='bbox 975 627 1161 683; x_wconf 75' lang='lat' dir='ltr'><strong>talibus</strong></span> <span class='ocrx_word' id='word_1_35' title='bbox 1193 625 1268 675; x_wconf 77' lang='lat' dir='ltr'><strong>vel</strong></span> <span class='ocrx_word' id='word_1_36' title='bbox 1304 622 1511 677; x_wconf 75' lang='lat' dir='ltr'><strong>talibus.</strong></span> <span class='ocrx_word' id='word_1_37' title='bbox 1555 619 1647 674; x_wconf 84' lang='lat' dir='ltr'><strong>sed</strong></span> <span class='ocrx_word' id='word_1_38' title='bbox 1678 621 1760 674; x_wconf 90' lang='lat' dir='ltr'><strong>cui</strong></span> <span class='ocrx_word' id='word_1_39' title='bbox 1792 621 2092 673; x_wconf 86' lang='lat' dir='ltr'><strong>misericors</strong></span> 
     </span>
    </p>
   </div>
   <div class='ocr_carea' id='block_1_7' title="bbox 560 704 2095 790">
    <p class='ocr_par' dir='ltr' id='par_1_7' title="bbox 560 704 2095 790">
     <span class='ocr_line' id='line_1_7' title="bbox 560 704 2095 790; baseline -0.011 -12"><span class='ocrx_word' id='word_1_40' title='bbox 560 731 731 790; x_wconf 82' lang='lat' dir='ltr'><strong>fuero,</strong></span> <span class='ocrx_word' id='word_1_41' title='bbox 783 733 836 776; x_wconf 87' lang='lat' dir='ltr'><strong>ttt</strong></span> <span class='ocrx_word' id='word_1_42' title='bbox 879 721 1138 774; x_wconf 85' lang='lat' dir='ltr'><strong>nemiuem</strong></span> <span class='ocrx_word' id='word_1_43' title='bbox 1183 715 1599 784; x_wconf 65' lang='lat' dir='ltr'><strong>praecedentibus</strong></span> <span class='ocrx_word' id='word_1_44' title='bbox 1648 713 1799 765; x_wconf 87' lang='lat' dir='ltr'><strong>bonis</strong></span> <span class='ocrx_word' id='word_1_45' title='bbox 1832 704 2095 775; x_wconf 52' lang='lat' dir='ltr'><strong>&#39;operihus</strong></span> 
     </span>
    </p>
   </div>
   <div class='ocr_carea' id='block_1_8' title="bbox 555 798 2090 872">
    <p class='ocr_par' dir='ltr' id='par_1_8' title="bbox 555 798 2090 872">
     <span class='ocr_line' id='line_1_8' title="bbox 555 798 2090 872; baseline -0.013 -2"><span class='ocrx_word' id='word_1_46' title='bbox 555 821 663 872; x_wconf 88' lang='lat' dir='ltr'><strong>suis</strong></span> <span class='ocrx_word' id='word_1_47' title='bbox 705 812 1116 869; x_wconf 86' lang='lat' dir='ltr'><strong>misericordiam</strong></span> <span class='ocrx_word' id='word_1_48' title='bbox 1166 811 1322 859; x_wconf 65' lang='lat' dir='ltr'><strong>tanta:</strong></span> <span class='ocrx_word' id='word_1_49' title='bbox 1375 805 1666 860; x_wconf 62' lang='lat' dir='ltr'><strong>vocationis</strong></span> <span class='ocrx_word' id='word_1_50' title='bbox 1705 803 1958 854; x_wconf 85' lang='lat' dir='ltr'><strong>meruisse</strong></span> <span class='ocrx_word' id='word_1_51' title='bbox 1999 798 2090 851; x_wconf 89' lang='lat' dir='ltr'><strong>de-</strong></span> 
     </span>
    </p>
   </div>
   <div class='ocr_carea' id='block_1_9' title="bbox 556 884 2098 972">
    <p class='ocr_par' dir='ltr' id='par_1_9' title="bbox 556 884 2098 972">
     <span class='ocr_line' id='line_1_9' title="bbox 556 884 2098 972; baseline -0.012 -12"><span class='ocrx_word' id='word_1_52' title='bbox 556 884 813 960; x_wconf 82' lang='lat' dir='ltr'><strong>monstret</strong></span> <span class='ocrx_word' id='word_1_53' title='bbox 861 903 940 972; x_wconf 89' lang='lat' dir='ltr'><strong>[se</strong></span> <span class='ocrx_word' id='word_1_54' title='bbox 987 896 1418 966; x_wconf 81' lang='lat' dir='ltr'><strong>demonstraret].</strong></span> <span class='ocrx_word' id='word_1_55' title='bbox 1481 896 1682 947; x_wconf 80' lang='lat' dir='ltr'><strong>Etenim</strong></span> <span class='ocrx_word' id='word_1_56' title='bbox 1729 891 1972 945; x_wconf 74' lang='lat' dir='ltr'><strong>Christus</strong></span> <span class='ocrx_word' id='word_1_57' title='bbox 2005 905 2098 954; x_wconf 88' lang='lat' dir='ltr'><strong>pro</strong></span> 
     </span>
    </p>
   </div>
   <div class='ocr_carea' id='block_1_10' title="bbox 557 980 2102 1059">
    <p class='ocr_par' dir='ltr' id='par_1_10' title="bbox 557 980 2102 1059">
     <span class='ocr_line' id='line_1_10' title="bbox 557 980 2102 1059; baseline -0.01 -13"><span class='ocrx_word' id='word_1_58' title='bbox 557 995 727 1059; x_wconf 82' lang='lat' dir='ltr'><strong>impiis</strong></span> <span class='ocrx_word' id='word_1_59' title='bbox 760 1002 996 1044; x_wconf 89' lang='lat' dir='ltr'><strong>mortuus</strong></span> <span class='ocrx_word' id='word_1_60' title='bbox 1027 998 1125 1041; x_wconf 82' lang='lat' dir='ltr'><strong>est.</strong></span> <span class='ocrx_word' id='word_1_61' title='bbox 1173 986 1278 1041; x_wconf 87' lang='lat' dir='ltr'><strong>Sed</strong></span> <span class='ocrx_word' id='word_1_62' title='bbox 1323 993 1491 1037; x_wconf 90' lang='lat' dir='ltr'><strong>utrum</strong></span> <span class='ocrx_word' id='word_1_63' title='bbox 1536 983 1634 1034; x_wconf 86' lang='lat' dir='ltr'><strong>hoc</strong></span> <span class='ocrx_word' id='word_1_64' title='bbox 1672 980 1810 1033; x_wconf 87' lang='lat' dir='ltr'><strong>idem</strong></span> <span class='ocrx_word' id='word_1_65' title='bbox 1857 992 2102 1043; x_wconf 67' lang='lat' dir='ltr'><strong>repe&#39;ere~</strong></span> 
     </span>
    </p>
   </div>
   <div class='ocr_carea' id='block_1_11' title="bbox 557 1069 2098 1140">
    <p class='ocr_par' dir='ltr' id='par_1_11' title="bbox 557 1069 2098 1140">
     <span class='ocr_line' id='line_1_11' title="bbox 557 1069 2098 1140; baseline -0.01 -5"><span class='ocrx_word' id='word_1_66' title='bbox 557 1084 775 1138; x_wconf 85' lang='lat' dir='ltr'><strong>voluerit</strong></span> <span class='ocrx_word' id='word_1_67' title='bbox 818 1097 936 1135; x_wconf 87' lang='lat' dir='ltr'><strong>cum</strong></span> <span class='ocrx_word' id='word_1_68' title='bbox 986 1079 1218 1140; x_wconf 82' lang='lat' dir='ltr'><strong>addidit,</strong></span> <span class='ocrx_word' id='word_1_69' title='bbox 1254 1073 1659 1128; x_wconf 77' lang='lat' dir='ltr'><strong>Misericordiam</strong></span> <span class='ocrx_word' id='word_1_70' title='bbox 1709 1069 1972 1136; x_wconf 68' lang='lat' dir='ltr'><strong>prmstabn</strong></span> <span class='ocrx_word' id='word_1_71' title='bbox 2017 1070 2098 1120; x_wconf 92' lang='lat' dir='ltr'><strong>cui</strong></span> 
     </span>
    </p>
   </div>
   <div class='ocr_carea' id='block_1_12' title="bbox 557 1157 2101 1235">
    <p class='ocr_par' dir='ltr' id='par_1_12' title="bbox 557 1157 2101 1235">
     <span class='ocr_line' id='line_1_12' title="bbox 557 1157 2101 1235; baseline -0.01 -8"><span class='ocrx_word' id='word_1_72' title='bbox 557 1170 970 1227; x_wconf 83' lang='lat' dir='ltr'><strong>misericordiam</strong></span> <span class='ocrx_word' id='word_1_73' title='bbox 1003 1168 1311 1235; x_wconf 64' lang='lat' dir='ltr'><strong>praestitero,</strong></span> <span class='ocrx_word' id='word_1_74' title='bbox 1347 1163 1447 1225; x_wconf 81' lang='lat' dir='ltr'><strong>vel,</strong></span> <span class='ocrx_word' id='word_1_75' title='bbox 1481 1163 1617 1215; x_wconf 89' lang='lat' dir='ltr'><strong>sicut</strong></span> <span class='ocrx_word' id='word_1_76' title='bbox 1655 1158 1743 1212; x_wconf 86' lang='lat' dir='ltr'><strong>alii</strong></span> <span class='ocrx_word' id='word_1_77' title='bbox 1771 1157 2101 1226; x_wconf 78' lang='lat' dir='ltr'><strong>interpretati</strong></span> 
     </span>
    </p>
   </div>
   <div class='ocr_carea' id='block_1_13' title="bbox 557 1249 2098 1330">
    <p class='ocr_par' dir='ltr' id='par_1_13' title="bbox 557 1249 2098 1330">
     <span class='ocr_line' id='line_1_13' title="bbox 557 1249 2098 1330; baseline -0.01 -13"><span class='ocrx_word' id='word_1_78' title='bbox 557 1278 677 1318; x_wconf 87' lang='lat' dir='ltr'><strong>sunt</strong></span> <span class='ocrx_word' id='word_1_79' title='bbox 698 1306 712 1330; x_wconf 91' lang='lat'><strong>,</strong></span> <span class='ocrx_word' id='word_1_80' title='bbox 735 1262 828 1316; x_wconf 86' lang='lat' dir='ltr'><strong>Cui</strong></span> <span class='ocrx_word' id='word_1_81' title='bbox 854 1259 1150 1314; x_wconf 69' lang='lat' dir='ltr'><strong>misericors</strong></span> <span class='ocrx_word' id='word_1_82' title='bbox 1179 1254 1344 1318; x_wconf 91' lang='lat' dir='ltr'><strong>fuero,</strong></span> <span class='ocrx_word' id='word_1_83' title='bbox 1368 1268 1432 1307; x_wconf 88' lang='lat' dir='ltr'><strong>an</strong></span> <span class='ocrx_word' id='word_1_84' title='bbox 1455 1253 1648 1320; x_wconf 82' lang='lat' dir='ltr'><strong>aliquid</strong></span> <span class='ocrx_word' id='word_1_85' title='bbox 1675 1251 1880 1306; x_wconf 90' lang='lat' dir='ltr'><strong>intersit</strong></span> <span class='ocrx_word' id='word_1_86' title='bbox 1900 1249 2098 1312; x_wconf 87' lang='lat' dir='ltr'><strong>nescio,</strong></span> 
     </span>
    </p>
   </div>
   <div class='ocr_carea' id='block_1_14' title="bbox 557 1339 2104 1422">
    <p class='ocr_par' dir='ltr' id='par_1_14' title="bbox 557 1339 2104 1422">
     <span class='ocr_line' id='line_1_14' title="bbox 557 1339 2104 1422; baseline -0.005 -18"><span class='ocrx_word' id='word_1_87' title='bbox 557 1357 693 1422; x_wconf 80' lang='lat' dir='ltr'><strong>quod</strong></span> <span class='ocrx_word' id='word_1_88' title='bbox 727 1355 864 1409; x_wconf 90' lang='lat' dir='ltr'><strong>enim</strong></span> <span class='ocrx_word' id='word_1_89' title='bbox 893 1353 943 1404; x_wconf 92' lang='lat' dir='ltr'><strong>in</strong></span> <span class='ocrx_word' id='word_1_90' title='bbox 966 1339 1144 1406; x_wconf 64' lang='lat' dir='ltr'><strong>Graeca</strong></span> <span class='ocrx_word' id='word_1_91' title='bbox 1169 1347 1349 1417; x_wconf 78' lang='lat' dir='ltr'><strong>lingua</strong></span> <span class='ocrx_word' id='word_1_92' title='bbox 1362 1347 1564 1400; x_wconf 88' lang='lat' dir='ltr'><strong>duobus</strong></span> <span class='ocrx_word' id='word_1_93' title='bbox 1585 1343 1767 1410; x_wconf 84' lang='lat' dir='ltr'><strong>verbis</strong></span> <span class='ocrx_word' id='word_1_94' title='bbox 1798 1343 1994 1398; x_wconf 90' lang='lat' dir='ltr'><strong>dictum</strong></span> <span class='ocrx_word' id='word_1_95' title='bbox 2021 1351 2104 1398; x_wconf 88' lang='lat' dir='ltr'><strong>est</strong></span> 
     </span>
    </p>
   </div>
   <div class='ocr_carea' id='block_1_15' title="bbox 558 1435 2104 1516">
    <p class='ocr_par' dir='ltr' id='par_1_15' title="bbox 558 1435 2104 1516">
     <span class='ocr_line' id='line_1_15' title="bbox 558 1435 2104 1516; baseline -0.008 -16"><span class='ocrx_word' id='word_1_96' title='bbox 558 1449 743 1505; x_wconf 76' lang='grc' dir='ltr'><strong>ἐλεὴσω</strong></span> <span class='ocrx_word' id='word_1_97' title='bbox 771 1453 823 1497; x_wconf 84' lang='lat' dir='ltr'><strong>ct</strong></span> <span class='ocrx_word' id='word_1_98' title='bbox 843 1441 1154 1516; x_wconf 52' lang='lat' dir='ltr'><strong>oixrrtpiaw,</strong></span> <span class='ocrx_word' id='word_1_99' title='bbox 1189 1435 1325 1507; x_wconf 84' lang='lat' dir='ltr'><strong>quod</strong></span> <span class='ocrx_word' id='word_1_100' title='bbox 1350 1449 1510 1490; x_wconf 79' lang='lat' dir='ltr'><strong>Unum</strong></span> <span class='ocrx_word' id='word_1_101' title='bbox 1548 1446 1700 1504; x_wconf 91' lang='lat' dir='ltr'><strong>atque</strong></span> <span class='ocrx_word' id='word_1_102' title='bbox 1732 1437 1869 1490; x_wconf 81' lang='lat' dir='ltr'><strong>idem</strong></span> <span class='ocrx_word' id='word_1_103' title='bbox 1900 1435 2104 1489; x_wconf 83' lang='lat' dir='ltr'><strong>videtur</strong></span> 
     </span>
    </p>
   </div>
   <div class='ocr_carea' id='block_1_16' title="bbox 559 1521 2100 1600">
    <p class='ocr_par' dir='ltr' id='par_1_16' title="bbox 559 1521 2100 1600">
     <span class='ocr_line' id='line_1_16' title="bbox 559 1521 2100 1600; baseline -0.006 -15"><span class='ocrx_word' id='word_1_104' title='bbox 559 1531 740 1600; x_wconf 62' lang='lat' dir='ltr'><strong>signifi:</strong></span> <span class='ocrx_word' id='word_1_105' title='bbox 761 1549 871 1596; x_wconf 92' lang='lat' dir='ltr'><strong>are,</strong></span> <span class='ocrx_word' id='word_1_106' title='bbox 902 1548 1003 1585; x_wconf 92' lang='lat' dir='ltr'><strong>non</strong></span> <span class='ocrx_word' id='word_1_107' title='bbox 1026 1530 1190 1600; x_wconf 90' lang='lat' dir='ltr'><strong>potuit</strong></span> <span class='ocrx_word' id='word_1_108' title='bbox 1218 1525 1431 1582; x_wconf 85' lang='lat' dir='ltr'><strong>Latinus</strong></span> <span class='ocrx_word' id='word_1_109' title='bbox 1457 1527 1678 1580; x_wconf 82' lang='lat' dir='ltr'><strong>diversis</strong></span> <span class='ocrx_word' id='word_1_110' title='bbox 1705 1521 1880 1580; x_wconf 69' lang='lat' dir='ltr'><strong>Verbis</strong></span> <span class='ocrx_word' id='word_1_111' title='bbox 1901 1525 2100 1587; x_wconf 86' lang='lat' dir='ltr'><strong>dicere,</strong></span> 
     </span>
    </p>
   </div>
   <div class='ocr_carea' id='block_1_17' title="bbox 560 1614 2100 1681">
    <p class='ocr_par' dir='ltr' id='par_1_17' title="bbox 560 1614 2100 1681">
     <span class='ocr_line' id='line_1_17' title="bbox 560 1614 2100 1681; baseline -0.008 0"><span class='ocrx_word' id='word_1_112' title='bbox 560 1640 610 1681; x_wconf 79' lang='lat' dir='ltr'><strong>rt</strong></span> <span class='ocrx_word' id='word_1_113' title='bbox 640 1626 858 1681; x_wconf 77' lang='lat' dir='ltr'><strong>diversis</strong></span> <span class='ocrx_word' id='word_1_114' title='bbox 895 1625 1062 1677; x_wconf 90' lang='lat' dir='ltr'><strong>modis</strong></span> <span class='ocrx_word' id='word_1_115' title='bbox 1099 1621 1335 1676; x_wconf 88' lang='lat' dir='ltr'><strong>eamdem</strong></span> <span class='ocrx_word' id='word_1_116' title='bbox 1379 1616 1791 1672; x_wconf 48' lang='lat' dir='ltr'><strong>misericordiam</strong></span> <span class='ocrx_word' id='word_1_117' title='bbox 1833 1614 2100 1681; x_wconf 81' lang='lat' dir='ltr'><strong>repetivit.</strong></span> 
     </span>
    </p>
   </div>
   <div class='ocr_carea' id='block_1_18' title="bbox 559 1704 2100 1773">
    <p class='ocr_par' dir='ltr' id='par_1_18' title="bbox 559 1704 2100 1773">
     <span class='ocr_line' id='line_1_18' title="bbox 559 1704 2100 1773; baseline -0.012 -1"><span class='ocrx_word' id='word_1_118' title='bbox 559 1719 612 1772; x_wconf 84' lang='lat' dir='ltr'><strong>Si</strong></span> <span class='ocrx_word' id='word_1_119' title='bbox 641 1726 813 1769; x_wconf 89' lang='lat' dir='ltr'><strong>autem</strong></span> <span class='ocrx_word' id='word_1_120' title='bbox 845 1712 1126 1773; x_wconf 77' lang='lat' dir='ltr'><strong>diceretur,</strong></span> <span class='ocrx_word' id='word_1_121' title='bbox 1172 1708 1461 1763; x_wconf 75' lang='lat' dir='ltr'><strong>miserebor</strong></span> <span class='ocrx_word' id='word_1_122' title='bbox 1490 1705 1573 1760; x_wconf 85' lang='lat' dir='ltr'><strong>cui</strong></span> <span class='ocrx_word' id='word_1_123' title='bbox 1606 1706 1877 1767; x_wconf 88' lang='lat' dir='ltr'><strong>misereor,</strong></span> <span class='ocrx_word' id='word_1_124' title='bbox 1909 1712 1962 1756; x_wconf 88' lang='lat' dir='ltr'><strong>et</strong></span> <span class='ocrx_word' id='word_1_125' title='bbox 2000 1704 2100 1756; x_wconf 85' lang='lat' dir='ltr'><strong>nti-</strong></span> 
     </span>
    </p>
   </div>
   <div class='ocr_carea' id='block_1_19' title="bbox 2196 517 3745 591">
    <p class='ocr_par' dir='ltr' id='par_1_19' title="bbox 2196 517 3745 591">
     <span class='ocr_line' id='line_1_19' title="bbox 2196 517 3745 591; baseline -0.008 -14"><span class='ocrx_word' id='word_1_126' title='bbox 2196 523 2329 578; x_wconf 88' lang='lat' dir='ltr'><strong>sisse</strong></span> <span class='ocrx_word' id='word_1_127' title='bbox 2357 535 2514 591; x_wconf 87' lang='lat' dir='ltr'><strong>super</strong></span> <span class='ocrx_word' id='word_1_128' title='bbox 2545 529 2741 588; x_wconf 82' lang='lat' dir='ltr'><strong>petram</strong></span> <span class='ocrx_word' id='word_1_129' title='bbox 2776 521 3152 583; x_wconf 82' lang='lat' dir='ltr'><strong>stabilitatem;</strong></span> <span class='ocrx_word' id='word_1_130' title='bbox 3187 517 3461 588; x_wconf 90' lang='lat' dir='ltr'><strong>quomodo</strong></span> <span class='ocrx_word' id='word_1_131' title='bbox 3493 517 3745 582; x_wconf 51' lang='lat' dir='ltr'><strong>accipiet»</strong></span> 
     </span>
    </p>
   </div>
   <div class='ocr_carea' id='block_1_20' title="bbox 2196 604 3746 677">
    <p class='ocr_par' dir='ltr' id='par_1_20' title="bbox 2196 604 3746 677">
     <span class='ocr_line' id='line_1_20' title="bbox 2196 604 3746 677; baseline -0.006 -13"><span class='ocrx_word' id='word_1_132' title='bbox 2196 615 2318 664; x_wconf 90' lang='lat' dir='ltr'><strong>dum</strong></span> <span class='ocrx_word' id='word_1_133' title='bbox 2349 620 2427 665; x_wconf 86' lang='lat' dir='ltr'><strong>est</strong></span> <span class='ocrx_word' id='word_1_134' title='bbox 2455 605 2594 676; x_wconf 85' lang='lat' dir='ltr'><strong>quod</strong></span> <span class='ocrx_word' id='word_1_135' title='bbox 2629 609 2735 662; x_wconf 84' lang='lat' dir='ltr'><strong>‘ait:</strong></span> <span class='ocrx_word' id='word_1_136' title='bbox 2777 609 2969 662; x_wconf 80' lang='lat' dir='ltr'><strong>Ponatn</strong></span> <span class='ocrx_word' id='word_1_137' title='bbox 3007 620 3054 660; x_wconf 88' lang='lat' dir='ltr'><strong>te</strong></span> <span class='ocrx_word' id='word_1_138' title='bbox 3087 611 3136 661; x_wconf 92' lang='lat' dir='ltr'><strong>in</strong></span> <span class='ocrx_word' id='word_1_139' title='bbox 3168 624 3395 663; x_wconf 63' lang='lat' dir='ltr'><strong>caverna</strong></span> <span class='ocrx_word' id='word_1_140' title='bbox 3429 604 3746 677; x_wconf 67' lang='lat' dir='ltr'><strong>[cavernam]</strong></span> 
     </span>
    </p>
   </div>
   <div class='ocr_carea' id='block_1_21' title="bbox 2199 696 3744 771">
    <p class='ocr_par' dir='ltr' id='par_1_21' title="bbox 2199 696 3744 771">
     <span class='ocr_line' id='line_1_21' title="bbox 2199 696 3744 771; baseline -0.006 -14"><span class='ocrx_word' id='word_1_141' title='bbox 2199 712 2377 771; x_wconf 65' lang='lat' dir='ltr'><strong>petrae,</strong></span> <span class='ocrx_word' id='word_1_142' title='bbox 2409 710 2460 755; x_wconf 91' lang='lat' dir='ltr'><strong>et</strong></span> <span class='ocrx_word' id='word_1_143' title='bbox 2491 713 2654 755; x_wconf 83' lang='lat' dir='ltr'><strong>te:am</strong></span> <span class='ocrx_word' id='word_1_144' title='bbox 2691 715 2843 752; x_wconf 91' lang='lat' dir='ltr'><strong>manu</strong></span> <span class='ocrx_word' id='word_1_145' title='bbox 2874 715 2984 752; x_wconf 88' lang='lat' dir='ltr'><strong>mea</strong></span> <span class='ocrx_word' id='word_1_146' title='bbox 3016 699 3248 770; x_wconf 84' lang='lat' dir='ltr'><strong>[manum</strong></span> <span class='ocrx_word' id='word_1_147' title='bbox 3284 696 3480 768; x_wconf 85' lang='lat' dir='ltr'><strong>meam]</strong></span> <span class='ocrx_word' id='word_1_148' title='bbox 3516 713 3678 764; x_wconf 81' lang='lat' dir='ltr'><strong>super</strong></span> <span class='ocrx_word' id='word_1_149' title='bbox 3704 709 3744 748; x_wconf 79' lang='lat' dir='ltr'><strong>te</strong></span> 
     </span>
    </p>
   </div>
   <div class='ocr_carea' id='block_1_22' title="bbox 2199 790 3744 850">
    <p class='ocr_par' dir='ltr' id='par_1_22' title="bbox 2199 790 3744 850">
     <span class='ocr_line' id='line_1_22' title="bbox 2199 790 3744 850; baseline -0.007 -3"><span class='ocrx_word' id='word_1_150' title='bbox 2199 796 2365 847; x_wconf 74' lang='lat' dir='ltr'><strong>donec</strong></span> <span class='ocrx_word' id='word_1_151' title='bbox 2397 803 2652 846; x_wconf 85' lang='lat' dir='ltr'><strong>transeam</strong></span> <span class='ocrx_word' id='word_1_152' title='bbox 2691 802 2740 842; x_wconf 85' lang='lat' dir='ltr'><strong>et</strong></span> <span class='ocrx_word' id='word_1_153' title='bbox 2772 790 3000 844; x_wconf 70' lang='lat' dir='ltr'><strong>auferam</strong></span> <span class='ocrx_word' id='word_1_154' title='bbox 3041 807 3250 843; x_wconf 69' lang='lat' dir='ltr'><strong>manum</strong></span> <span class='ocrx_word' id='word_1_155' title='bbox 3305 806 3498 850; x_wconf 90' lang='lat' dir='ltr'><strong>meam,</strong></span> <span class='ocrx_word' id='word_1_156' title='bbox 3547 797 3606 841; x_wconf 89' lang='lat' dir='ltr'><strong>et</strong></span> <span class='ocrx_word' id='word_1_157' title='bbox 3639 797 3744 839; x_wconf 77' lang='lat' dir='ltr'><strong>tun-2</strong></span> 
     </span>
    </p>
   </div>
   <div class='ocr_carea' id='block_1_23' title="bbox 2199 878 3742 952">
    <p class='ocr_par' dir='ltr' id='par_1_23' title="bbox 2199 878 3742 952">
     <span class='ocr_line' id='line_1_23' title="bbox 2199 878 3742 952; baseline -0.006 -14"><span class='ocrx_word' id='word_1_158' title='bbox 2199 885 2404 939; x_wconf 51' lang='lat' dir='ltr'><strong>vidrbis</strong></span> <span class='ocrx_word' id='word_1_159' title='bbox 2434 884 2727 952; x_wconf 73' lang='lat' dir='ltr'><strong>posteriora</strong></span> <span class='ocrx_word' id='word_1_160' title='bbox 2753 878 2901 935; x_wconf 79' lang='lat' dir='ltr'><strong>mea?</strong></span> <span class='ocrx_word' id='word_1_161' title='bbox 2931 884 3074 951; x_wconf 91' lang='lat' dir='ltr'><strong>quasi</strong></span> <span class='ocrx_word' id='word_1_162' title='bbox 3097 882 3201 949; x_wconf 74' lang='lat' dir='ltr'><strong>jam</strong></span> <span class='ocrx_word' id='word_1_163' title='bbox 3235 881 3323 932; x_wconf 92' lang='lat' dir='ltr'><strong>illo</strong></span> <span class='ocrx_word' id='word_1_164' title='bbox 3350 880 3400 932; x_wconf 90' lang='lat' dir='ltr'><strong>iu</strong></span> <span class='ocrx_word' id='word_1_165' title='bbox 3435 891 3596 948; x_wconf 78' lang='lat' dir='ltr'><strong>petra</strong></span> <span class='ocrx_word' id='word_1_166' title='bbox 3628 889 3742 930; x_wconf 63' lang='lat' dir='ltr'><strong>eos.</strong></span> 
     </span>
    </p>
   </div>
   <div class='ocr_carea' id='block_1_24' title="bbox 2199 971 3745 1044">
    <p class='ocr_par' dir='ltr' id='par_1_24' title="bbox 2199 971 3745 1044">
     <span class='ocr_line' id='line_1_24' title="bbox 2199 971 3745 1044; baseline -0.006 -16"><span class='ocrx_word' id='word_1_167' title='bbox 2199 982 2385 1029; x_wconf 70' lang='lat' dir='ltr'><strong>Sl&#39;llilo</strong></span> <span class='ocrx_word' id='word_1_168' title='bbox 2410 985 2547 1044; x_wconf 81' lang='lat' dir='ltr'><strong>tegat</strong></span> <span class='ocrx_word' id='word_1_169' title='bbox 2577 987 2843 1026; x_wconf 86' lang='lat' dir='ltr'><strong>manusua</strong></span> <span class='ocrx_word' id='word_1_170' title='bbox 2875 971 3109 1043; x_wconf 86' lang='lat' dir='ltr'><strong>[manum</strong></span> <span class='ocrx_word' id='word_1_171' title='bbox 3144 971 3314 1040; x_wconf 87' lang='lat' dir='ltr'><strong>suam]</strong></span> <span class='ocrx_word' id='word_1_172' title='bbox 3338 987 3433 1035; x_wconf 64' lang='lat' dir='ltr'><strong>sup</strong></span> <span class='ocrx_word' id='word_1_173' title='bbox 3473 988 3497 1021; x_wconf 93' lang='lat' dir='ltr'><strong>r</strong></span> <span class='ocrx_word' id='word_1_174' title='bbox 3524 985 3671 1026; x_wconf 78' lang='lat' dir='ltr'><strong>eum.</strong></span> <span class='ocrx_word' id='word_1_175' title='bbox 3703 980 3745 1020; x_wconf 81' lang='lat' dir='ltr'><strong>et</strong></span> 
     </span>
    </p>
   </div>
   <div class='ocr_carea' id='block_1_25' title="bbox 2202 1058 3744 1127">
    <p class='ocr_par' dir='ltr' id='par_1_25' title="bbox 2202 1058 3744 1127">
     <span class='ocr_line' id='line_1_25' title="bbox 2202 1058 3744 1127; baseline -0.006 -8"><span class='ocrx_word' id='word_1_176' title='bbox 2202 1065 2392 1119; x_wconf 89' lang='lat' dir='ltr'><strong>deinde</strong></span> <span class='ocrx_word' id='word_1_177' title='bbox 2425 1074 2685 1126; x_wconf 82' lang='lat' dir='ltr'><strong>transeat,</strong></span> <span class='ocrx_word' id='word_1_178' title='bbox 2720 1080 2836 1116; x_wconf 90' lang='lat' dir='ltr'><strong>cum</strong></span> <span class='ocrx_word' id='word_1_179' title='bbox 2870 1078 2988 1116; x_wconf 75' lang='lat' dir='ltr'><strong>esse</strong></span> <span class='ocrx_word' id='word_1_180' title='bbox 3020 1059 3068 1115; x_wconf 92' lang='lat' dir='ltr'><strong>in</strong></span> <span class='ocrx_word' id='word_1_181' title='bbox 3107 1072 3251 1127; x_wconf 86' lang='lat' dir='ltr'><strong>petra</strong></span> <span class='ocrx_word' id='word_1_182' title='bbox 3296 1077 3396 1112; x_wconf 89' lang='lat' dir='ltr'><strong>non</strong></span> <span class='ocrx_word' id='word_1_183' title='bbox 3447 1062 3623 1126; x_wconf 80' lang='lat' dir='ltr'><strong>possit</strong></span> <span class='ocrx_word' id='word_1_184' title='bbox 3660 1058 3744 1109; x_wconf 69' lang='lat' dir='ltr'><strong>nisi</strong></span> 
     </span>
    </p>
   </div>
   <div class='ocr_carea' id='block_1_26' title="bbox 2205 1148 3746 1226">
    <p class='ocr_par' dir='ltr' id='par_1_26' title="bbox 2205 1148 3746 1226">
     <span class='ocr_line' id='line_1_26' title="bbox 2205 1148 3746 1226; baseline -0.007 -17"><span class='ocrx_word' id='word_1_185' title='bbox 2205 1167 2319 1226; x_wconf 74' lang='lat' dir='ltr'><strong>pest</strong></span> <span class='ocrx_word' id='word_1_186' title='bbox 2368 1158 2480 1221; x_wconf 82' lang='lat' dir='ltr'><strong>ejus</strong></span> <span class='ocrx_word' id='word_1_187' title='bbox 2518 1157 2834 1219; x_wconf 79' lang='lat' dir='ltr'><strong>transitum,</strong></span> <span class='ocrx_word' id='word_1_188' title='bbox 2876 1153 2967 1206; x_wconf 90' lang='lat' dir='ltr'><strong>sed</strong></span> <span class='ocrx_word' id='word_1_189' title='bbox 3010 1153 3371 1208; x_wconf 72' lang='lat' dir='ltr'><strong>recapitulatio</strong></span> <span class='ocrx_word' id='word_1_190' title='bbox 3414 1148 3746 1217; x_wconf 73' lang='lat' dir='ltr'><strong>intelligrnda</strong></span> 
     </span>
    </p>
   </div>
   <div class='ocr_carea' id='block_1_27' title="bbox 2202 1241 3744 1313">
    <p class='ocr_par' dir='ltr' id='par_1_27' title="bbox 2202 1241 3744 1313">
     <span class='ocr_line' id='line_1_27' title="bbox 2202 1241 3744 1313; baseline -0.009 -13"><span class='ocrx_word' id='word_1_191' title='bbox 2202 1247 2379 1310; x_wconf 83' lang='lat' dir='ltr'><strong>estrei</strong></span> <span class='ocrx_word' id='word_1_192' title='bbox 2405 1246 2793 1313; x_wconf 58' lang='lat' dir='ltr'><strong>praetermissae,</strong></span> <span class='ocrx_word' id='word_1_193' title='bbox 2822 1244 2959 1310; x_wconf 85' lang='lat' dir='ltr'><strong>quali</strong></span> <span class='ocrx_word' id='word_1_194' title='bbox 2983 1244 3112 1295; x_wconf 88' lang='lat' dir='ltr'><strong>solet</strong></span> <span class='ocrx_word' id='word_1_195' title='bbox 3141 1247 3210 1293; x_wconf 73' lang='lat' dir='ltr'><strong>uti</strong></span> <span class='ocrx_word' id='word_1_196' title='bbox 3243 1242 3509 1306; x_wconf 70' lang='lat' dir='ltr'><strong>Scriptura</strong></span> <span class='ocrx_word' id='word_1_197' title='bbox 3545 1243 3602 1292; x_wconf 87' lang='lat' dir='ltr'><strong>in</strong></span> <span class='ocrx_word' id='word_1_198' title='bbox 3627 1241 3744 1292; x_wconf 74' lang='lat' dir='ltr'><strong>mnl~</strong></span> 
     </span>
    </p>
   </div>
   <div class='ocr_carea' id='block_1_28' title="bbox 2206 1332 3742 1403">
    <p class='ocr_par' dir='ltr' id='par_1_28' title="bbox 2206 1332 3742 1403">
     <span class='ocr_line' id='line_1_28' title="bbox 2206 1332 3742 1403; baseline -0.007 -12"><span class='ocrx_word' id='word_1_199' title='bbox 2206 1337 2272 1392; x_wconf 86' lang='lat' dir='ltr'><strong>tis</strong></span> <span class='ocrx_word' id='word_1_200' title='bbox 2299 1339 2451 1391; x_wconf 85' lang='lat' dir='ltr'><strong>locis.</strong></span> <span class='ocrx_word' id='word_1_201' title='bbox 2493 1334 2674 1390; x_wconf 82' lang='lat' dir='ltr'><strong>Postea</strong></span> <span class='ocrx_word' id='word_1_202' title='bbox 2718 1337 2911 1403; x_wconf 87' lang='lat' dir='ltr'><strong>quippe</strong></span> <span class='ocrx_word' id='word_1_203' title='bbox 2940 1334 3066 1386; x_wconf 80' lang='lat' dir='ltr'><strong>dixit</strong></span> <span class='ocrx_word' id='word_1_204' title='bbox 3099 1333 3233 1399; x_wconf 86' lang='lat' dir='ltr'><strong>quod</strong></span> <span class='ocrx_word' id='word_1_205' title='bbox 3281 1333 3465 1386; x_wconf 80' lang='lat' dir='ltr'><strong>ortlinc</strong></span> <span class='ocrx_word' id='word_1_206' title='bbox 3497 1332 3742 1396; x_wconf 45' lang='lat' dir='ltr'><strong>tempore</strong></span> 
     </span>
    </p>
   </div>
   <div class='ocr_carea' id='block_1_29' title="bbox 2205 1420 3740 1496">
    <p class='ocr_par' dir='ltr' id='par_1_29' title="bbox 2205 1420 3740 1496">
     <span class='ocr_line' id='line_1_29' title="bbox 2205 1420 3740 1496; baseline -0.009 -14"><span class='ocrx_word' id='word_1_207' title='bbox 2205 1428 2348 1496; x_wconf 84' lang='lat' dir='ltr'><strong>prius</strong></span> <span class='ocrx_word' id='word_1_208' title='bbox 2378 1438 2478 1481; x_wconf 90' lang='lat' dir='ltr'><strong>est.</strong></span> <span class='ocrx_word' id='word_1_209' title='bbox 2512 1420 2606 1493; x_wconf 85' lang='lat' dir='ltr'><strong>Qui</strong></span> <span class='ocrx_word' id='word_1_210' title='bbox 2639 1425 2770 1478; x_wconf 91' lang='lat' dir='ltr'><strong>ordo</strong></span> <span class='ocrx_word' id='word_1_211' title='bbox 2801 1427 2868 1477; x_wconf 87' lang='lat' dir='ltr'><strong>ita</strong></span> <span class='ocrx_word' id='word_1_212' title='bbox 2901 1441 2958 1478; x_wconf 90' lang='lat' dir='ltr'><strong>se</strong></span> <span class='ocrx_word' id='word_1_213' title='bbox 2992 1425 3144 1477; x_wconf 89' lang='lat' dir='ltr'><strong>habet</strong></span> <span class='ocrx_word' id='word_1_214' title='bbox 3172 1441 3184 1474; x_wconf 88' lang='lat'><strong>:</strong></span> <span class='ocrx_word' id='word_1_215' title='bbox 3216 1422 3408 1489; x_wconf 84' lang='lat' dir='ltr'><strong>Tegam</strong></span> <span class='ocrx_word' id='word_1_216' title='bbox 3442 1435 3606 1474; x_wconf 87' lang='lat' dir='ltr'><strong>manu</strong></span> <span class='ocrx_word' id='word_1_217' title='bbox 3642 1435 3740 1468; x_wconf 74' lang='lat' dir='ltr'><strong>mea</strong></span> 
     </span>
    </p>
   </div>
   <div class='ocr_carea' id='block_1_30' title="bbox 2205 1515 3744 1593">
    <p class='ocr_par' dir='ltr' id='par_1_30' title="bbox 2205 1515 3744 1593">
     <span class='ocr_line' id='line_1_30' title="bbox 2205 1515 3744 1593; baseline -0.006 -18"><span class='ocrx_word' id='word_1_218' title='bbox 2205 1522 2436 1593; x_wconf 84' lang='lat' dir='ltr'><strong>[manum</strong></span> <span class='ocrx_word' id='word_1_219' title='bbox 2461 1516 2651 1589; x_wconf 86' lang='lat' dir='ltr'><strong>meam]</strong></span> <span class='ocrx_word' id='word_1_220' title='bbox 2665 1535 2819 1587; x_wconf 88' lang='lat' dir='ltr'><strong>super</strong></span> <span class='ocrx_word' id='word_1_221' title='bbox 2839 1528 2888 1572; x_wconf 89' lang='lat' dir='ltr'><strong>te</strong></span> <span class='ocrx_word' id='word_1_222' title='bbox 2911 1519 3075 1571; x_wconf 88' lang='lat' dir='ltr'><strong>donec</strong></span> <span class='ocrx_word' id='word_1_223' title='bbox 3101 1528 3379 1577; x_wconf 83' lang='lat' dir='ltr'><strong>transeam,</strong></span> <span class='ocrx_word' id='word_1_224' title='bbox 3396 1524 3450 1569; x_wconf 87' lang='lat' dir='ltr'><strong>et</strong></span> <span class='ocrx_word' id='word_1_225' title='bbox 3471 1529 3597 1567; x_wconf 86' lang='lat' dir='ltr'><strong>tunc</strong></span> <span class='ocrx_word' id='word_1_226' title='bbox 3614 1515 3744 1566; x_wconf 78' lang='lat' dir='ltr'><strong>vide-</strong></span> 
     </span>
    </p>
   </div>
   <div class='ocr_carea' id='block_1_31' title="bbox 2207 1591 3745 1679">
    <p class='ocr_par' dir='ltr' id='par_1_31' title="bbox 2207 1591 3745 1679">
     <span class='ocr_line' id='line_1_31' title="bbox 2207 1591 3745 1679; baseline -0.008 -13"><span class='ocrx_word' id='word_1_227' title='bbox 2207 1614 2284 1666; x_wconf 88' lang='lat' dir='ltr'><strong>bis</strong></span> <span class='ocrx_word' id='word_1_228' title='bbox 2318 1613 2603 1679; x_wconf 86' lang='lat' dir='ltr'><strong>posteriora</strong></span> <span class='ocrx_word' id='word_1_229' title='bbox 2649 1626 2760 1665; x_wconf 74' lang='lat' dir='ltr'><strong>mea</strong></span> <span class='ocrx_word' id='word_1_230' title='bbox 2784 1649 2797 1673; x_wconf 95' lang='lat'><strong>,</strong></span> <span class='ocrx_word' id='word_1_231' title='bbox 2853 1625 2971 1662; x_wconf 91' lang='lat' dir='ltr'><strong>nam</strong></span> <span class='ocrx_word' id='word_1_232' title='bbox 3005 1608 3162 1662; x_wconf 77' lang='lat' dir='ltr'><strong>facies</strong></span> <span class='ocrx_word' id='word_1_233' title='bbox 3195 1624 3306 1662; x_wconf 88' lang='lat' dir='ltr'><strong>mea</strong></span> <span class='ocrx_word' id='word_1_234' title='bbox 3341 1591 3441 1660; x_wconf 86' lang='lat' dir='ltr'><strong>non</strong></span> <span class='ocrx_word' id='word_1_235' title='bbox 3490 1607 3745 1659; x_wconf 84' lang='lat' dir='ltr'><strong>videbitur</strong></span> 
     </span>
    </p>
   </div>
   <div class='ocr_carea' id='block_1_32' title="bbox 2206 1699 3742 1770">
    <p class='ocr_par' dir='ltr' id='par_1_32' title="bbox 2206 1699 3742 1770">
     <span class='ocr_line' id='line_1_32' title="bbox 2206 1699 3742 1770; baseline -0.008 -11"><span class='ocrx_word' id='word_1_236' title='bbox 2206 1706 2320 1770; x_wconf 88' lang='lat' dir='ltr'><strong>tibi,</strong></span> <span class='ocrx_word' id='word_1_237' title='bbox 2351 1715 2403 1759; x_wconf 90' lang='lat' dir='ltr'><strong>et</strong></span> <span class='ocrx_word' id='word_1_238' title='bbox 2432 1705 2595 1757; x_wconf 85' lang='lat' dir='ltr'><strong>stabis</strong></span> <span class='ocrx_word' id='word_1_239' title='bbox 2624 1719 2780 1770; x_wconf 87' lang='lat' dir='ltr'><strong>super</strong></span> <span class='ocrx_word' id='word_1_240' title='bbox 2809 1712 3010 1770; x_wconf 86' lang='lat' dir='ltr'><strong>petram</strong></span> <span class='ocrx_word' id='word_1_241' title='bbox 3041 1702 3214 1754; x_wconf 87' lang='lat' dir='ltr'><strong>statim</strong></span> <span class='ocrx_word' id='word_1_242' title='bbox 3251 1709 3305 1753; x_wconf 89' lang='lat' dir='ltr'><strong>ut</strong></span> <span class='ocrx_word' id='word_1_243' title='bbox 3338 1700 3563 1753; x_wconf 83' lang='lat' dir='ltr'><strong>transiet</strong></span> <span class='ocrx_word' id='word_1_244' title='bbox 3595 1699 3742 1754; x_wconf 66' lang='lat' dir='ltr'><strong>talaria</strong></span> 
     </span>
    </p>
   </div>
   <div class='ocr_carea' id='block_1_33' title="bbox 559 1779 3743 1862">
    <p class='ocr_par' dir='ltr' id='par_1_33' title="bbox 559 1779 3743 1862">
     <span class='ocr_line' id='line_1_33' title="bbox 559 1779 3743 1862; baseline -0.007 -4"><span class='ocrx_word' id='word_1_245' title='bbox 559 1806 772 1859; x_wconf 76' lang='lat' dir='ltr'><strong>serrbor</strong></span> <span class='ocrx_word' id='word_1_246' title='bbox 791 1804 871 1858; x_wconf 90' lang='lat' dir='ltr'><strong>cui</strong></span> <span class='ocrx_word' id='word_1_247' title='bbox 900 1802 1171 1862; x_wconf 71' lang='lat' dir='ltr'><strong>misereor,</strong></span> <span class='ocrx_word' id='word_1_248' title='bbox 1196 1806 1283 1850; x_wconf 84' lang='lat' dir='ltr'><strong>attl.</strong></span> <span class='ocrx_word' id='word_1_249' title='bbox 1303 1791 1592 1849; x_wconf 78' lang='lat' dir='ltr'><strong>miserebor</strong></span> <span class='ocrx_word' id='word_1_250' title='bbox 1613 1795 1694 1848; x_wconf 82' lang='lat' dir='ltr'><strong>cui</strong></span> <span class='ocrx_word' id='word_1_251' title='bbox 1718 1794 1965 1847; x_wconf 77' lang='lat' dir='ltr'><strong>misertus</strong></span> <span class='ocrx_word' id='word_1_252' title='bbox 1987 1808 2101 1854; x_wconf 89' lang='lat' dir='ltr'><strong>ero.</strong></span> <span class='ocrx_word' id='word_1_253' title='bbox 2136 1779 2181 1835; x_wconf 75' lang='grc' dir='ltr'><strong>Β</strong></span> <span class='ocrx_word' id='word_1_254' title='bbox 2208 1811 2345 1857; x_wconf 88' lang='lat' dir='ltr'><strong>mea,</strong></span> <span class='ocrx_word' id='word_1_255' title='bbox 2392 1806 2445 1848; x_wconf 86' lang='lat' dir='ltr'><strong>et</strong></span> <span class='ocrx_word' id='word_1_256' title='bbox 2474 1809 2660 1857; x_wconf 87' lang='lat' dir='ltr'><strong>ponam</strong></span> <span class='ocrx_word' id='word_1_257' title='bbox 2694 1803 2742 1846; x_wconf 79' lang='lat' dir='ltr'><strong>te</strong></span> <span class='ocrx_word' id='word_1_258' title='bbox 2774 1793 2825 1846; x_wconf 90' lang='lat' dir='ltr'><strong>in</strong></span> <span class='ocrx_word' id='word_1_259' title='bbox 2856 1806 3078 1846; x_wconf 84' lang='lat' dir='ltr'><strong>caverna</strong></span> <span class='ocrx_word' id='word_1_260' title='bbox 3118 1801 3304 1858; x_wconf 74' lang='lat' dir='ltr'><strong>petrze.</strong></span> <span class='ocrx_word' id='word_1_261' title='bbox 3351 1786 3458 1843; x_wconf 84' lang='lat' dir='ltr'><strong>Hoc</strong></span> <span class='ocrx_word' id='word_1_262' title='bbox 3491 1789 3637 1846; x_wconf 87' lang='lat' dir='ltr'><strong>enim</strong></span> <span class='ocrx_word' id='word_1_263' title='bbox 3678 1788 3743 1838; x_wconf 75' lang='lat' dir='ltr'><strong>fa-</strong></span> 
     </span>
    </p>
   </div>
   <div class='ocr_carea' id='block_1_34' title="bbox 560 1882 2108 1948">
    <p class='ocr_par' dir='ltr' id='par_1_34' title="bbox 560 1882 2108 1948">
     <span class='ocr_line' id='line_1_34' title="bbox 560 1882 2108 1948; baseline -0.008 0"><span class='ocrx_word' id='word_1_264' title='bbox 560 1913 662 1948; x_wconf 79' lang='lat' dir='ltr'><strong>uon</strong></span> <span class='ocrx_word' id='word_1_265' title='bbox 695 1896 819 1948; x_wconf 84' lang='lat' dir='ltr'><strong>satis</strong></span> <span class='ocrx_word' id='word_1_266' title='bbox 848 1885 1124 1945; x_wconf 91' lang='lat' dir='ltr'><strong>commode</strong></span> <span class='ocrx_word' id='word_1_267' title='bbox 1167 1882 1269 1941; x_wconf 89' lang='lat' dir='ltr'><strong>dici</strong></span> <span class='ocrx_word' id='word_1_268' title='bbox 1301 1887 1581 1940; x_wconf 83' lang='lat' dir='ltr'><strong>videretur.</strong></span> <span class='ocrx_word' id='word_1_269' title='bbox 1617 1885 1681 1939; x_wconf 87' lang='lat' dir='ltr'><strong>Et</strong></span> <span class='ocrx_word' id='word_1_270' title='bbox 1715 1892 1886 1936; x_wconf 90' lang='lat' dir='ltr'><strong>tamen</strong></span> <span class='ocrx_word' id='word_1_271' title='bbox 1922 1883 2108 1937; x_wconf 91' lang='lat' dir='ltr'><strong>fortius</strong></span> 
     </span>
    </p>
   </div>
   <div class='ocr_carea' id='block_1_35' title="bbox 562 1969 2109 2051">
    <p class='ocr_par' dir='ltr' id='par_1_35' title="bbox 562 1969 2109 2051">
     <span class='ocr_line' id='line_1_35' title="bbox 562 1969 2109 2051; baseline -0.01 -10"><span class='ocrx_word' id='word_1_272' title='bbox 562 1990 650 2041; x_wconf 85' lang='lat' dir='ltr'><strong>ille</strong></span> <span class='ocrx_word' id='word_1_273' title='bbox 680 1988 790 2051; x_wconf 87' lang='lat' dir='ltr'><strong>ipse</strong></span> <span class='ocrx_word' id='word_1_274' title='bbox 820 1979 887 2039; x_wconf 93' lang='lat' dir='ltr'><strong>ibi</strong></span> <span class='ocrx_word' id='word_1_275' title='bbox 919 1995 1104 2036; x_wconf 86' lang='lat' dir='ltr'><strong>sensus</strong></span> <span class='ocrx_word' id='word_1_276' title='bbox 1125 1990 1226 2041; x_wconf 81' lang='lat' dir='ltr'><strong>est,</strong></span> <span class='ocrx_word' id='word_1_277' title='bbox 1259 1977 1396 2044; x_wconf 83' lang='lat' dir='ltr'><strong>quod</strong></span> <span class='ocrx_word' id='word_1_278' title='bbox 1428 1987 1510 2028; x_wconf 90' lang='lat' dir='ltr'><strong>aut</strong></span> <span class='ocrx_word' id='word_1_279' title='bbox 1547 1969 1712 2042; x_wconf 85' lang='lat' dir='ltr'><strong>ipsius</strong></span> <span class='ocrx_word' id='word_1_280' title='bbox 1732 1972 2109 2028; x_wconf 73' lang='lat' dir='ltr'><strong>miserimrdite</strong></span> 
     </span>
    </p>
   </div>
   <div class='ocr_carea' id='block_1_36' title="bbox 560 2067 2112 2140">
    <p class='ocr_par' dir='ltr' id='par_1_36' title="bbox 560 2067 2112 2140">
     <span class='ocr_line' id='line_1_36' title="bbox 560 2067 2112 2140; baseline -0.01 -5"><span class='ocrx_word' id='word_1_281' title='bbox 560 2098 669 2135; x_wconf 81' lang='lat' dir='ltr'><strong>suae</strong></span> <span class='ocrx_word' id='word_1_282' title='bbox 702 2081 997 2133; x_wconf 85' lang='lat' dir='ltr'><strong>firmitatem</strong></span> <span class='ocrx_word' id='word_1_283' title='bbox 1025 2079 1158 2129; x_wconf 87' lang='lat' dir='ltr'><strong>Deus</strong></span> <span class='ocrx_word' id='word_1_284' title='bbox 1187 2075 1280 2127; x_wconf 83' lang='lat' dir='ltr'><strong>ista</strong></span> <span class='ocrx_word' id='word_1_285' title='bbox 1311 2070 1621 2140; x_wconf 85' lang='lat' dir='ltr'><strong>repetitione</strong></span> <span class='ocrx_word' id='word_1_286' title='bbox 1650 2067 1979 2130; x_wconf 83' lang='lat' dir='ltr'><strong>meustravit,</strong></span> <span class='ocrx_word' id='word_1_287' title='bbox 2007 2067 2112 2119; x_wconf 85' lang='lat' dir='ltr'><strong>sic-</strong></span> 
     </span>
    </p>
   </div>
   <div class='ocr_carea' id='block_1_37' title="bbox 563 2157 2112 2233">
    <p class='ocr_par' dir='ltr' id='par_1_37' title="bbox 563 2157 2112 2233">
     <span class='ocr_line' id='line_1_37' title="bbox 563 2157 2112 2233; baseline -0.012 -8"><span class='ocrx_word' id='word_1_288' title='bbox 563 2182 618 2225; x_wconf 88' lang='lat' dir='ltr'><strong>ut</strong></span> <span class='ocrx_word' id='word_1_289' title='bbox 661 2173 856 2233; x_wconf 83' lang='lat' dir='ltr'><strong>Ameu,</strong></span> <span class='ocrx_word' id='word_1_290' title='bbox 896 2167 1103 2230; x_wconf 71' lang='lat' dir='ltr'><strong>Amen,</strong></span> <span class='ocrx_word' id='word_1_291' title='bbox 1153 2166 1291 2219; x_wconf 90' lang='lat' dir='ltr'><strong>sicut</strong></span> <span class='ocrx_word' id='word_1_292' title='bbox 1323 2163 1466 2224; x_wconf 85' lang='lat' dir='ltr'><strong>Fiat,</strong></span> <span class='ocrx_word' id='word_1_293' title='bbox 1501 2162 1651 2215; x_wconf 77' lang='lat' dir='ltr'><strong>Fiat:</strong></span> <span class='ocrx_word' id='word_1_294' title='bbox 1684 2160 1820 2216; x_wconf 83' lang='lat' dir='ltr'><strong>sicut</strong></span> <span class='ocrx_word' id='word_1_295' title='bbox 1865 2157 2112 2225; x_wconf 89' lang='lat' dir='ltr'><strong>repetitio</strong></span> 
     </span>
    </p>
   </div>
   <div class='ocr_carea' id='block_1_38' title="bbox 563 2251 2113 2324">
    <p class='ocr_par' dir='ltr' id='par_1_38' title="bbox 563 2251 2113 2324">
     <span class='ocr_line' id='line_1_38' title="bbox 563 2251 2113 2324; baseline -0.011 -9"><span class='ocrx_word' id='word_1_296' title='bbox 563 2263 753 2316; x_wconf 87' lang='lat' dir='ltr'><strong>somnii</strong></span> <span class='ocrx_word' id='word_1_297' title='bbox 781 2259 1064 2313; x_wconf 60' lang='lat' dir='ltr'><strong>Pharaonis</strong></span> <span class='ocrx_word' id='word_1_298' title='bbox 1083 2257 1333 2324; x_wconf 81' lang='lat' dir='ltr'><strong>pluraque</strong></span> <span class='ocrx_word' id='word_1_299' title='bbox 1355 2253 1567 2314; x_wconf 86' lang='lat' dir='ltr'><strong>similia,</strong></span> <span class='ocrx_word' id='word_1_300' title='bbox 1584 2260 1671 2306; x_wconf 91' lang='lat' dir='ltr'><strong>aut</strong></span> <span class='ocrx_word' id='word_1_301' title='bbox 1693 2252 1743 2304; x_wconf 90' lang='lat' dir='ltr'><strong>in</strong></span> <span class='ocrx_word' id='word_1_302' title='bbox 1769 2251 2004 2318; x_wconf 87' lang='lat' dir='ltr'><strong>utrisque</strong></span> <span class='ocrx_word' id='word_1_303' title='bbox 2021 2263 2113 2316; x_wconf 92' lang='lat' dir='ltr'><strong>po-</strong></span> 
     </span>
    </p>
   </div>
   <div class='ocr_carea' id='block_1_39' title="bbox 563 2339 2102 2418">
    <p class='ocr_par' dir='ltr' id='par_1_39' title="bbox 563 2339 2102 2418">
     <span class='ocr_line' id='line_1_39' title="bbox 563 2339 2102 2418; baseline -0.007 -16"><span class='ocrx_word' id='word_1_304' title='bbox 563 2353 721 2418; x_wconf 87' lang='lat' dir='ltr'><strong>pulis,</strong></span> <span class='ocrx_word' id='word_1_305' title='bbox 749 2351 796 2402; x_wconf 89' lang='lat' dir='ltr'><strong>id</strong></span> <span class='ocrx_word' id='word_1_306' title='bbox 821 2359 921 2412; x_wconf 89' lang='lat' dir='ltr'><strong>est,</strong></span> <span class='ocrx_word' id='word_1_307' title='bbox 945 2347 1186 2416; x_wconf 84' lang='lat' dir='ltr'><strong>gentibus</strong></span> <span class='ocrx_word' id='word_1_308' title='bbox 1205 2354 1259 2399; x_wconf 92' lang='lat' dir='ltr'><strong>et</strong></span> <span class='ocrx_word' id='word_1_309' title='bbox 1284 2343 1514 2398; x_wconf 78' lang='lat' dir='ltr'><strong>Hebraeis</strong></span> <span class='ocrx_word' id='word_1_310' title='bbox 1534 2346 1631 2395; x_wconf 88' lang='lat' dir='ltr'><strong>hoc</strong></span> <span class='ocrx_word' id='word_1_311' title='bbox 1654 2340 1808 2412; x_wconf 86' lang='lat' dir='ltr'><strong>modo</strong></span> <span class='ocrx_word' id='word_1_312' title='bbox 1823 2339 1961 2393; x_wconf 85' lang='lat' dir='ltr'><strong>Deus</strong></span> <span class='ocrx_word' id='word_1_313' title='bbox 1977 2353 2102 2405; x_wconf 74' lang='lat' dir='ltr'><strong>prte-</strong></span> 
     </span>
    </p>
   </div>
   <div class='ocr_carea' id='block_1_40' title="bbox 564 2427 2112 2496">
    <p class='ocr_par' dir='ltr' id='par_1_40' title="bbox 564 2427 2112 2496">
     <span class='ocr_line' id='line_1_40' title="bbox 564 2427 2112 2496; baseline -0.009 -3"><span class='ocrx_word' id='word_1_314' title='bbox 564 2439 824 2493; x_wconf 89' lang='lat' dir='ltr'><strong>nuntiavit</strong></span> <span class='ocrx_word' id='word_1_315' title='bbox 852 2435 1263 2490; x_wconf 77' lang='lat' dir='ltr'><strong>misericordiam</strong></span> <span class='ocrx_word' id='word_1_316' title='bbox 1286 2447 1349 2489; x_wconf 72' lang='lat' dir='ltr'><strong>se</strong></span> <span class='ocrx_word' id='word_1_317' title='bbox 1368 2447 1488 2496; x_wconf 82' lang='lat' dir='ltr'><strong>esse</strong></span> <span class='ocrx_word' id='word_1_318' title='bbox 1508 2431 1783 2486; x_wconf 86' lang='lat' dir='ltr'><strong>facturum.</strong></span> <span class='ocrx_word' id='word_1_319' title='bbox 1800 2428 1948 2494; x_wconf 83' lang='lat' dir='ltr'><strong>Quod</strong></span> <span class='ocrx_word' id='word_1_320' title='bbox 1967 2427 2112 2494; x_wconf 80' lang='lat' dir='ltr'><strong>Apo-</strong></span> 
     </span>
    </p>
   </div>
   <div class='ocr_carea' id='block_1_41' title="bbox 560 2519 2110 2590">
    <p class='ocr_par' dir='ltr' id='par_1_41' title="bbox 560 2519 2110 2590">
     <span class='ocr_line' id='line_1_41' title="bbox 560 2519 2110 2590; baseline -0.009 -5"><span class='ocrx_word' id='word_1_321' title='bbox 560 2532 735 2585; x_wconf 79' lang='lat' dir='ltr'><strong>smlus</strong></span> <span class='ocrx_word' id='word_1_322' title='bbox 751 2530 817 2582; x_wconf 89' lang='lat' dir='ltr'><strong>ita</strong></span> <span class='ocrx_word' id='word_1_323' title='bbox 842 2529 994 2581; x_wconf 90' lang='lat' dir='ltr'><strong>dicit:</strong></span> <span class='ocrx_word' id='word_1_324' title='bbox 1017 2527 1162 2580; x_wconf 90' lang='lat' dir='ltr'><strong>Sicut</strong></span> <span class='ocrx_word' id='word_1_325' title='bbox 1183 2525 1320 2579; x_wconf 89' lang='lat' dir='ltr'><strong>enim</strong></span> <span class='ocrx_word' id='word_1_326' title='bbox 1343 2539 1438 2578; x_wconf 89' lang='lat' dir='ltr'><strong>vos</strong></span> <span class='ocrx_word' id='word_1_327' title='bbox 1461 2522 1738 2590; x_wconf 81' lang='lat' dir='ltr'><strong>aliquando</strong></span> <span class='ocrx_word' id='word_1_328' title='bbox 1760 2537 1861 2576; x_wconf 85' lang='lat' dir='ltr'><strong>non</strong></span> <span class='ocrx_word' id='word_1_329' title='bbox 1889 2519 2110 2574; x_wconf 90' lang='lat' dir='ltr'><strong>credidi-</strong></span> 
     </span>
    </p>
   </div>
   <div class='ocr_carea' id='block_1_42' title="bbox 566 2610 2108 2680">
    <p class='ocr_par' dir='ltr' id='par_1_42' title="bbox 566 2610 2108 2680">
     <span class='ocr_line' id='line_1_42' title="bbox 566 2610 2108 2680; baseline -0.008 -6"><span class='ocrx_word' id='word_1_330' title='bbox 566 2623 661 2674; x_wconf 89' lang='lat' dir='ltr'><strong>stis</strong></span> <span class='ocrx_word' id='word_1_331' title='bbox 687 2621 813 2680; x_wconf 91' lang='lat' dir='ltr'><strong>Deo,</strong></span> <span class='ocrx_word' id='word_1_332' title='bbox 840 2633 974 2671; x_wconf 85' lang='lat' dir='ltr'><strong>nunc</strong></span> <span class='ocrx_word' id='word_1_333' title='bbox 993 2626 1165 2670; x_wconf 89' lang='lat' dir='ltr'><strong>autem</strong></span> <span class='ocrx_word' id='word_1_334' title='bbox 1184 2613 1595 2669; x_wconf 81' lang='lat' dir='ltr'><strong>misericordiam</strong></span> <span class='ocrx_word' id='word_1_335' title='bbox 1618 2611 1884 2670; x_wconf 74' lang='lat' dir='ltr'><strong>Consecuti</strong></span> <span class='ocrx_word' id='word_1_336' title='bbox 1904 2612 2036 2666; x_wconf 87' lang='lat' dir='ltr'><strong>estis</strong></span> <span class='ocrx_word' id='word_1_337' title='bbox 2058 2610 2108 2662; x_wconf 95' lang='lat' dir='ltr'><strong>in</strong></span> 
     </span>
    </p>
   </div>
   <div class='ocr_carea' id='block_1_43' title="bbox 568 2701 2115 2772">
    <p class='ocr_par' dir='ltr' id='par_1_43' title="bbox 568 2701 2115 2772">
     <span class='ocr_line' id='line_1_43' title="bbox 568 2701 2115 2772; baseline -0.009 -8"><span class='ocrx_word' id='word_1_338' title='bbox 568 2713 778 2765; x_wconf 88' lang='lat' dir='ltr'><strong>illorum</strong></span> <span class='ocrx_word' id='word_1_339' title='bbox 809 2709 1202 2772; x_wconf 76' lang='lat' dir='ltr'><strong>incredulitate;</strong></span> <span class='ocrx_word' id='word_1_340' title='bbox 1233 2707 1310 2761; x_wconf 86' lang='lat' dir='ltr'><strong>sic</strong></span> <span class='ocrx_word' id='word_1_341' title='bbox 1333 2714 1386 2758; x_wconf 84' lang='lat' dir='ltr'><strong>et</strong></span> <span class='ocrx_word' id='word_1_342' title='bbox 1413 2706 1512 2770; x_wconf 88' lang='lat' dir='ltr'><strong>ipsi</strong></span> <span class='ocrx_word' id='word_1_343' title='bbox 1537 2719 1671 2757; x_wconf 88' lang='lat' dir='ltr'><strong>nunc</strong></span> <span class='ocrx_word' id='word_1_344' title='bbox 1692 2704 1780 2771; x_wconf 92' lang='lat' dir='ltr'><strong>qui</strong></span> <span class='ocrx_word' id='word_1_345' title='bbox 1809 2717 1910 2756; x_wconf 75' lang='lat' dir='ltr'><strong>non</strong></span> <span class='ocrx_word' id='word_1_346' title='bbox 1942 2701 2115 2756; x_wconf 87' lang='lat' dir='ltr'><strong>credi-</strong></span> 
     </span>
    </p>
   </div>
   <div class='ocr_carea' id='block_1_44' title="bbox 567 2794 2116 2868">
    <p class='ocr_par' dir='ltr' id='par_1_44' title="bbox 567 2794 2116 2868">
     <span class='ocr_line' id='line_1_44' title="bbox 567 2794 2116 2868; baseline -0.005 -14"><span class='ocrx_word' id='word_1_347' title='bbox 567 2803 760 2854; x_wconf 64' lang='lat' dir='ltr'><strong>derunt</strong></span> <span class='ocrx_word' id='word_1_348' title='bbox 788 2802 838 2853; x_wconf 91' lang='lat' dir='ltr'><strong>in</strong></span> <span class='ocrx_word' id='word_1_349' title='bbox 869 2811 1095 2851; x_wconf 81' lang='lat' dir='ltr'><strong>vestram</strong></span> <span class='ocrx_word' id='word_1_350' title='bbox 1128 2797 1542 2850; x_wconf 85' lang='lat' dir='ltr'><strong>misericordiam</strong></span> <span class='ocrx_word' id='word_1_351' title='bbox 1589 2796 1786 2868; x_wconf 83' lang='lat' dir='ltr'><strong>[vestra</strong></span> <span class='ocrx_word' id='word_1_352' title='bbox 1820 2794 2116 2848; x_wconf 79' lang='lat' dir='ltr'><strong>misericor-</strong></span> 
     </span>
    </p>
   </div>
   <div class='ocr_carea' id='block_1_45' title="bbox 566 2881 2110 2960">
    <p class='ocr_par' dir='ltr' id='par_1_45' title="bbox 566 2881 2110 2960">
     <span class='ocr_line' id='line_1_45' title="bbox 566 2881 2110 2960; baseline -0.007 -16"><span class='ocrx_word' id='word_1_353' title='bbox 566 2892 598 2944; x_wconf 86' lang='grc'><strong>(1</strong></span> <span class='ocrx_word' id='word_1_354' title='bbox 628 2890 679 2960; x_wconf 84' lang='lat' dir='ltr'><strong>a]</strong></span> <span class='ocrx_word' id='word_1_355' title='bbox 713 2898 768 2943; x_wconf 92' lang='lat' dir='ltr'><strong>ut</strong></span> <span class='ocrx_word' id='word_1_356' title='bbox 793 2899 847 2942; x_wconf 88' lang='lat' dir='ltr'><strong>et</strong></span> <span class='ocrx_word' id='word_1_357' title='bbox 876 2889 973 2954; x_wconf 86' lang='lat' dir='ltr'><strong>ipsi</strong></span> <span class='ocrx_word' id='word_1_358' title='bbox 1006 2886 1417 2942; x_wconf 75' lang='lat' dir='ltr'><strong>misericordiam</strong></span> <span class='ocrx_word' id='word_1_359' title='bbox 1445 2894 1853 2951; x_wconf 86' lang='lat' dir='ltr'><strong>consequantur.</strong></span> <span class='ocrx_word' id='word_1_360' title='bbox 1883 2881 2110 2937; x_wconf 89' lang='lat' dir='ltr'><strong>Conclu-</strong></span> 
     </span>
    </p>
   </div>
   <div class='ocr_carea' id='block_1_46' title="bbox 567 2974 2115 3045">
    <p class='ocr_par' dir='ltr' id='par_1_46' title="bbox 567 2974 2115 3045">
     <span class='ocr_line' id='line_1_46' title="bbox 567 2974 2115 3045; baseline -0.005 -12"><span class='ocrx_word' id='word_1_361' title='bbox 567 2983 635 3034; x_wconf 83' lang='lat' dir='ltr'><strong>sit</strong></span> <span class='ocrx_word' id='word_1_362' title='bbox 679 2980 819 3034; x_wconf 89' lang='lat' dir='ltr'><strong>enim</strong></span> <span class='ocrx_word' id='word_1_363' title='bbox 869 2979 1008 3032; x_wconf 87' lang='lat' dir='ltr'><strong>Deus</strong></span> <span class='ocrx_word' id='word_1_364' title='bbox 1055 2992 1242 3031; x_wconf 89' lang='lat' dir='ltr'><strong>omnes</strong></span> <span class='ocrx_word' id='word_1_365' title='bbox 1281 2978 1333 3030; x_wconf 90' lang='lat' dir='ltr'><strong>in</strong></span> <span class='ocrx_word' id='word_1_366' title='bbox 1377 2976 1782 3030; x_wconf 85' lang='lat' dir='ltr'><strong>incredibilitate</strong></span> <span class='ocrx_word' id='word_1_367' title='bbox 1810 2974 2115 3045; x_wconf 88' lang='lat' dir='ltr'><strong>[increduli-</strong></span> 
     </span>
    </p>
   </div>
   <div class='ocr_carea' id='block_1_47' title="bbox 569 3066 2110 3139">
    <p class='ocr_par' dir='ltr' id='par_1_47' title="bbox 569 3066 2110 3139">
     <span class='ocr_line' id='line_1_47' title="bbox 569 3066 2110 3139; baseline -0.004 -17"><span class='ocrx_word' id='word_1_368' title='bbox 569 3066 694 3139; x_wconf 84' lang='lat' dir='ltr'><strong>tate]</strong></span> <span class='ocrx_word' id='word_1_369' title='bbox 727 3077 781 3122; x_wconf 90' lang='lat' dir='ltr'><strong>ut</strong></span> <span class='ocrx_word' id='word_1_370' title='bbox 809 3069 1040 3122; x_wconf 87' lang='lat' dir='ltr'><strong>omnium</strong></span> <span class='ocrx_word' id='word_1_371' title='bbox 1077 3069 1406 3120; x_wconf 84' lang='lat' dir='ltr'><strong>misereatur.</strong></span> <span class='ocrx_word' id='word_1_372' title='bbox 1443 3066 1640 3121; x_wconf 78' lang='lat' dir='ltr'><strong>Deinde</strong></span> <span class='ocrx_word' id='word_1_373' title='bbox 1675 3075 1789 3134; x_wconf 91' lang='lat' dir='ltr'><strong>post</strong></span> <span class='ocrx_word' id='word_1_374' title='bbox 1831 3066 1966 3119; x_wconf 87' lang='lat' dir='ltr'><strong>hanc</strong></span> <span class='ocrx_word' id='word_1_375' title='bbox 2004 3080 2110 3118; x_wconf 76' lang='lat' dir='ltr'><strong>sure</strong></span> 
     </span>
    </p>
   </div>
   <div class='ocr_carea' id='block_1_48' title="bbox 569 3117 2187 3222">
    <p class='ocr_par' dir='ltr' id='par_1_48' title="bbox 569 3117 2187 3222">
     <span class='ocr_line' id='line_1_48' title="bbox 569 3117 2187 3222; baseline -0.002 -11"><span class='ocrx_word' id='word_1_376' title='bbox 569 3157 944 3212; x_wconf 69' lang='lat' dir='ltr'><strong>misericordis</strong></span> <span class='ocrx_word' id='word_1_377' title='bbox 986 3155 1520 3215; x_wconf 82' lang='lat' dir='ltr'><strong>commendationem.</strong></span> <span class='ocrx_word' id='word_1_378' title='bbox 1553 3155 1841 3222; x_wconf 86' lang='lat' dir='ltr'><strong>respondet</strong></span> <span class='ocrx_word' id='word_1_379' title='bbox 1879 3156 1943 3209; x_wconf 90' lang='lat' dir='ltr'><strong>ad</strong></span> <span class='ocrx_word' id='word_1_380' title='bbox 1986 3155 2108 3208; x_wconf 88' lang='lat' dir='ltr'><strong>illud</strong></span> <span class='ocrx_word' id='word_1_381' title='bbox 2144 3117 2187 3176; x_wconf 62' lang='grc' dir='ltr'>Ο</span> 
     </span>
    </p>
   </div>
   <div class='ocr_carea' id='block_1_49' title="bbox 568 3244 2108 3314">
    <p class='ocr_par' dir='ltr' id='par_1_49' title="bbox 568 3244 2108 3314">
     <span class='ocr_line' id='line_1_49' title="bbox 568 3244 2108 3314; baseline 0 -16"><span class='ocrx_word' id='word_1_382' title='bbox 568 3247 704 3314; x_wconf 87' lang='lat' dir='ltr'><strong>quod</strong></span> <span class='ocrx_word' id='word_1_383' title='bbox 734 3249 780 3302; x_wconf 87' lang='lat' dir='ltr'><strong>ei</strong></span> <span class='ocrx_word' id='word_1_384' title='bbox 812 3244 1010 3301; x_wconf 88' lang='lat' dir='ltr'><strong>dictum</strong></span> <span class='ocrx_word' id='word_1_385' title='bbox 1039 3248 1210 3302; x_wconf 89' lang='lat' dir='ltr'><strong>fuerat</strong></span> <span class='ocrx_word' id='word_1_386' title='bbox 1235 3264 1247 3298; x_wconf 86' lang='lat'><strong>:</strong></span> <span class='ocrx_word' id='word_1_387' title='bbox 1279 3246 1513 3300; x_wconf 79' lang='lat' dir='ltr'><strong>Ostende</strong></span> <span class='ocrx_word' id='word_1_388' title='bbox 1540 3246 1665 3299; x_wconf 87' lang='lat' dir='ltr'><strong>mihi</strong></span> <span class='ocrx_word' id='word_1_389' title='bbox 1695 3245 1918 3314; x_wconf 87' lang='lat' dir='ltr'><strong>gloriam</strong></span> <span class='ocrx_word' id='word_1_390' title='bbox 1949 3257 2108 3310; x_wconf 89' lang='lat' dir='ltr'><strong>tuam,</strong></span> 
     </span>
    </p>
   </div>
   <div class='ocr_carea' id='block_1_50' title="bbox 570 3334 2115 3404">
    <p class='ocr_par' dir='ltr' id='par_1_50' title="bbox 570 3334 2115 3404">
     <span class='ocr_line' id='line_1_50' title="bbox 570 3334 2115 3404; baseline 0.001 -16"><span class='ocrx_word' id='word_1_391' title='bbox 570 3337 649 3390; x_wconf 88' lang='lat' dir='ltr'><strong>vel</strong></span> <span class='ocrx_word' id='word_1_392' title='bbox 701 3337 838 3404; x_wconf 91' lang='lat' dir='ltr'><strong>quod</strong></span> <span class='ocrx_word' id='word_1_393' title='bbox 876 3351 1036 3404; x_wconf 89' lang='lat' dir='ltr'><strong>supra</strong></span> <span class='ocrx_word' id='word_1_394' title='bbox 1077 3337 1326 3403; x_wconf 84' lang='lat' dir='ltr'><strong>petiverat</strong></span> <span class='ocrx_word' id='word_1_395' title='bbox 1372 3335 1576 3404; x_wconf 84' lang='lat' dir='ltr'><strong>Moyses</strong></span> <span class='ocrx_word' id='word_1_396' title='bbox 1614 3335 1834 3390; x_wconf 81' lang='lat' dir='ltr'><strong>dicens:</strong></span> <span class='ocrx_word' id='word_1_397' title='bbox 1883 3334 2115 3389; x_wconf 83' lang='lat' dir='ltr'><strong>Ostende</strong></span> 
     </span>
    </p>
   </div>
   <div class='ocr_carea' id='block_1_51' title="bbox 571 3421 2114 3496">
    <p class='ocr_par' dir='ltr' id='par_1_51' title="bbox 571 3421 2114 3496">
     <span class='ocr_line' id='line_1_51' title="bbox 571 3421 2114 3496; baseline -0.001 -18"><span class='ocrx_word' id='word_1_398' title='bbox 571 3423 698 3478; x_wconf 90' lang='lat' dir='ltr'><strong>mihi</strong></span> <span class='ocrx_word' id='word_1_399' title='bbox 729 3437 778 3479; x_wconf 90' lang='lat' dir='ltr'><strong>te</strong></span> <span class='ocrx_word' id='word_1_400' title='bbox 806 3425 975 3493; x_wconf 88' lang='lat' dir='ltr'><strong>ipsum</strong></span> <span class='ocrx_word' id='word_1_401' title='bbox 1006 3421 1384 3496; x_wconf 84' lang='lat' dir='ltr'><strong>[temetipsum]</strong></span> <span class='ocrx_word' id='word_1_402' title='bbox 1427 3425 1700 3481; x_wconf 79' lang='lat' dir='ltr'><strong>manifeste</strong></span> <span class='ocrx_word' id='word_1_403' title='bbox 1725 3433 1778 3476; x_wconf 92' lang='lat' dir='ltr'><strong>ut</strong></span> <span class='ocrx_word' id='word_1_404' title='bbox 1805 3424 2008 3478; x_wconf 77' lang='lat' dir='ltr'><strong>videam</strong></span> <span class='ocrx_word' id='word_1_405' title='bbox 2042 3434 2114 3481; x_wconf 78' lang='lat' dir='ltr'><strong>te.</strong></span> 
     </span>
    </p>
   </div>
   <div class='ocr_carea' id='block_1_52' title="bbox 571 3512 2114 3584">
    <p class='ocr_par' dir='ltr' id='par_1_52' title="bbox 571 3512 2114 3584">
     <span class='ocr_line' id='line_1_52' title="bbox 571 3512 2114 3584; baseline -0.005 -13"><span class='ocrx_word' id='word_1_406' title='bbox 571 3517 684 3571; x_wconf 78' lang='lat' dir='ltr'><strong>Non</strong></span> <span class='ocrx_word' id='word_1_407' title='bbox 713 3515 932 3584; x_wconf 87' lang='lat' dir='ltr'><strong>poteris,</strong></span> <span class='ocrx_word' id='word_1_408' title='bbox 963 3514 1150 3583; x_wconf 88' lang='lat' dir='ltr'><strong>inquit,</strong></span> <span class='ocrx_word' id='word_1_409' title='bbox 1182 3513 1364 3567; x_wconf 87' lang='lat' dir='ltr'><strong>videre</strong></span> <span class='ocrx_word' id='word_1_410' title='bbox 1393 3514 1578 3567; x_wconf 79' lang='lat' dir='ltr'><strong>faciem</strong></span> <span class='ocrx_word' id='word_1_411' title='bbox 1610 3529 1802 3579; x_wconf 88' lang='lat' dir='ltr'><strong>meam,</strong></span> <span class='ocrx_word' id='word_1_412' title='bbox 1835 3528 1936 3566; x_wconf 91' lang='lat' dir='ltr'><strong>non</strong></span> <span class='ocrx_word' id='word_1_413' title='bbox 1973 3512 2114 3565; x_wconf 86' lang='lat' dir='ltr'><strong>enim</strong></span> 
     </span>
    </p>
   </div>
   <div class='ocr_carea' id='block_1_53' title="bbox 573 3603 2116 3660">
    <p class='ocr_par' dir='ltr' id='par_1_53' title="bbox 573 3603 2116 3660">
     <span class='ocr_line' id='line_1_53' title="bbox 573 3603 2116 3660; baseline 0 -4"><span class='ocrx_word' id='word_1_414' title='bbox 573 3605 769 3660; x_wconf 84' lang='lat' dir='ltr'><strong>videbit</strong></span> <span class='ocrx_word' id='word_1_415' title='bbox 793 3604 951 3658; x_wconf 90' lang='lat' dir='ltr'><strong>homo</strong></span> <span class='ocrx_word' id='word_1_416' title='bbox 978 3604 1161 3657; x_wconf 79' lang='lat' dir='ltr'><strong>faciem</strong></span> <span class='ocrx_word' id='word_1_417' title='bbox 1193 3620 1361 3658; x_wconf 74' lang='lat' dir='ltr'><strong>meam</strong></span> <span class='ocrx_word' id='word_1_418' title='bbox 1389 3613 1441 3657; x_wconf 89' lang='lat' dir='ltr'><strong>et</strong></span> <span class='ocrx_word' id='word_1_419' title='bbox 1465 3606 1605 3659; x_wconf 84' lang='lat' dir='ltr'><strong>vivet</strong></span> <span class='ocrx_word' id='word_1_420' title='bbox 1631 3622 1642 3655; x_wconf 95' lang='lat'><strong>:</strong></span> <span class='ocrx_word' id='word_1_421' title='bbox 1676 3604 1960 3658; x_wconf 70' lang='lat' dir='ltr'><strong>ostendens</strong></span> <span class='ocrx_word' id='word_1_422' title='bbox 1993 3603 2116 3658; x_wconf 88' lang='lat' dir='ltr'><strong>huic</strong></span> 
     </span>
    </p>
   </div>
   <div class='ocr_carea' id='block_1_54' title="bbox 573 3688 2116 3760">
    <p class='ocr_par' dir='ltr' id='par_1_54' title="bbox 573 3688 2116 3760">
     <span class='ocr_line' id='line_1_54' title="bbox 573 3688 2116 3760; baseline -0.001 -14"><span class='ocrx_word' id='word_1_423' title='bbox 573 3695 692 3746; x_wconf 73' lang='lat' dir='ltr'><strong>vita:</strong></span> <span class='ocrx_word' id='word_1_424' title='bbox 733 3708 848 3760; x_wconf 76' lang='lat' dir='ltr'><strong>qute</strong></span> <span class='ocrx_word' id='word_1_425' title='bbox 879 3691 1044 3760; x_wconf 86' lang='lat' dir='ltr'><strong>agitur</strong></span> <span class='ocrx_word' id='word_1_426' title='bbox 1071 3690 1123 3745; x_wconf 94' lang='lat' dir='ltr'><strong>in</strong></span> <span class='ocrx_word' id='word_1_427' title='bbox 1152 3688 1393 3746; x_wconf 87' lang='lat' dir='ltr'><strong>sensibus</strong></span> <span class='ocrx_word' id='word_1_428' title='bbox 1422 3693 1725 3755; x_wconf 84' lang='lat' dir='ltr'><strong>mortalibus</strong></span> <span class='ocrx_word' id='word_1_429' title='bbox 1762 3691 2116 3758; x_wconf 82' lang='lat' dir='ltr'><strong>corruptibilis</strong></span> 
     </span>
    </p>
   </div>
   <div class='ocr_carea' id='block_1_55' title="bbox 574 3779 2118 3851">
    <p class='ocr_par' dir='ltr' id='par_1_55' title="bbox 574 3779 2118 3851">
     <span class='ocr_line' id='line_1_55' title="bbox 574 3779 2118 3851; baseline -0.001 -15"><span class='ocrx_word' id='word_1_430' title='bbox 574 3781 768 3843; x_wconf 86' lang='lat' dir='ltr'><strong>carnis,</strong></span> <span class='ocrx_word' id='word_1_431' title='bbox 816 3779 976 3835; x_wconf 86' lang='lat' dir='ltr'><strong>Deum</strong></span> <span class='ocrx_word' id='word_1_432' title='bbox 1017 3784 1148 3836; x_wconf 90' lang='lat' dir='ltr'><strong>sicut</strong></span> <span class='ocrx_word' id='word_1_433' title='bbox 1184 3791 1264 3837; x_wconf 88' lang='lat' dir='ltr'><strong>est</strong></span> <span class='ocrx_word' id='word_1_434' title='bbox 1304 3798 1554 3851; x_wconf 71' lang='lat' dir='ltr'><strong>apparere</strong></span> <span class='ocrx_word' id='word_1_435' title='bbox 1589 3798 1691 3835; x_wconf 91' lang='lat' dir='ltr'><strong>non</strong></span> <span class='ocrx_word' id='word_1_436' title='bbox 1727 3797 1900 3850; x_wconf 82' lang='lat' dir='ltr'><strong>posse,</strong></span> <span class='ocrx_word' id='word_1_437' title='bbox 1949 3783 1997 3836; x_wconf 90' lang='lat' dir='ltr'><strong>id</strong></span> <span class='ocrx_word' id='word_1_438' title='bbox 2036 3791 2118 3835; x_wconf 88' lang='lat' dir='ltr'><strong>est</strong></span> 
     </span>
    </p>
   </div>
   <div class='ocr_carea' id='block_1_56' title="bbox 574 3870 2116 3939">
    <p class='ocr_par' dir='ltr' id='par_1_56' title="bbox 574 3870 2116 3939">
     <span class='ocr_line' id='line_1_56' title="bbox 574 3870 2116 3939; baseline -0.001 -13"><span class='ocrx_word' id='word_1_439' title='bbox 574 3874 708 3926; x_wconf 87' lang='lat' dir='ltr'><strong>sicut</strong></span> <span class='ocrx_word' id='word_1_440' title='bbox 735 3882 815 3925; x_wconf 86' lang='lat' dir='ltr'><strong>est</strong></span> <span class='ocrx_word' id='word_1_441' title='bbox 841 3870 1002 3924; x_wconf 85' lang='lat' dir='ltr'><strong>videri</strong></span> <span class='ocrx_word' id='word_1_442' title='bbox 1026 3872 1075 3924; x_wconf 93' lang='lat' dir='ltr'><strong>in</strong></span> <span class='ocrx_word' id='word_1_443' title='bbox 1106 3871 1188 3925; x_wconf 90' lang='lat' dir='ltr'><strong>illa</strong></span> <span class='ocrx_word' id='word_1_444' title='bbox 1221 3873 1321 3924; x_wconf 89' lang='lat' dir='ltr'><strong>vita</strong></span> <span class='ocrx_word' id='word_1_445' title='bbox 1353 3880 1544 3939; x_wconf 58' lang='lat' dir='ltr'><strong>potest,</strong></span> <span class='ocrx_word' id='word_1_446' title='bbox 1574 3871 1659 3924; x_wconf 91' lang='lat' dir='ltr'><strong>ubi</strong></span> <span class='ocrx_word' id='word_1_447' title='bbox 1692 3880 1748 3923; x_wconf 91' lang='lat' dir='ltr'><strong>ut</strong></span> <span class='ocrx_word' id='word_1_448' title='bbox 1769 3872 1971 3923; x_wconf 87' lang='lat' dir='ltr'><strong>vivatur</strong></span> <span class='ocrx_word' id='word_1_449' title='bbox 1995 3871 2116 3924; x_wconf 88' lang='lat' dir='ltr'><strong>huic</strong></span> 
     </span>
    </p>
   </div>
   <div class='ocr_carea' id='block_1_57' title="bbox 575 3959 2119 4029">
    <p class='ocr_par' dir='ltr' id='par_1_57' title="bbox 575 3959 2119 4029">
     <span class='ocr_line' id='line_1_57' title="bbox 575 3959 2119 4029; baseline -0.003 -13"><span class='ocrx_word' id='word_1_450' title='bbox 575 3965 695 4016; x_wconf 60' lang='lat' dir='ltr'><strong>vitae</strong></span> <span class='ocrx_word' id='word_1_451' title='bbox 739 3961 1063 4016; x_wconf 89' lang='lat' dir='ltr'><strong>moriendum</strong></span> <span class='ocrx_word' id='word_1_452' title='bbox 1102 3970 1201 4015; x_wconf 89' lang='lat' dir='ltr'><strong>est.</strong></span> <span class='ocrx_word' id='word_1_453' title='bbox 1253 3960 1378 4014; x_wconf 89' lang='lat' dir='ltr'><strong>Item</strong></span> <span class='ocrx_word' id='word_1_454' title='bbox 1420 3962 1728 4029; x_wconf 85' lang='lat' dir='ltr'><strong>interposito</strong></span> <span class='ocrx_word' id='word_1_455' title='bbox 1773 3959 1992 4013; x_wconf 88' lang='lat' dir='ltr'><strong>articulo</strong></span> <span class='ocrx_word' id='word_1_456' title='bbox 2041 3961 2119 4013; x_wconf 89' lang='lat' dir='ltr'><strong>di-</strong></span> 
     </span>
    </p>
   </div>
   <div class='ocr_carea' id='block_1_58' title="bbox 574 4051 2117 4118">
    <p class='ocr_par' dir='ltr' id='par_1_58' title="bbox 574 4051 2117 4118">
     <span class='ocr_line' id='line_1_58' title="bbox 574 4051 2117 4118; baseline -0.002 -13"><span class='ocrx_word' id='word_1_457' title='bbox 574 4063 726 4106; x_wconf 78' lang='lat' dir='ltr'><strong>cente</strong></span> <span class='ocrx_word' id='word_1_458' title='bbox 755 4051 1058 4117; x_wconf 82' lang='lat' dir='ltr'><strong>Scriptura,</strong></span> <span class='ocrx_word' id='word_1_459' title='bbox 1091 4052 1154 4105; x_wconf 81' lang='lat' dir='ltr'><strong>Et</strong></span> <span class='ocrx_word' id='word_1_460' title='bbox 1184 4055 1255 4105; x_wconf 58' lang='lat' dir='ltr'><strong>ait</strong></span> <span class='ocrx_word' id='word_1_461' title='bbox 1287 4052 1534 4104; x_wconf 77' lang='lat' dir='ltr'><strong>Dominus</strong></span> <span class='ocrx_word' id='word_1_462' title='bbox 1555 4089 1571 4115; x_wconf 93' lang='lat'><strong>,</strong></span> <span class='ocrx_word' id='word_1_463' title='bbox 1604 4051 1838 4117; x_wconf 89' lang='lat' dir='ltr'><strong>sequitur</strong></span> <span class='ocrx_word' id='word_1_464' title='bbox 1867 4060 1918 4104; x_wconf 91' lang='lat' dir='ltr'><strong>et</strong></span> <span class='ocrx_word' id='word_1_465' title='bbox 1947 4051 2117 4118; x_wconf 80' lang='lat' dir='ltr'><strong>loqui-</strong></span> 
     </span>
    </p>
   </div>
   <div class='ocr_carea' id='block_1_59' title="bbox 577 4137 2119 4214">
    <p class='ocr_par' dir='ltr' id='par_1_59' title="bbox 577 4137 2119 4214">
     <span class='ocr_line' id='line_1_59' title="bbox 577 4137 2119 4214; baseline -0.001 -20"><span class='ocrx_word' id='word_1_466' title='bbox 577 4153 689 4196; x_wconf 89' lang='lat' dir='ltr'><strong>tur:</strong></span> <span class='ocrx_word' id='word_1_467' title='bbox 725 4137 860 4196; x_wconf 86' lang='lat' dir='ltr'><strong>Ecce</strong></span> <span class='ocrx_word' id='word_1_468' title='bbox 885 4141 1030 4196; x_wconf 81' lang='lat' dir='ltr'><strong>locus</strong></span> <span class='ocrx_word' id='word_1_469' title='bbox 1066 4156 1233 4214; x_wconf 72' lang='lat' dir='ltr'><strong>penes</strong></span> <span class='ocrx_word' id='word_1_470' title='bbox 1258 4157 1358 4194; x_wconf 90' lang='lat' dir='ltr'><strong>me.</strong></span> <span class='ocrx_word' id='word_1_471' title='bbox 1395 4141 1522 4207; x_wconf 79' lang='lat' dir='ltr'><strong>Quis</strong></span> <span class='ocrx_word' id='word_1_472' title='bbox 1552 4142 1692 4194; x_wconf 87' lang='lat' dir='ltr'><strong>enim</strong></span> <span class='ocrx_word' id='word_1_473' title='bbox 1722 4142 1867 4194; x_wconf 92' lang='lat' dir='ltr'><strong>locus</strong></span> <span class='ocrx_word' id='word_1_474' title='bbox 1895 4157 1995 4195; x_wconf 90' lang='lat' dir='ltr'><strong>non</strong></span> <span class='ocrx_word' id='word_1_475' title='bbox 2027 4155 2119 4207; x_wconf 84' lang='lat' dir='ltr'><strong>pe-</strong></span> 
     </span>
    </p>
   </div>
   <div class='ocr_carea' id='block_1_60' title="bbox 578 4214 2148 4298">
    <p class='ocr_par' dir='ltr' id='par_1_60' title="bbox 578 4214 2148 4298">
     <span class='ocr_line' id='line_1_60' title="bbox 578 4214 2148 4298; baseline -0.002 -15"><span class='ocrx_word' id='word_1_476' title='bbox 578 4246 671 4284; x_wconf 89' lang='lat' dir='ltr'><strong>nes</strong></span> <span class='ocrx_word' id='word_1_477' title='bbox 718 4224 883 4284; x_wconf 84' lang='lat' dir='ltr'><strong>Deum</strong></span> <span class='ocrx_word' id='word_1_478' title='bbox 929 4239 1010 4282; x_wconf 89' lang='lat' dir='ltr'><strong>est</strong></span> <span class='ocrx_word' id='word_1_479' title='bbox 1037 4271 1051 4292; x_wconf 79' lang='lat'><strong>,</strong></span> <span class='ocrx_word' id='word_1_480' title='bbox 1078 4231 1164 4297; x_wconf 89' lang='lat' dir='ltr'><strong>qui</strong></span> <span class='ocrx_word' id='word_1_481' title='bbox 1212 4245 1464 4298; x_wconf 87' lang='lat' dir='ltr'><strong>nusquam</strong></span> <span class='ocrx_word' id='word_1_482' title='bbox 1511 4238 1589 4282; x_wconf 89' lang='lat' dir='ltr'><strong>est</strong></span> <span class='ocrx_word' id='word_1_483' title='bbox 1615 4229 1848 4282; x_wconf 84' lang='lat' dir='ltr'><strong>absens?</strong></span> <span class='ocrx_word' id='word_1_484' title='bbox 1891 4231 1984 4281; x_wconf 88' lang='lat' dir='ltr'><strong>sed</strong></span> <span class='ocrx_word' id='word_1_485' title='bbox 2017 4214 2148 4281; x_wconf 31' lang='lat' dir='ltr'><strong>Ec-’</strong></span> 
     </span>
    </p>
   </div>
   <div class='ocr_carea' id='block_1_61' title="bbox 577 4315 2120 4387">
    <p class='ocr_par' dir='ltr' id='par_1_61' title="bbox 577 4315 2120 4387">
     <span class='ocr_line' id='line_1_61' title="bbox 577 4315 2120 4387; baseline -0.003 -14"><span class='ocrx_word' id='word_1_486' title='bbox 577 4321 789 4375; x_wconf 89' lang='lat' dir='ltr'><strong>clesiam</strong></span> <span class='ocrx_word' id='word_1_487' title='bbox 839 4315 1099 4387; x_wconf 77' lang='lat' dir='ltr'><strong>significat</strong></span> <span class='ocrx_word' id='word_1_488' title='bbox 1145 4318 1404 4383; x_wconf 87' lang='lat' dir='ltr'><strong>dicendo,</strong></span> <span class='ocrx_word' id='word_1_489' title='bbox 1449 4319 1582 4371; x_wconf 88' lang='lat' dir='ltr'><strong>Ecce</strong></span> <span class='ocrx_word' id='word_1_490' title='bbox 1615 4319 1758 4371; x_wconf 87' lang='lat' dir='ltr'><strong>lucus</strong></span> <span class='ocrx_word' id='word_1_491' title='bbox 1808 4332 1966 4384; x_wconf 87' lang='lat' dir='ltr'><strong>penes</strong></span> <span class='ocrx_word' id='word_1_492' title='bbox 2013 4333 2120 4380; x_wconf 90' lang='lat' dir='ltr'><strong>me,</strong></span> 
     </span>
    </p>
   </div>
   <div class='ocr_carea' id='block_1_62' title="bbox 577 4407 2112 4478">
    <p class='ocr_par' dir='ltr' id='par_1_62' title="bbox 577 4407 2112 4478">
     <span class='ocr_line' id='line_1_62' title="bbox 577 4407 2112 4478; baseline -0.003 -14"><span class='ocrx_word' id='word_1_493' title='bbox 577 4422 824 4478; x_wconf 87' lang='lat' dir='ltr'><strong>tanquam</strong></span> <span class='ocrx_word' id='word_1_494' title='bbox 857 4411 1102 4475; x_wconf 86' lang='lat' dir='ltr'><strong>templum</strong></span> <span class='ocrx_word' id='word_1_495' title='bbox 1126 4425 1275 4462; x_wconf 86' lang='lat' dir='ltr'><strong>suum</strong></span> <span class='ocrx_word' id='word_1_496' title='bbox 1299 4409 1702 4463; x_wconf 86' lang='lat' dir='ltr'><strong>commendans:</strong></span> <span class='ocrx_word' id='word_1_497' title='bbox 1731 4409 1792 4461; x_wconf 81' lang='lat' dir='ltr'><strong>Et</strong></span> <span class='ocrx_word' id='word_1_498' title='bbox 1824 4409 2004 4470; x_wconf 77' lang='lat' dir='ltr'><strong>stabis,</strong></span> <span class='ocrx_word' id='word_1_499' title='bbox 2038 4407 2112 4460; x_wconf 88' lang='lat' dir='ltr'><strong>in-</strong></span> 
     </span>
    </p>
   </div>
   <div class='ocr_carea' id='block_1_63' title="bbox 580 4499 2118 4567">
    <p class='ocr_par' dir='ltr' id='par_1_63' title="bbox 580 4499 2118 4567">
     <span class='ocr_line' id='line_1_63' title="bbox 580 4499 2118 4567; baseline -0.001 -16"><span class='ocrx_word' id='word_1_500' title='bbox 580 4500 708 4567; x_wconf 90' lang='lat' dir='ltr'><strong>quit,</strong></span> <span class='ocrx_word' id='word_1_501' title='bbox 739 4516 900 4566; x_wconf 85' lang='lat' dir='ltr'><strong>super</strong></span> <span class='ocrx_word' id='word_1_502' title='bbox 925 4510 1146 4566; x_wconf 77' lang='lat' dir='ltr'><strong>petram,</strong></span> <span class='ocrx_word' id='word_1_503' title='bbox 1179 4501 1298 4565; x_wconf 85' lang='lat' dir='ltr'><strong>quia</strong></span> <span class='ocrx_word' id='word_1_504' title='bbox 1329 4514 1485 4566; x_wconf 84' lang='lat' dir='ltr'><strong>super</strong></span> <span class='ocrx_word' id='word_1_505' title='bbox 1515 4499 1646 4550; x_wconf 90' lang='lat' dir='ltr'><strong>hanc</strong></span> <span class='ocrx_word' id='word_1_506' title='bbox 1679 4509 1901 4562; x_wconf 88' lang='lat' dir='ltr'><strong>petram,</strong></span> <span class='ocrx_word' id='word_1_507' title='bbox 1929 4499 1999 4548; x_wconf 89' lang='lat' dir='ltr'><strong>ait</strong></span> <span class='ocrx_word' id='word_1_508' title='bbox 2027 4499 2118 4550; x_wconf 90' lang='lat' dir='ltr'><strong>Do-</strong></span> 
     </span>
    </p>
   </div>
   <div class='ocr_carea' id='block_1_64' title="bbox 581 4589 2116 4652">
    <p class='ocr_par' dir='ltr' id='par_1_64' title="bbox 581 4589 2116 4652">
     <span class='ocr_line' id='line_1_64' title="bbox 581 4589 2116 4652; baseline -0.003 -11"><span class='ocrx_word' id='word_1_509' title='bbox 581 4591 770 4652; x_wconf 88' lang='lat' dir='ltr'><strong>minus,</strong></span> <span class='ocrx_word' id='word_1_510' title='bbox 796 4589 1066 4642; x_wconf 67' lang='lat' dir='ltr'><strong>mditicabo</strong></span> <span class='ocrx_word' id='word_1_511' title='bbox 1097 4590 1379 4642; x_wconf 86' lang='lat' dir='ltr'><strong>Ecclesiam</strong></span> <span class='ocrx_word' id='word_1_512' title='bbox 1412 4603 1578 4641; x_wconf 83' lang='lat' dir='ltr'><strong>meam</strong></span> <span class='ocrx_word' id='word_1_513' title='bbox 1606 4604 1617 4639; x_wconf 93' lang='lat'><strong>:</strong></span> <span class='ocrx_word' id='word_1_514' title='bbox 1653 4589 1822 4641; x_wconf 75' lang='lat' dir='ltr'><strong>statim</strong></span> <span class='ocrx_word' id='word_1_515' title='bbox 1858 4597 1912 4638; x_wconf 87' lang='lat' dir='ltr'><strong>ttt</strong></span> <span class='ocrx_word' id='word_1_516' title='bbox 1940 4597 2116 4638; x_wconf 89' lang='lat' dir='ltr'><strong>trans-</strong></span> 
     </span>
    </p>
   </div>
   <div class='ocr_carea' id='block_1_65' title="bbox 582 4674 2120 4743">
    <p class='ocr_par' dir='ltr' id='par_1_65' title="bbox 582 4674 2120 4743">
     <span class='ocr_line' id='line_1_65' title="bbox 582 4674 2120 4743; baseline -0.001 -13"><span class='ocrx_word' id='word_1_517' title='bbox 582 4679 654 4730; x_wconf 88' lang='lat' dir='ltr'><strong>iet</strong></span> <span class='ocrx_word' id='word_1_518' title='bbox 701 4679 863 4743; x_wconf 78' lang='lat' dir='ltr'><strong>gloria</strong></span> <span class='ocrx_word' id='word_1_519' title='bbox 892 4694 1002 4731; x_wconf 84' lang='lat' dir='ltr'><strong>mea</strong></span> <span class='ocrx_word' id='word_1_520' title='bbox 1025 4719 1039 4742; x_wconf 85' lang='lat'><strong>,</strong></span> <span class='ocrx_word' id='word_1_521' title='bbox 1089 4679 1138 4729; x_wconf 89' lang='lat' dir='ltr'><strong>id</strong></span> <span class='ocrx_word' id='word_1_522' title='bbox 1170 4686 1250 4730; x_wconf 86' lang='lat' dir='ltr'><strong>est</strong></span> <span class='ocrx_word' id='word_1_523' title='bbox 1277 4679 1450 4730; x_wconf 88' lang='lat' dir='ltr'><strong>statim</strong></span> <span class='ocrx_word' id='word_1_524' title='bbox 1482 4687 1535 4729; x_wconf 93' lang='lat' dir='ltr'><strong>ut</strong></span> <span class='ocrx_word' id='word_1_525' title='bbox 1567 4679 1782 4730; x_wconf 86' lang='lat' dir='ltr'><strong>transiet</strong></span> <span class='ocrx_word' id='word_1_526' title='bbox 1809 4674 1971 4742; x_wconf 87' lang='lat' dir='ltr'><strong>gloria</strong></span> <span class='ocrx_word' id='word_1_527' title='bbox 2006 4691 2120 4729; x_wconf 88' lang='lat' dir='ltr'><strong>mea</strong></span> 
     </span>
    </p>
   </div>
   <div class='ocr_carea' id='block_1_66' title="bbox 581 4765 2119 4832">
    <p class='ocr_par' dir='ltr' id='par_1_66' title="bbox 581 4765 2119 4832">
     <span class='ocr_line' id='line_1_66' title="bbox 581 4765 2119 4832; baseline 0 -14"><span class='ocrx_word' id='word_1_528' title='bbox 581 4766 745 4818; x_wconf 82' lang='lat' dir='ltr'><strong>stabis</strong></span> <span class='ocrx_word' id='word_1_529' title='bbox 785 4781 940 4832; x_wconf 70' lang='lat' dir='ltr'><strong>super</strong></span> <span class='ocrx_word' id='word_1_530' title='bbox 971 4776 1192 4831; x_wconf 89' lang='lat' dir='ltr'><strong>petram,</strong></span> <span class='ocrx_word' id='word_1_531' title='bbox 1220 4765 1342 4830; x_wconf 89' lang='lat' dir='ltr'><strong>quia</strong></span> <span class='ocrx_word' id='word_1_532' title='bbox 1370 4772 1484 4832; x_wconf 91' lang='lat' dir='ltr'><strong>post</strong></span> <span class='ocrx_word' id='word_1_533' title='bbox 1514 4767 1786 4817; x_wconf 88' lang='lat' dir='ltr'><strong>transitum</strong></span> <span class='ocrx_word' id='word_1_534' title='bbox 1819 4766 2033 4825; x_wconf 74' lang='lat' dir='ltr'><strong>Christi,</strong></span> <span class='ocrx_word' id='word_1_535' title='bbox 2071 4767 2119 4819; x_wconf 88' lang='lat' dir='ltr'><strong>id</strong></span> 
     </span>
    </p>
   </div>
   <div class='ocr_carea' id='block_1_67' title="bbox 582 4854 2120 4920">
    <p class='ocr_par' dir='ltr' id='par_1_67' title="bbox 582 4854 2120 4920">
     <span class='ocr_line' id='line_1_67' title="bbox 582 4854 2120 4920; baseline 0.001 -15"><span class='ocrx_word' id='word_1_536' title='bbox 582 4864 663 4907; x_wconf 87' lang='lat' dir='ltr'><strong>est</strong></span> <span class='ocrx_word' id='word_1_537' title='bbox 695 4863 805 4920; x_wconf 88' lang='lat' dir='ltr'><strong>post</strong></span> <span class='ocrx_word' id='word_1_538' title='bbox 841 4855 1132 4918; x_wconf 86' lang='lat' dir='ltr'><strong>passionem</strong></span> <span class='ocrx_word' id='word_1_539' title='bbox 1163 4863 1215 4907; x_wconf 90' lang='lat' dir='ltr'><strong>et</strong></span> <span class='ocrx_word' id='word_1_540' title='bbox 1242 4854 1676 4907; x_wconf 83' lang='lat' dir='ltr'><strong>resurrectiottem</strong></span> <span class='ocrx_word' id='word_1_541' title='bbox 1714 4854 1929 4913; x_wconf 79' lang='lat' dir='ltr'><strong>Christi.</strong></span> <span class='ocrx_word' id='word_1_542' title='bbox 1979 4857 2120 4907; x_wconf 85' lang='lat' dir='ltr'><strong>stetit</strong></span> 
     </span>
    </p>
   </div>
   <div class='ocr_carea' id='block_1_68' title="bbox 586 4943 2118 5015">
    <p class='ocr_par' dir='ltr' id='par_1_68' title="bbox 586 4943 2118 5015">
     <span class='ocr_line' id='line_1_68' title="bbox 586 4943 2118 5015; baseline 0.003 -20"><span class='ocrx_word' id='word_1_543' title='bbox 586 4946 807 5012; x_wconf 88' lang='lat' dir='ltr'><strong>populus</strong></span> <span class='ocrx_word' id='word_1_544' title='bbox 837 4943 1000 4996; x_wconf 87' lang='lat' dir='ltr'><strong>fidelis</strong></span> <span class='ocrx_word' id='word_1_545' title='bbox 1031 4959 1186 5010; x_wconf 82' lang='lat' dir='ltr'><strong>super</strong></span> <span class='ocrx_word' id='word_1_546' title='bbox 1217 4954 1432 5012; x_wconf 89' lang='lat' dir='ltr'><strong>petram.</strong></span> <span class='ocrx_word' id='word_1_547' title='bbox 1484 4947 1546 4997; x_wconf 80' lang='lat' dir='ltr'><strong>Et</strong></span> <span class='ocrx_word' id='word_1_548' title='bbox 1587 4960 1771 5010; x_wconf 89' lang='lat' dir='ltr'><strong>ponam</strong></span> <span class='ocrx_word' id='word_1_549' title='bbox 1818 4956 1887 5009; x_wconf 90' lang='lat' dir='ltr'><strong>te,</strong></span> <span class='ocrx_word' id='word_1_550' title='bbox 1934 4947 2118 5015; x_wconf 87' lang='lat' dir='ltr'><strong>inquit,</strong></span> 
     </span>
    </p>
   </div>
   <div class='ocr_carea' id='block_1_69' title="bbox 584 5035 2113 5105">
    <p class='ocr_par' dir='ltr' id='par_1_69' title="bbox 584 5035 2113 5105">
     <span class='ocr_line' id='line_1_69' title="bbox 584 5035 2113 5105; baseline 0.004 -20"><span class='ocrx_word' id='word_1_551' title='bbox 584 5035 634 5085; x_wconf 92' lang='lat' dir='ltr'><strong>in</strong></span> <span class='ocrx_word' id='word_1_552' title='bbox 657 5048 882 5086; x_wconf 84' lang='lat' dir='ltr'><strong>caverna</strong></span> <span class='ocrx_word' id='word_1_553' title='bbox 929 5041 1086 5098; x_wconf 76' lang='lat' dir='ltr'><strong>petra:</strong></span> <span class='ocrx_word' id='word_1_554' title='bbox 1112 5051 1123 5085; x_wconf 94' lang='lat'><strong>:</strong></span> <span class='ocrx_word' id='word_1_555' title='bbox 1154 5035 1421 5102; x_wconf 84' lang='lat' dir='ltr'><strong>munimen</strong></span> <span class='ocrx_word' id='word_1_556' title='bbox 1450 5035 1804 5088; x_wconf 80' lang='lat' dir='ltr'><strong>firmissimum</strong></span> <span class='ocrx_word' id='word_1_557' title='bbox 1836 5038 2113 5105; x_wconf 78' lang='lat' dir='ltr'><strong>significat.</strong></span> 
     </span>
    </p>
   </div>
   <div class='ocr_carea' id='block_1_70' title="bbox 585 5123 2126 5195">
    <p class='ocr_par' dir='ltr' id='par_1_70' title="bbox 585 5123 2126 5195">
     <span class='ocr_line' id='line_1_70' title="bbox 585 5123 2126 5195; baseline 0.001 -19"><span class='ocrx_word' id='word_1_558' title='bbox 585 5123 682 5177; x_wconf 80' lang='lat' dir='ltr'><strong>Alii</strong></span> <span class='ocrx_word' id='word_1_559' title='bbox 713 5133 884 5176; x_wconf 89' lang='lat' dir='ltr'><strong>autem</strong></span> <span class='ocrx_word' id='word_1_560' title='bbox 914 5123 1238 5194; x_wconf 84' lang='lat' dir='ltr'><strong>interpretati</strong></span> <span class='ocrx_word' id='word_1_561' title='bbox 1261 5133 1380 5176; x_wconf 90' lang='lat' dir='ltr'><strong>sunt</strong></span> <span class='ocrx_word' id='word_1_562' title='bbox 1406 5125 1456 5176; x_wconf 91' lang='lat' dir='ltr'><strong>in</strong></span> <span class='ocrx_word' id='word_1_563' title='bbox 1478 5126 1684 5190; x_wconf 87' lang='lat' dir='ltr'><strong>specula</strong></span> <span class='ocrx_word' id='word_1_564' title='bbox 1715 5123 2004 5195; x_wconf 73' lang='lat' dir='ltr'><strong>[spelunca]</strong></span> <span class='ocrx_word' id='word_1_565' title='bbox 2036 5143 2126 5193; x_wconf 87' lang='lat' dir='ltr'><strong>pe-</strong></span> 
     </span>
    </p>
   </div>
   <div class='ocr_carea' id='block_1_71' title="bbox 584 5204 2117 5276">
    <p class='ocr_par' dir='ltr' id='par_1_71' title="bbox 584 5204 2117 5276">
     <span class='ocr_line' id='line_1_71' title="bbox 584 5204 2117 5276; baseline 0.001 -11"><span class='ocrx_word' id='word_1_566' title='bbox 584 5224 696 5265; x_wconf 68' lang='lat' dir='ltr'><strong>trae.</strong></span> <span class='ocrx_word' id='word_1_567' title='bbox 719 5211 822 5267; x_wconf 87' lang='lat' dir='ltr'><strong>Sed</strong></span> <span class='ocrx_word' id='word_1_568' title='bbox 852 5211 1067 5266; x_wconf 62' lang='lat' dir='ltr'><strong>Graecus</strong></span> <span class='ocrx_word' id='word_1_569' title='bbox 1096 5211 1250 5265; x_wconf 86' lang='lat' dir='ltr'><strong>habet</strong></span> <span class='ocrx_word' id='word_1_570' title='bbox 1272 5204 1422 5276; x_wconf 51' lang='lat' dir='ltr'><strong>asas;</strong></span> <span class='ocrx_word' id='word_1_571' title='bbox 1450 5214 1551 5266; x_wconf 90' lang='lat' dir='ltr'><strong>hoc</strong></span> <span class='ocrx_word' id='word_1_572' title='bbox 1577 5225 1749 5266; x_wconf 90' lang='lat' dir='ltr'><strong>autem</strong></span> <span class='ocrx_word' id='word_1_573' title='bbox 1781 5213 2011 5268; x_wconf 89' lang='lat' dir='ltr'><strong>foramen</strong></span> <span class='ocrx_word' id='word_1_574' title='bbox 2033 5215 2117 5267; x_wconf 87' lang='lat' dir='ltr'><strong>vel</strong></span> 
     </span>
    </p>
   </div>
   <div class='ocr_carea' id='block_1_72' title="bbox 585 5299 2120 5370">
    <p class='ocr_par' dir='ltr' id='par_1_72' title="bbox 585 5299 2120 5370">
     <span class='ocr_line' id='line_1_72' title="bbox 585 5299 2120 5370; baseline 0 -16"><span class='ocrx_word' id='word_1_575' title='bbox 585 5315 859 5354; x_wconf 88' lang='lat' dir='ltr'><strong>cavernam</strong></span> <span class='ocrx_word' id='word_1_576' title='bbox 909 5300 1103 5355; x_wconf 85' lang='lat' dir='ltr'><strong>rectius</strong></span> <span class='ocrx_word' id='word_1_577' title='bbox 1151 5299 1586 5367; x_wconf 80' lang='lat' dir='ltr'><strong>interpretamur,</strong></span> <span class='ocrx_word' id='word_1_578' title='bbox 1639 5311 1691 5354; x_wconf 92' lang='lat' dir='ltr'><strong>et</strong></span> <span class='ocrx_word' id='word_1_579' title='bbox 1740 5313 1909 5370; x_wconf 87' lang='lat' dir='ltr'><strong>tegam</strong></span> <span class='ocrx_word' id='word_1_580' title='bbox 1963 5317 2120 5354; x_wconf 86' lang='lat' dir='ltr'><strong>manu</strong></span> 
     </span>
    </p>
   </div>
   <div class='ocr_carea' id='block_1_73' title="bbox 584 5385 2124 5463">
    <p class='ocr_par' dir='ltr' id='par_1_73' title="bbox 584 5385 2124 5463">
     <span class='ocr_line' id='line_1_73' title="bbox 584 5385 2124 5463; baseline 0 -21"><span class='ocrx_word' id='word_1_581' title='bbox 584 5404 698 5442; x_wconf 89' lang='lat' dir='ltr'><strong>mea</strong></span> <span class='ocrx_word' id='word_1_582' title='bbox 723 5389 955 5463; x_wconf 90' lang='lat' dir='ltr'><strong>[manum</strong></span> <span class='ocrx_word' id='word_1_583' title='bbox 977 5385 1169 5457; x_wconf 88' lang='lat' dir='ltr'><strong>meam]</strong></span> <span class='ocrx_word' id='word_1_584' title='bbox 1194 5404 1351 5457; x_wconf 92' lang='lat' dir='ltr'><strong>super</strong></span> <span class='ocrx_word' id='word_1_585' title='bbox 1381 5399 1451 5451; x_wconf 90' lang='lat' dir='ltr'><strong>te,</strong></span> <span class='ocrx_word' id='word_1_586' title='bbox 1479 5391 1644 5444; x_wconf 90' lang='lat' dir='ltr'><strong>donec</strong></span> <span class='ocrx_word' id='word_1_587' title='bbox 1670 5401 1929 5443; x_wconf 88' lang='lat' dir='ltr'><strong>transeam</strong></span> <span class='ocrx_word' id='word_1_588' title='bbox 1959 5401 2012 5444; x_wconf 90' lang='lat' dir='ltr'><strong>et</strong></span> <span class='ocrx_word' id='word_1_589' title='bbox 2031 5407 2124 5442; x_wconf 92' lang='lat' dir='ltr'><strong>au-</strong></span> 
     </span>
    </p>
   </div>
   <div class='ocr_carea' id='block_1_74' title="bbox 586 5481 2121 5550">
    <p class='ocr_par' dir='ltr' id='par_1_74' title="bbox 586 5481 2121 5550">
     <span class='ocr_line' id='line_1_74' title="bbox 586 5481 2121 5550; baseline 0 -16"><span class='ocrx_word' id='word_1_590' title='bbox 586 5482 746 5537; x_wconf 85' lang='lat' dir='ltr'><strong>feram</strong></span> <span class='ocrx_word' id='word_1_591' title='bbox 799 5495 1007 5535; x_wconf 88' lang='lat' dir='ltr'><strong>manum</strong></span> <span class='ocrx_word' id='word_1_592' title='bbox 1059 5496 1260 5544; x_wconf 87' lang='lat' dir='ltr'><strong>meam,</strong></span> <span class='ocrx_word' id='word_1_593' title='bbox 1314 5489 1367 5533; x_wconf 88' lang='lat' dir='ltr'><strong>et</strong></span> <span class='ocrx_word' id='word_1_594' title='bbox 1416 5487 1536 5532; x_wconf 80' lang='lat' dir='ltr'><strong>tunc</strong></span> <span class='ocrx_word' id='word_1_595' title='bbox 1583 5481 1784 5535; x_wconf 88' lang='lat' dir='ltr'><strong>videbis</strong></span> <span class='ocrx_word' id='word_1_596' title='bbox 1833 5483 2121 5550; x_wconf 88' lang='lat' dir='ltr'><strong>posteriora</strong></span> 
     </span>
    </p>
   </div>
   <div class='ocr_carea' id='block_1_75' title="bbox 586 5571 2115 5641">
    <p class='ocr_par' dir='ltr' id='par_1_75' title="bbox 586 5571 2115 5641">
     <span class='ocr_line' id='line_1_75' title="bbox 586 5571 2115 5641; baseline 0.001 -16"><span class='ocrx_word' id='word_1_597' title='bbox 586 5587 724 5635; x_wconf 82' lang='lat' dir='ltr'><strong>mea,</strong></span> <span class='ocrx_word' id='word_1_598' title='bbox 752 5573 911 5626; x_wconf 90' lang='lat' dir='ltr'><strong>facies</strong></span> <span class='ocrx_word' id='word_1_599' title='bbox 944 5581 1117 5625; x_wconf 89' lang='lat' dir='ltr'><strong>autem</strong></span> <span class='ocrx_word' id='word_1_600' title='bbox 1146 5587 1260 5626; x_wconf 87' lang='lat' dir='ltr'><strong>mea</strong></span> <span class='ocrx_word' id='word_1_601' title='bbox 1291 5587 1391 5624; x_wconf 90' lang='lat' dir='ltr'><strong>non</strong></span> <span class='ocrx_word' id='word_1_602' title='bbox 1421 5571 1678 5625; x_wconf 87' lang='lat' dir='ltr'><strong>videbitur</strong></span> <span class='ocrx_word' id='word_1_603' title='bbox 1709 5574 1822 5625; x_wconf 83' lang='lat' dir='ltr'><strong>tibi.</strong></span> <span class='ocrx_word' id='word_1_604' title='bbox 1855 5573 1984 5626; x_wconf 90' lang='lat' dir='ltr'><strong>Cum</strong></span> <span class='ocrx_word' id='word_1_605' title='bbox 2007 5574 2115 5641; x_wconf 87' lang='lat' dir='ltr'><strong>jam</strong></span> 
     </span>
    </p>
   </div>
   <div class='ocr_carea' id='block_1_76' title="bbox 587 5661 2114 5732">
    <p class='ocr_par' dir='ltr' id='par_1_76' title="bbox 587 5661 2114 5732">
     <span class='ocr_line' id='line_1_76' title="bbox 587 5661 2114 5732; baseline 0.001 -16"><span class='ocrx_word' id='word_1_606' title='bbox 587 5664 821 5727; x_wconf 73' lang='lat' dir='ltr'><strong>dixisset,</strong></span> <span class='ocrx_word' id='word_1_607' title='bbox 850 5663 1025 5717; x_wconf 84' lang='lat' dir='ltr'><strong>Stabis</strong></span> <span class='ocrx_word' id='word_1_608' title='bbox 1047 5661 1214 5732; x_wconf 87' lang='lat' dir='ltr'><strong>Super</strong></span> <span class='ocrx_word' id='word_1_609' title='bbox 1241 5669 1438 5732; x_wconf 86' lang='lat' dir='ltr'><strong>petram</strong></span> <span class='ocrx_word' id='word_1_610' title='bbox 1471 5664 1644 5716; x_wconf 88' lang='lat' dir='ltr'><strong>statim</strong></span> <span class='ocrx_word' id='word_1_611' title='bbox 1671 5670 1726 5715; x_wconf 89' lang='lat' dir='ltr'><strong>ut</strong></span> <span class='ocrx_word' id='word_1_612' title='bbox 1757 5663 1968 5716; x_wconf 80' lang='lat' dir='ltr'><strong>transiet</strong></span> <span class='ocrx_word' id='word_1_613' title='bbox 1999 5665 2114 5732; x_wconf 80' lang='lat' dir='ltr'><strong>glo-</strong></span> 
     </span>
    </p>
   </div>
   <div class='ocr_carea' id='block_1_77' title="bbox 2211 1878 3741 1950">
    <p class='ocr_par' dir='ltr' id='par_1_77' title="bbox 2211 1878 3741 1950">
     <span class='ocr_line' id='line_1_77' title="bbox 2211 1878 3741 1950; baseline -0.01 -9"><span class='ocrx_word' id='word_1_614' title='bbox 2211 1895 2352 1941; x_wconf 87' lang='lat' dir='ltr'><strong>ctum</strong></span> <span class='ocrx_word' id='word_1_615' title='bbox 2381 1896 2459 1938; x_wconf 89' lang='lat' dir='ltr'><strong>est</strong></span> <span class='ocrx_word' id='word_1_616' title='bbox 2487 1887 2535 1937; x_wconf 90' lang='lat' dir='ltr'><strong>in</strong></span> <span class='ocrx_word' id='word_1_617' title='bbox 2559 1885 2636 1938; x_wconf 87' lang='lat' dir='ltr'><strong>eis</strong></span> <span class='ocrx_word' id='word_1_618' title='bbox 2659 1897 2790 1950; x_wconf 84' lang='lat' dir='ltr'><strong>quos</strong></span> <span class='ocrx_word' id='word_1_619' title='bbox 2813 1890 2934 1934; x_wconf 88' lang='lat' dir='ltr'><strong>tunc</strong></span> <span class='ocrx_word' id='word_1_620' title='bbox 2957 1881 3285 1945; x_wconf 70' lang='lat' dir='ltr'><strong>significabat</strong></span> <span class='ocrx_word' id='word_1_621' title='bbox 3314 1895 3530 1946; x_wconf 76' lang='lat' dir='ltr'><strong>persona</strong></span> <span class='ocrx_word' id='word_1_622' title='bbox 3567 1878 3741 1944; x_wconf 66' lang='lat' dir='ltr'><strong>Moysi,</strong></span> 
     </span>
    </p>
   </div>
   <div class='ocr_carea' id='block_1_78' title="bbox 2213 1971 3743 2040">
    <p class='ocr_par' dir='ltr' id='par_1_78' title="bbox 2213 1971 3743 2040">
     <span class='ocr_line' id='line_1_78' title="bbox 2213 1971 3743 2040; baseline -0.007 -11"><span class='ocrx_word' id='word_1_623' title='bbox 2213 1976 2263 2030; x_wconf 88' lang='lat' dir='ltr'><strong>id</strong></span> <span class='ocrx_word' id='word_1_624' title='bbox 2291 1986 2369 2029; x_wconf 87' lang='lat' dir='ltr'><strong>est</strong></span> <span class='ocrx_word' id='word_1_625' title='bbox 2399 1975 2667 2031; x_wconf 68' lang='lat' dir='ltr'><strong>Israelitis.</strong></span> <span class='ocrx_word' id='word_1_626' title='bbox 2694 1973 2780 2040; x_wconf 88' lang='lat' dir='ltr'><strong>qui</strong></span> <span class='ocrx_word' id='word_1_627' title='bbox 2812 1973 2864 2025; x_wconf 91' lang='lat' dir='ltr'><strong>in</strong></span> <span class='ocrx_word' id='word_1_628' title='bbox 2899 1972 3173 2025; x_wconf 78' lang='lat' dir='ltr'><strong>Dominum</strong></span> <span class='ocrx_word' id='word_1_629' title='bbox 3205 1971 3403 2031; x_wconf 87' lang='lat' dir='ltr'><strong>Jesum,</strong></span> <span class='ocrx_word' id='word_1_630' title='bbox 3435 1971 3570 2021; x_wconf 79' lang='lat' dir='ltr'><strong>sicut</strong></span> <span class='ocrx_word' id='word_1_631' title='bbox 3601 1972 3743 2020; x_wconf 79' lang='lat' dir='ltr'><strong>Attus</strong></span> 
     </span>
    </p>
   </div>
   <div class='ocr_carea' id='block_1_79' title="bbox 2212 2059 3744 2136">
    <p class='ocr_par' dir='ltr' id='par_1_79' title="bbox 2212 2059 3744 2136">
     <span class='ocr_line' id='line_1_79' title="bbox 2212 2059 3744 2136; baseline -0.012 -14"><span class='ocrx_word' id='word_1_632' title='bbox 2212 2066 2570 2136; x_wconf 81' lang='lat' dir='ltr'><strong>apostolorum</strong></span> <span class='ocrx_word' id='word_1_633' title='bbox 2604 2065 2853 2126; x_wconf 87' lang='lat' dir='ltr'><strong>indicant,</strong></span> <span class='ocrx_word' id='word_1_634' title='bbox 2886 2073 3066 2131; x_wconf 86' lang='lat' dir='ltr'><strong>postea</strong></span> <span class='ocrx_word' id='word_1_635' title='bbox 3091 2060 3445 2120; x_wconf 68' lang='lat' dir='ltr'><strong>crediderunt,</strong></span> <span class='ocrx_word' id='word_1_636' title='bbox 3479 2059 3527 2112; x_wconf 84' lang='lat' dir='ltr'><strong>id</strong></span> <span class='ocrx_word' id='word_1_637' title='bbox 3546 2069 3626 2112; x_wconf 83' lang='lat' dir='ltr'><strong>est</strong></span> <span class='ocrx_word' id='word_1_638' title='bbox 3650 2071 3744 2111; x_wconf 78' lang='lat' dir='ltr'><strong>sta.</strong></span> 
     </span>
    </p>
   </div>
   <div class='ocr_carea' id='block_1_80' title="bbox 2213 2152 3743 2226">
    <p class='ocr_par' dir='ltr' id='par_1_80' title="bbox 2213 2152 3743 2226">
     <span class='ocr_line' id='line_1_80' title="bbox 2213 2152 3743 2226; baseline -0.01 -15"><span class='ocrx_word' id='word_1_639' title='bbox 2213 2159 2307 2212; x_wconf 90' lang='lat' dir='ltr'><strong>tim</strong></span> <span class='ocrx_word' id='word_1_640' title='bbox 2339 2169 2392 2210; x_wconf 88' lang='lat' dir='ltr'><strong>ut</strong></span> <span class='ocrx_word' id='word_1_641' title='bbox 2432 2157 2640 2214; x_wconf 85' lang='lat' dir='ltr'><strong>transiit</strong></span> <span class='ocrx_word' id='word_1_642' title='bbox 2667 2155 2785 2226; x_wconf 83' lang='lat' dir='ltr'><strong>ejus</strong></span> <span class='ocrx_word' id='word_1_643' title='bbox 2811 2154 2996 2222; x_wconf 81' lang='lat' dir='ltr'><strong>gloria.</strong></span> <span class='ocrx_word' id='word_1_644' title='bbox 3045 2152 3172 2206; x_wconf 80' lang='lat' dir='ltr'><strong>Nam</strong></span> <span class='ocrx_word' id='word_1_645' title='bbox 3204 2161 3538 2217; x_wconf 85' lang='lat' dir='ltr'><strong>posteaquam</strong></span> <span class='ocrx_word' id='word_1_646' title='bbox 3581 2164 3743 2202; x_wconf 83' lang='lat' dir='ltr'><strong>resur-</strong></span> 
     </span>
    </p>
   </div>
   <div class='ocr_carea' id='block_1_81' title="bbox 2212 2236 3742 2316">
    <p class='ocr_par' dir='ltr' id='par_1_81' title="bbox 2212 2236 3742 2316">
     <span class='ocr_line' id='line_1_81' title="bbox 2212 2236 3742 2316; baseline -0.01 -16"><span class='ocrx_word' id='word_1_647' title='bbox 2212 2248 2348 2301; x_wconf 79' lang='lat' dir='ltr'><strong>rexit</strong></span> <span class='ocrx_word' id='word_1_648' title='bbox 2371 2261 2397 2298; x_wconf 92' lang='lat' dir='ltr'><strong>a</strong></span> <span class='ocrx_word' id='word_1_649' title='bbox 2424 2243 2644 2297; x_wconf 89' lang='lat' dir='ltr'><strong>mortuis</strong></span> <span class='ocrx_word' id='word_1_650' title='bbox 2673 2252 2726 2296; x_wconf 90' lang='lat' dir='ltr'><strong>et</strong></span> <span class='ocrx_word' id='word_1_651' title='bbox 2751 2242 2989 2316; x_wconf 79' lang='lat' dir='ltr'><strong>ascendit</strong></span> <span class='ocrx_word' id='word_1_652' title='bbox 3021 2241 3071 2294; x_wconf 90' lang='lat' dir='ltr'><strong>in</strong></span> <span class='ocrx_word' id='word_1_653' title='bbox 3100 2239 3314 2301; x_wconf 72' lang='lat' dir='ltr'><strong>etnlum,</strong></span> <span class='ocrx_word' id='word_1_654' title='bbox 3344 2236 3504 2291; x_wconf 84' lang='lat' dir='ltr'><strong>misso</strong></span> <span class='ocrx_word' id='word_1_655' title='bbox 3531 2237 3742 2300; x_wconf 76' lang='lat' dir='ltr'><strong>desuper</strong></span> 
     </span>
    </p>
   </div>
   <div class='ocr_carea' id='block_1_82' title="bbox 2213 2326 3742 2411">
    <p class='ocr_par' dir='ltr' id='par_1_82' title="bbox 2213 2326 3742 2411">
     <span class='ocr_line' id='line_1_82' title="bbox 2213 2326 3742 2411; baseline -0.009 -21"><span class='ocrx_word' id='word_1_656' title='bbox 2213 2340 2301 2411; x_wconf 86' lang='lat' dir='ltr'><strong>[de</strong></span> <span class='ocrx_word' id='word_1_657' title='bbox 2327 2335 2484 2406; x_wconf 67' lang='lat' dir='ltr'><strong>coelo]</strong></span> <span class='ocrx_word' id='word_1_658' title='bbox 2515 2335 2712 2402; x_wconf 87' lang='lat' dir='ltr'><strong>Spiritu</strong></span> <span class='ocrx_word' id='word_1_659' title='bbox 2740 2341 2945 2397; x_wconf 85' lang='lat' dir='ltr'><strong>sancto,</strong></span> <span class='ocrx_word' id='word_1_660' title='bbox 2980 2346 3100 2385; x_wconf 85' lang='lat' dir='ltr'><strong>cum</strong></span> <span class='ocrx_word' id='word_1_661' title='bbox 3144 2326 3338 2399; x_wconf 84' lang='lat' dir='ltr'><strong>linguis</strong></span> <span class='ocrx_word' id='word_1_662' title='bbox 3367 2329 3597 2382; x_wconf 83' lang='lat' dir='ltr'><strong>omnium</strong></span> <span class='ocrx_word' id='word_1_663' title='bbox 3629 2341 3742 2393; x_wconf 78' lang='lat' dir='ltr'><strong>gen-</strong></span> 
     </span>
    </p>
   </div>
   <div class='ocr_carea' id='block_1_83' title="bbox 2214 2415 3743 2496">
    <p class='ocr_par' dir='ltr' id='par_1_83' title="bbox 2214 2415 3743 2496">
     <span class='ocr_line' id='line_1_83' title="bbox 2214 2415 3743 2496; baseline -0.014 -14"><span class='ocrx_word' id='word_1_664' title='bbox 2214 2430 2342 2482; x_wconf 87' lang='lat' dir='ltr'><strong>tium</strong></span> <span class='ocrx_word' id='word_1_665' title='bbox 2376 2430 2726 2496; x_wconf 69' lang='lat' dir='ltr'><strong>loquerentur</strong></span> <span class='ocrx_word' id='word_1_666' title='bbox 2777 2420 3041 2491; x_wconf 77' lang='lat' dir='ltr'><strong>apostoli,</strong></span> <span class='ocrx_word' id='word_1_667' title='bbox 3082 2418 3386 2484; x_wconf 82' lang='lat' dir='ltr'><strong>cotopnncti</strong></span> <span class='ocrx_word' id='word_1_668' title='bbox 3433 2428 3551 2471; x_wconf 92' lang='lat' dir='ltr'><strong>sunt</strong></span> <span class='ocrx_word' id='word_1_669' title='bbox 3597 2415 3743 2468; x_wconf 72' lang='lat' dir='ltr'><strong>corde</strong></span> 
     </span>
    </p>
   </div>
   <div class='ocr_carea' id='block_1_84' title="bbox 2215 2502 3741 2580">
    <p class='ocr_par' dir='ltr' id='par_1_84' title="bbox 2215 2502 3741 2580">
     <span class='ocr_line' id='line_1_84' title="bbox 2215 2502 3741 2580; baseline -0.012 -10"><span class='ocrx_word' id='word_1_670' title='bbox 2215 2502 2364 2570; x_wconf 85' lang='lat' dir='ltr'><strong>multi</strong></span> <span class='ocrx_word' id='word_1_671' title='bbox 2406 2531 2468 2569; x_wconf 80' lang='lat' dir='ltr'><strong>ex</strong></span> <span class='ocrx_word' id='word_1_672' title='bbox 2516 2515 2594 2568; x_wconf 90' lang='lat' dir='ltr'><strong>eis</strong></span> <span class='ocrx_word' id='word_1_673' title='bbox 2629 2513 2717 2580; x_wconf 93' lang='lat' dir='ltr'><strong>qui</strong></span> <span class='ocrx_word' id='word_1_674' title='bbox 2767 2512 3133 2566; x_wconf 76' lang='lat' dir='ltr'><strong>crucillxerant</strong></span> <span class='ocrx_word' id='word_1_675' title='bbox 3180 2507 3463 2570; x_wconf 84' lang='lat' dir='ltr'><strong>Cbristnm,</strong></span> <span class='ocrx_word' id='word_1_676' title='bbox 3511 2519 3660 2571; x_wconf 88' lang='lat' dir='ltr'><strong>quem</strong></span> <span class='ocrx_word' id='word_1_677' title='bbox 3697 2515 3741 2552; x_wconf 89' lang='lat' dir='ltr'><strong>nt</strong></span> 
     </span>
    </p>
   </div>
   <div class='ocr_carea' id='block_1_85' title="bbox 2216 2592 3740 2675">
    <p class='ocr_par' dir='ltr' id='par_1_85' title="bbox 2216 2592 3740 2675">
     <span class='ocr_line' id='line_1_85' title="bbox 2216 2592 3740 2675; baseline -0.011 -14"><span class='ocrx_word' id='word_1_678' title='bbox 2216 2625 2317 2661; x_wconf 81' lang='lat' dir='ltr'><strong>non</strong></span> <span class='ocrx_word' id='word_1_679' title='bbox 2344 2605 2711 2675; x_wconf 89' lang='lat' dir='ltr'><strong>cognovissent</strong></span> <span class='ocrx_word' id='word_1_680' title='bbox 2746 2613 2798 2657; x_wconf 89' lang='lat' dir='ltr'><strong>et</strong></span> <span class='ocrx_word' id='word_1_681' title='bbox 2835 2592 3110 2655; x_wconf 66' lang='lat' dir='ltr'><strong>Dominum</strong></span> <span class='ocrx_word' id='word_1_682' title='bbox 3150 2595 3333 2667; x_wconf 72' lang='lat' dir='ltr'><strong>gloriae</strong></span> <span class='ocrx_word' id='word_1_683' title='bbox 3373 2596 3740 2649; x_wconf 72' lang='lat' dir='ltr'><strong>crucifixissmt</strong></span> 
     </span>
    </p>
   </div>
   <div class='ocr_carea' id='block_1_86' title="bbox 2221 2682 3734 2768">
    <p class='ocr_par' dir='ltr' id='par_1_86' title="bbox 2221 2682 3734 2768">
     <span class='ocr_line' id='line_1_86' title="bbox 2221 2682 3734 2768; baseline -0.012 -18"><span class='ocrx_word' id='word_1_684' title='bbox 2221 2697 2290 2768; x_wconf 78' lang='lat' dir='ltr'><strong>[si</strong></span> <span class='ocrx_word' id='word_1_685' title='bbox 2328 2695 2706 2763; x_wconf 79' lang='lat' dir='ltr'><strong>cognovissent</strong></span> <span class='ocrx_word' id='word_1_686' title='bbox 2744 2701 3005 2758; x_wconf 88' lang='lat' dir='ltr'><strong>nunquam</strong></span> <span class='ocrx_word' id='word_1_687' title='bbox 3049 2686 3328 2741; x_wconf 84' lang='lat' dir='ltr'><strong>Dominum</strong></span> <span class='ocrx_word' id='word_1_688' title='bbox 3366 2682 3538 2755; x_wconf 65' lang='lat' dir='ltr'><strong>glori:</strong></span> <span class='ocrx_word' id='word_1_689' title='bbox 3578 2683 3734 2734; x_wconf 71' lang='lat' dir='ltr'><strong>cruri-</strong></span> 
     </span>
    </p>
   </div>
   <div class='ocr_carea' id='block_1_87' title="bbox 2224 2773 3741 2854">
    <p class='ocr_par' dir='ltr' id='par_1_87' title="bbox 2224 2773 3741 2854">
     <span class='ocr_line' id='line_1_87' title="bbox 2224 2773 3741 2854; baseline -0.012 -15"><span class='ocrx_word' id='word_1_690' title='bbox 2224 2786 2508 2854; x_wconf 80' lang='lat' dir='ltr'><strong>fixissent],</strong></span> <span class='ocrx_word' id='word_1_691' title='bbox 2541 2783 2751 2838; x_wconf 66' lang='lat' dir='ltr'><strong>caecitas</strong></span> <span class='ocrx_word' id='word_1_692' title='bbox 2780 2796 2844 2834; x_wconf 82' lang='lat' dir='ltr'><strong>ex</strong></span> <span class='ocrx_word' id='word_1_693' title='bbox 2874 2790 3020 2844; x_wconf 79' lang='lat' dir='ltr'><strong>parte</strong></span> <span class='ocrx_word' id='word_1_694' title='bbox 3049 2778 3099 2831; x_wconf 90' lang='lat' dir='ltr'><strong>in</strong></span> <span class='ocrx_word' id='word_1_695' title='bbox 3140 2775 3301 2829; x_wconf 88' lang='lat' dir='ltr'><strong>Israel</strong></span> <span class='ocrx_word' id='word_1_696' title='bbox 3338 2775 3468 2829; x_wconf 86' lang='lat' dir='ltr'><strong>facta</strong></span> <span class='ocrx_word' id='word_1_697' title='bbox 3500 2782 3591 2849; x_wconf 74' lang='lat' dir='ltr'><strong>est,</strong></span> <span class='ocrx_word' id='word_1_698' title='bbox 3622 2773 3741 2824; x_wconf 69' lang='lat' dir='ltr'><strong>sient</strong></span> 
     </span>
    </p>
   </div>
   <div class='ocr_carea' id='block_1_88' title="bbox 2216 2859 3741 2940">
    <p class='ocr_par' dir='ltr' id='par_1_88' title="bbox 2216 2859 3741 2940">
     <span class='ocr_line' id='line_1_88' title="bbox 2216 2859 3741 2940; baseline -0.012 -14"><span class='ocrx_word' id='word_1_699' title='bbox 2216 2875 2409 2928; x_wconf 79' lang='lat' dir='ltr'><strong>dictum</strong></span> <span class='ocrx_word' id='word_1_700' title='bbox 2433 2875 2620 2932; x_wconf 83' lang='lat' dir='ltr'><strong>fuerat,</strong></span> <span class='ocrx_word' id='word_1_701' title='bbox 2645 2882 2814 2940; x_wconf 85' lang='lat' dir='ltr'><strong>tegam</strong></span> <span class='ocrx_word' id='word_1_702' title='bbox 2840 2884 2993 2921; x_wconf 85' lang='lat' dir='ltr'><strong>manu</strong></span> <span class='ocrx_word' id='word_1_703' title='bbox 3014 2880 3124 2920; x_wconf 89' lang='lat' dir='ltr'><strong>mea</strong></span> <span class='ocrx_word' id='word_1_704' title='bbox 3146 2865 3378 2936; x_wconf 87' lang='lat' dir='ltr'><strong>[manum</strong></span> <span class='ocrx_word' id='word_1_705' title='bbox 3397 2859 3578 2929; x_wconf 86' lang='lat' dir='ltr'><strong>meam]</strong></span> <span class='ocrx_word' id='word_1_706' title='bbox 3597 2875 3741 2912; x_wconf 62' lang='lat' dir='ltr'><strong>suaer</strong></span> 
     </span>
    </p>
   </div>
   <div class='ocr_carea' id='block_1_89' title="bbox 2216 2950 3739 3020">
    <p class='ocr_par' dir='ltr' id='par_1_89' title="bbox 2216 2950 3739 3020">
     <span class='ocr_line' id='line_1_89' title="bbox 2216 2950 3739 3020; baseline -0.011 -5"><span class='ocrx_word' id='word_1_707' title='bbox 2216 2974 2267 3019; x_wconf 89' lang='lat' dir='ltr'><strong>te</strong></span> <span class='ocrx_word' id='word_1_708' title='bbox 2289 2959 2456 3017; x_wconf 87' lang='lat' dir='ltr'><strong>donec</strong></span> <span class='ocrx_word' id='word_1_709' title='bbox 2475 2970 2761 3015; x_wconf 53' lang='lat' dir='ltr'><strong>transeam.</strong></span> <span class='ocrx_word' id='word_1_710' title='bbox 2792 2958 2940 3012; x_wconf 84' lang='lat' dir='ltr'><strong>Unde</strong></span> <span class='ocrx_word' id='word_1_711' title='bbox 2962 2957 3197 3011; x_wconf 87' lang='lat' dir='ltr'><strong>Psalmus</strong></span> <span class='ocrx_word' id='word_1_712' title='bbox 3226 2955 3374 3013; x_wconf 85' lang='lat' dir='ltr'><strong>dicit,</strong></span> <span class='ocrx_word' id='word_1_713' title='bbox 3401 2951 3641 3020; x_wconf 82' lang='lat' dir='ltr'><strong>Quoniam</strong></span> <span class='ocrx_word' id='word_1_714' title='bbox 3664 2950 3739 3000; x_wconf 83' lang='lat' dir='ltr'><strong>die</strong></span> 
     </span>
    </p>
   </div>
   <div class='ocr_carea' id='block_1_90' title="bbox 2215 3031 3738 3123">
    <p class='ocr_par' dir='ltr' id='par_1_90' title="bbox 2215 3031 3738 3123">
     <span class='ocr_line' id='line_1_90' title="bbox 2215 3031 3738 3123; baseline -0.014 -15"><span class='ocrx_word' id='word_1_715' title='bbox 2215 3069 2278 3108; x_wconf 88' lang='lat' dir='ltr'><strong>ac</strong></span> <span class='ocrx_word' id='word_1_716' title='bbox 2303 3055 2411 3123; x_wconf 78' lang='lat'><strong>&#39;76</strong></span> <span class='ocrx_word' id='word_1_717' title='bbox 2438 3061 2587 3106; x_wconf 90' lang='lat' dir='ltr'><strong>nocte</strong></span> <span class='ocrx_word' id='word_1_718' title='bbox 2612 3059 2817 3116; x_wconf 90' lang='lat' dir='ltr'><strong>gravata</strong></span> <span class='ocrx_word' id='word_1_719' title='bbox 2849 3056 2929 3100; x_wconf 90' lang='lat' dir='ltr'><strong>est</strong></span> <span class='ocrx_word' id='word_1_720' title='bbox 2960 3061 3116 3115; x_wconf 86' lang='lat' dir='ltr'><strong>super</strong></span> <span class='ocrx_word' id='word_1_721' title='bbox 3145 3059 3229 3098; x_wconf 90' lang='lat' dir='ltr'><strong>me</strong></span> <span class='ocrx_word' id='word_1_722' title='bbox 3259 3057 3442 3095; x_wconf 85' lang='lat' dir='ltr'><strong>manus</strong></span> <span class='ocrx_word' id='word_1_723' title='bbox 3470 3047 3578 3112; x_wconf 77' lang='lat' dir='ltr'><strong>tua,</strong></span> <span class='ocrx_word' id='word_1_724' title='bbox 3610 3031 3738 3090; x_wconf 82' lang='lat' dir='ltr'><strong>diem</strong></span> 
     </span>
    </p>
   </div>
   <div class='ocr_carea' id='block_1_91' title="bbox 2218 3131 3735 3214">
    <p class='ocr_par' dir='ltr' id='par_1_91' title="bbox 2218 3131 3735 3214">
     <span class='ocr_line' id='line_1_91' title="bbox 2218 3131 3735 3214; baseline -0.014 -15"><span class='ocrx_word' id='word_1_725' title='bbox 2218 3145 2488 3214; x_wconf 88' lang='lat' dir='ltr'><strong>appellans</strong></span> <span class='ocrx_word' id='word_1_726' title='bbox 2509 3140 2716 3209; x_wconf 86' lang='lat' dir='ltr'><strong>quando</strong></span> <span class='ocrx_word' id='word_1_727' title='bbox 2745 3139 2986 3193; x_wconf 74' lang='lat' dir='ltr'><strong>Christus</strong></span> <span class='ocrx_word' id='word_1_728' title='bbox 3029 3136 3208 3190; x_wconf 87' lang='lat' dir='ltr'><strong>divina</strong></span> <span class='ocrx_word' id='word_1_729' title='bbox 3239 3135 3483 3188; x_wconf 85' lang='lat' dir='ltr'><strong>miracula</strong></span> <span class='ocrx_word' id='word_1_730' title='bbox 3511 3131 3735 3188; x_wconf 79' lang='lat' dir='ltr'><strong>faciebat,</strong></span> 
     </span>
    </p>
   </div>
   <div class='ocr_carea' id='block_1_92' title="bbox 2217 3213 3736 3300">
    <p class='ocr_par' dir='ltr' id='par_1_92' title="bbox 2217 3213 3736 3300">
     <span class='ocr_line' id='line_1_92' title="bbox 2217 3213 3736 3300; baseline -0.015 -12"><span class='ocrx_word' id='word_1_731' title='bbox 2217 3213 2428 3288; x_wconf 85' lang='lat' dir='ltr'><strong>noctem</strong></span> <span class='ocrx_word' id='word_1_732' title='bbox 2472 3213 2681 3300; x_wconf 88' lang='lat' dir='ltr'><strong>quando</strong></span> <span class='ocrx_word' id='word_1_733' title='bbox 2734 3229 2867 3281; x_wconf 84' lang='lat' dir='ltr'><strong>sicut</strong></span> <span class='ocrx_word' id='word_1_734' title='bbox 2901 3226 3057 3278; x_wconf 89' lang='lat' dir='ltr'><strong>homo</strong></span> <span class='ocrx_word' id='word_1_735' title='bbox 3101 3226 3446 3285; x_wconf 85' lang='lat' dir='ltr'><strong>moriebatur,</strong></span> <span class='ocrx_word' id='word_1_736' title='bbox 3471 3216 3666 3284; x_wconf 77' lang='lat' dir='ltr'><strong>quando</strong></span> <span class='ocrx_word' id='word_1_737' title='bbox 3689 3227 3736 3268; x_wconf 74' lang='lat' dir='ltr'><strong>et</strong></span> 
     </span>
    </p>
   </div>
   <div class='ocr_carea' id='block_1_93' title="bbox 2216 3311 3737 3384">
    <p class='ocr_par' dir='ltr' id='par_1_93' title="bbox 2216 3311 3737 3384">
     <span class='ocr_line' id='line_1_93' title="bbox 2216 3311 3737 3384; baseline -0.014 -4"><span class='ocrx_word' id='word_1_738' title='bbox 2216 3325 2290 3380; x_wconf 88' lang='lat' dir='ltr'><strong>illi</strong></span> <span class='ocrx_word' id='word_1_739' title='bbox 2321 3323 2672 3379; x_wconf 84' lang='lat' dir='ltr'><strong>titubaverunt</strong></span> <span class='ocrx_word' id='word_1_740' title='bbox 2700 3320 2784 3384; x_wconf 87' lang='lat' dir='ltr'><strong>qui</strong></span> <span class='ocrx_word' id='word_1_741' title='bbox 2815 3317 2867 3371; x_wconf 91' lang='lat' dir='ltr'><strong>in</strong></span> <span class='ocrx_word' id='word_1_742' title='bbox 2897 3317 2982 3370; x_wconf 89' lang='lat' dir='ltr'><strong>die</strong></span> <span class='ocrx_word' id='word_1_743' title='bbox 3001 3315 3362 3369; x_wconf 71' lang='lat' dir='ltr'><strong>crediderunt.</strong></span> <span class='ocrx_word' id='word_1_744' title='bbox 3390 3311 3488 3365; x_wconf 84' lang='lat' dir='ltr'><strong>Hoc</strong></span> <span class='ocrx_word' id='word_1_745' title='bbox 3509 3320 3598 3370; x_wconf 60' lang='lat' dir='ltr'><strong>esu</strong></span> <span class='ocrx_word' id='word_1_746' title='bbox 3622 3319 3737 3373; x_wconf 71' lang='lat' dir='ltr'><strong>ergo</strong></span> 
     </span>
    </p>
   </div>
   <div class='ocr_carea' id='block_1_94' title="bbox 2215 3398 3734 3473">
    <p class='ocr_par' dir='ltr' id='par_1_94' title="bbox 2215 3398 3734 3473">
     <span class='ocr_line' id='line_1_94' title="bbox 2215 3398 3734 3473; baseline -0.015 -3"><span class='ocrx_word' id='word_1_747' title='bbox 2215 3431 2333 3471; x_wconf 90' lang='lat' dir='ltr'><strong>cum</strong></span> <span class='ocrx_word' id='word_1_748' title='bbox 2383 3400 2642 3469; x_wconf 67' lang='lat' dir='ltr'><strong>trsusiero</strong></span> <span class='ocrx_word' id='word_1_749' title='bbox 2683 3399 2818 3463; x_wconf 43' lang='lat' dir='ltr'><strong>tunc&#39;</strong></span> <span class='ocrx_word' id='word_1_750' title='bbox 2847 3407 3051 3461; x_wconf 60' lang='lat' dir='ltr'><strong>videbis</strong></span> <span class='ocrx_word' id='word_1_751' title='bbox 3106 3406 3394 3473; x_wconf 79' lang='lat' dir='ltr'><strong>posteriora</strong></span> <span class='ocrx_word' id='word_1_752' title='bbox 3434 3398 3599 3471; x_wconf 65' lang='lat' dir='ltr'><strong>[mea],</strong></span> <span class='ocrx_word' id='word_1_753' title='bbox 3627 3411 3734 3449; x_wconf 82' lang='lat' dir='ltr'><strong>rum</strong></span> 
     </span>
    </p>
   </div>
   <div class='ocr_carea' id='block_1_95' title="bbox 2217 3487 3735 3561">
    <p class='ocr_par' dir='ltr' id='par_1_95' title="bbox 2217 3487 3735 3561">
     <span class='ocr_line' id='line_1_95' title="bbox 2217 3487 3735 3561; baseline -0.014 -1"><span class='ocrx_word' id='word_1_754' title='bbox 2217 3508 2475 3561; x_wconf 78' lang='lat' dir='ltr'><strong>transiero</strong></span> <span class='ocrx_word' id='word_1_755' title='bbox 2516 3505 2589 3558; x_wconf 85' lang='lat' dir='ltr'><strong>de</strong></span> <span class='ocrx_word' id='word_1_756' title='bbox 2631 3503 2729 3556; x_wconf 91' lang='lat' dir='ltr'><strong>hoc</strong></span> <span class='ocrx_word' id='word_1_757' title='bbox 2772 3501 2967 3554; x_wconf 88' lang='lat' dir='ltr'><strong>mundo</strong></span> <span class='ocrx_word' id='word_1_758' title='bbox 3013 3499 3078 3552; x_wconf 89' lang='lat' dir='ltr'><strong>ad</strong></span> <span class='ocrx_word' id='word_1_759' title='bbox 3125 3497 3358 3558; x_wconf 80' lang='lat' dir='ltr'><strong>Patrem,</strong></span> <span class='ocrx_word' id='word_1_760' title='bbox 3403 3491 3648 3561; x_wconf 73' lang='lat' dir='ltr'><strong>posterius</strong></span> <span class='ocrx_word' id='word_1_761' title='bbox 3691 3487 3735 3539; x_wconf 86' lang='lat' dir='ltr'><strong>in</strong></span> 
     </span>
    </p>
   </div>
   <div class='ocr_carea' id='block_1_96' title="bbox 2216 3577 3736 3658">
    <p class='ocr_par' dir='ltr' id='par_1_96' title="bbox 2216 3577 3736 3658">
     <span class='ocr_line' id='line_1_96' title="bbox 2216 3577 3736 3658; baseline -0.018 -6"><span class='ocrx_word' id='word_1_762' title='bbox 2216 3606 2303 3652; x_wconf 83' lang='lat' dir='ltr'><strong>me</strong></span> <span class='ocrx_word' id='word_1_763' title='bbox 2345 3593 2591 3651; x_wconf 88' lang='lat' dir='ltr'><strong>credituri</strong></span> <span class='ocrx_word' id='word_1_764' title='bbox 2630 3601 2750 3646; x_wconf 84' lang='lat' dir='ltr'><strong>sunt</strong></span> <span class='ocrx_word' id='word_1_765' title='bbox 2784 3604 3002 3658; x_wconf 80' lang='lat' dir='ltr'><strong>quorum</strong></span> <span class='ocrx_word' id='word_1_766' title='bbox 3039 3598 3216 3654; x_wconf 81' lang='lat' dir='ltr'><strong>typum</strong></span> <span class='ocrx_word' id='word_1_767' title='bbox 3245 3584 3406 3647; x_wconf 75' lang='lat' dir='ltr'><strong>geris.</strong></span> <span class='ocrx_word' id='word_1_768' title='bbox 3436 3581 3568 3634; x_wconf 84' lang='lat' dir='ltr'><strong>Tunc</strong></span> <span class='ocrx_word' id='word_1_769' title='bbox 3601 3577 3736 3628; x_wconf 83' lang='lat' dir='ltr'><strong>enim</strong></span> 
     </span>
    </p>
   </div>
   <div class='ocr_carea' id='block_1_97' title="bbox 2216 3663 3736 3754">
    <p class='ocr_par' dir='ltr' id='par_1_97' title="bbox 2216 3663 3736 3754">
     <span class='ocr_line' id='line_1_97' title="bbox 2216 3663 3736 3754; baseline -0.016 -11"><span class='ocrx_word' id='word_1_770' title='bbox 2216 3686 2514 3754; x_wconf 83' lang='lat' dir='ltr'><strong>compuncti</strong></span> <span class='ocrx_word' id='word_1_771' title='bbox 2558 3684 2718 3738; x_wconf 88' lang='lat' dir='ltr'><strong>corde</strong></span> <span class='ocrx_word' id='word_1_772' title='bbox 2759 3683 3040 3741; x_wconf 80' lang='lat' dir='ltr'><strong>dixerunt,</strong></span> <span class='ocrx_word' id='word_1_773' title='bbox 3070 3677 3201 3740; x_wconf 85' lang='lat' dir='ltr'><strong>Quid</strong></span> <span class='ocrx_word' id='word_1_774' title='bbox 3247 3672 3518 3726; x_wconf 76' lang='lat' dir='ltr'><strong>faciemus?</strong></span> <span class='ocrx_word' id='word_1_775' title='bbox 3547 3663 3736 3735; x_wconf 75' lang='lat' dir='ltr'><strong>etjussi</strong></span> 
     </span>
    </p>
   </div>
   <div class='ocr_carea' id='block_1_98' title="bbox 2218 3755 3732 3840">
    <p class='ocr_par' dir='ltr' id='par_1_98' title="bbox 2218 3755 3732 3840">
     <span class='ocr_line' id='line_1_98' title="bbox 2218 3755 3732 3840; baseline -0.018 -8"><span class='ocrx_word' id='word_1_776' title='bbox 2218 3787 2339 3832; x_wconf 87' lang='lat' dir='ltr'><strong>sttnt</strong></span> <span class='ocrx_word' id='word_1_777' title='bbox 2366 3776 2432 3828; x_wconf 89' lang='lat' dir='ltr'><strong>ab</strong></span> <span class='ocrx_word' id='word_1_778' title='bbox 2462 3772 2713 3840; x_wconf 87' lang='lat' dir='ltr'><strong>apostolis</strong></span> <span class='ocrx_word' id='word_1_779' title='bbox 2757 3784 2910 3838; x_wconf 82' lang='lat' dir='ltr'><strong>agere</strong></span> <span class='ocrx_word' id='word_1_780' title='bbox 2951 3766 3314 3836; x_wconf 77' lang='lat' dir='ltr'><strong>ptenitentiam</strong></span> <span class='ocrx_word' id='word_1_781' title='bbox 3359 3773 3408 3817; x_wconf 91' lang='lat' dir='ltr'><strong>ct</strong></span> <span class='ocrx_word' id='word_1_782' title='bbox 3440 3758 3666 3833; x_wconf 74' lang='lat' dir='ltr'><strong>baptizari</strong></span> <span class='ocrx_word' id='word_1_783' title='bbox 3689 3755 3732 3806; x_wconf 89' lang='lat' dir='ltr'><strong>in</strong></span> 
     </span>
    </p>
   </div>
   <div class='ocr_carea' id='block_1_99' title="bbox 2222 3849 3732 3928">
    <p class='ocr_par' dir='ltr' id='par_1_99' title="bbox 2222 3849 3732 3928">
     <span class='ocr_line' id='line_1_99' title="bbox 2222 3849 3732 3928; baseline -0.017 -8"><span class='ocrx_word' id='word_1_784' title='bbox 2222 3866 2434 3920; x_wconf 81' lang='lat' dir='ltr'><strong>nomine</strong></span> <span class='ocrx_word' id='word_1_785' title='bbox 2463 3863 2586 3918; x_wconf 72' lang='lat' dir='ltr'><strong>Iesu</strong></span> <span class='ocrx_word' id='word_1_786' title='bbox 2616 3849 2855 3928; x_wconf 62' lang='lat' dir='ltr'><strong>Christi,</strong></span> <span class='ocrx_word' id='word_1_787' title='bbox 2882 3869 2938 3911; x_wconf 88' lang='lat' dir='ltr'><strong>ut</strong></span> <span class='ocrx_word' id='word_1_788' title='bbox 2988 3855 3378 3909; x_wconf 84' lang='lat' dir='ltr'><strong>dimitterentur</strong></span> <span class='ocrx_word' id='word_1_789' title='bbox 3424 3850 3518 3902; x_wconf 81' lang='lat' dir='ltr'><strong>illis</strong></span> <span class='ocrx_word' id='word_1_790' title='bbox 3545 3852 3732 3915; x_wconf 79' lang='lat' dir='ltr'><strong>peccata</strong></span> 
     </span>
    </p>
   </div>
   <div class='ocr_carea' id='block_1_100' title="bbox 2217 3938 3732 4020">
    <p class='ocr_par' dir='ltr' id='par_1_100' title="bbox 2217 3938 3732 4020">
     <span class='ocr_line' id='line_1_100' title="bbox 2217 3938 3732 4020; baseline -0.018 -9"><span class='ocrx_word' id='word_1_791' title='bbox 2217 3971 2422 4011; x_wconf 88' lang='lat' dir='ltr'><strong>eorum.</strong></span> <span class='ocrx_word' id='word_1_792' title='bbox 2464 3953 2612 4020; x_wconf 78' lang='lat' dir='ltr'><strong>Quod</strong></span> <span class='ocrx_word' id='word_1_793' title='bbox 2646 3952 2698 4007; x_wconf 88' lang='lat' dir='ltr'><strong>in</strong></span> <span class='ocrx_word' id='word_1_794' title='bbox 2731 3949 2931 4018; x_wconf 80' lang='lat' dir='ltr'><strong>psalmo</strong></span> <span class='ocrx_word' id='word_1_795' title='bbox 2981 3947 3071 4000; x_wconf 88' lang='lat' dir='ltr'><strong>illo</strong></span> <span class='ocrx_word' id='word_1_796' title='bbox 3117 3943 3378 4013; x_wconf 82' lang='lat' dir='ltr'><strong>sequitur,</strong></span> <span class='ocrx_word' id='word_1_797' title='bbox 3414 3955 3526 3994; x_wconf 88' lang='lat' dir='ltr'><strong>cum</strong></span> <span class='ocrx_word' id='word_1_798' title='bbox 3562 3938 3732 3992; x_wconf 83' lang='lat' dir='ltr'><strong>dictum</strong></span> 
     </span>
    </p>
   </div>
   <div class='ocr_carea' id='block_1_101' title="bbox 2218 4036 3729 4108">
    <p class='ocr_par' dir='ltr' id='par_1_101' title="bbox 2218 4036 3729 4108">
     <span class='ocr_line' id='line_1_101' title="bbox 2218 4036 3729 4108; baseline -0.017 -6"><span class='ocrx_word' id='word_1_799' title='bbox 2218 4059 2387 4108; x_wconf 49' lang='lat' dir='ltr'><strong>esset,</strong></span> <span class='ocrx_word' id='word_1_800' title='bbox 2415 4046 2508 4098; x_wconf 87' lang='lat' dir='ltr'><strong>Die</strong></span> <span class='ocrx_word' id='word_1_801' title='bbox 2537 4059 2599 4097; x_wconf 90' lang='lat' dir='ltr'><strong>ac</strong></span> <span class='ocrx_word' id='word_1_802' title='bbox 2622 4051 2775 4095; x_wconf 80' lang='lat' dir='ltr'><strong>nocte</strong></span> <span class='ocrx_word' id='word_1_803' title='bbox 2798 4046 3011 4108; x_wconf 86' lang='lat' dir='ltr'><strong>gravata</strong></span> <span class='ocrx_word' id='word_1_804' title='bbox 3035 4046 3114 4090; x_wconf 86' lang='lat' dir='ltr'><strong>est</strong></span> <span class='ocrx_word' id='word_1_805' title='bbox 3145 4049 3305 4102; x_wconf 88' lang='lat' dir='ltr'><strong>super</strong></span> <span class='ocrx_word' id='word_1_806' title='bbox 3335 4048 3418 4087; x_wconf 90' lang='lat' dir='ltr'><strong>me</strong></span> <span class='ocrx_word' id='word_1_807' title='bbox 3447 4044 3613 4084; x_wconf 86' lang='lat' dir='ltr'><strong>manus</strong></span> <span class='ocrx_word' id='word_1_808' title='bbox 3636 4036 3729 4084; x_wconf 80' lang='lat' dir='ltr'><strong>tua.</strong></span> 
     </span>
    </p>
   </div>
   <div class='ocr_carea' id='block_1_102' title="bbox 2219 4115 3728 4199">
    <p class='ocr_par' dir='ltr' id='par_1_102' title="bbox 2219 4115 3728 4199">
     <span class='ocr_line' id='line_1_102' title="bbox 2219 4115 3728 4199; baseline -0.017 -7"><span class='ocrx_word' id='word_1_809' title='bbox 2219 4138 2269 4192; x_wconf 90' lang='lat' dir='ltr'><strong>id</strong></span> <span class='ocrx_word' id='word_1_810' title='bbox 2293 4145 2372 4191; x_wconf 89' lang='lat' dir='ltr'><strong>est</strong></span> <span class='ocrx_word' id='word_1_811' title='bbox 2399 4145 2454 4188; x_wconf 90' lang='lat' dir='ltr'><strong>ut</strong></span> <span class='ocrx_word' id='word_1_812' title='bbox 2477 4150 2580 4186; x_wconf 91' lang='lat' dir='ltr'><strong>non</strong></span> <span class='ocrx_word' id='word_1_813' title='bbox 2611 4128 2984 4199; x_wconf 83' lang='lat' dir='ltr'><strong>cognoscerem</strong></span> <span class='ocrx_word' id='word_1_814' title='bbox 3010 4127 3087 4198; x_wconf 75' lang='lat' dir='ltr'><strong>[ut</strong></span> <span class='ocrx_word' id='word_1_815' title='bbox 3117 4117 3590 4192; x_wconf 73' lang='lat' dir='ltr'><strong>cognoscerem],si</strong></span> <span class='ocrx_word' id='word_1_816' title='bbox 3609 4115 3728 4170; x_wconf 75' lang='lat' dir='ltr'><strong>enim</strong></span> 
     </span>
    </p>
   </div>
   <div class='ocr_carea' id='block_1_103' title="bbox 2220 4204 3728 4295">
    <p class='ocr_par' dir='ltr' id='par_1_103' title="bbox 2220 4204 3728 4295">
     <span class='ocr_line' id='line_1_103' title="bbox 2220 4204 3728 4295; baseline -0.019 -14"><span class='ocrx_word' id='word_1_817' title='bbox 2220 4226 2603 4295; x_wconf 77' lang='lat' dir='ltr'><strong>Cognovisseut,</strong></span> <span class='ocrx_word' id='word_1_818' title='bbox 2635 4233 2896 4283; x_wconf 78' lang='lat' dir='ltr'><strong>nunquam</strong></span> <span class='ocrx_word' id='word_1_819' title='bbox 2939 4215 3214 4270; x_wconf 89' lang='lat' dir='ltr'><strong>Dominum</strong></span> <span class='ocrx_word' id='word_1_820' title='bbox 3252 4212 3431 4279; x_wconf 63' lang='lat' dir='ltr'><strong>gloriae</strong></span> <span class='ocrx_word' id='word_1_821' title='bbox 3477 4204 3728 4262; x_wconf 61' lang='lat' dir='ltr'><strong>cmcilitiso</strong></span> 
     </span>
    </p>
   </div>
   <div class='ocr_carea' id='block_1_104' title="bbox 2221 4306 3730 4381">
    <p class='ocr_par' dir='ltr' id='par_1_104' title="bbox 2221 4306 3730 4381">
     <span class='ocr_line' id='line_1_104' title="bbox 2221 4306 3730 4381; baseline -0.015 -10"><span class='ocrx_word' id='word_1_822' title='bbox 2221 4326 2371 4381; x_wconf 87' lang='lat' dir='ltr'><strong>sent;</strong></span> <span class='ocrx_word' id='word_1_823' title='bbox 2401 4316 2635 4380; x_wconf 85' lang='lat' dir='ltr'><strong>sequitur</strong></span> <span class='ocrx_word' id='word_1_824' title='bbox 2664 4323 2714 4364; x_wconf 91' lang='lat' dir='ltr'><strong>et</strong></span> <span class='ocrx_word' id='word_1_825' title='bbox 2739 4310 2935 4379; x_wconf 79' lang='lat' dir='ltr'><strong>jungit:</strong></span> <span class='ocrx_word' id='word_1_826' title='bbox 2966 4307 3264 4361; x_wconf 84' lang='lat' dir='ltr'><strong>Conversus</strong></span> <span class='ocrx_word' id='word_1_827' title='bbox 3293 4319 3410 4357; x_wconf 90' lang='lat' dir='ltr'><strong>sum</strong></span> <span class='ocrx_word' id='word_1_828' title='bbox 3447 4306 3495 4354; x_wconf 88' lang='lat' dir='ltr'><strong>in</strong></span> <span class='ocrx_word' id='word_1_829' title='bbox 3533 4310 3730 4352; x_wconf 59' lang='lat' dir='ltr'><strong>a&#39;rttratta</strong></span> 
     </span>
    </p>
   </div>
   <div class='ocr_carea' id='block_1_105' title="bbox 2223 4389 3727 4471">
    <p class='ocr_par' dir='ltr' id='par_1_105' title="bbox 2223 4389 3727 4471">
     <span class='ocr_line' id='line_1_105' title="bbox 2223 4389 3727 4471; baseline -0.017 -9"><span class='ocrx_word' id='word_1_830' title='bbox 2223 4424 2336 4462; x_wconf 88' lang='lat' dir='ltr'><strong>mea</strong></span> <span class='ocrx_word' id='word_1_831' title='bbox 2357 4408 2480 4459; x_wconf 85' lang='lat' dir='ltr'><strong>dum</strong></span> <span class='ocrx_word' id='word_1_832' title='bbox 2504 4404 2849 4471; x_wconf 78' lang='lat' dir='ltr'><strong>configeretur</strong></span> <span class='ocrx_word' id='word_1_833' title='bbox 2865 4401 3048 4464; x_wconf 84' lang='lat' dir='ltr'><strong>spina;</strong></span> <span class='ocrx_word' id='word_1_834' title='bbox 3070 4398 3120 4450; x_wconf 91' lang='lat' dir='ltr'><strong>id</strong></span> <span class='ocrx_word' id='word_1_835' title='bbox 3145 4405 3222 4450; x_wconf 92' lang='lat' dir='ltr'><strong>est</strong></span> <span class='ocrx_word' id='word_1_836' title='bbox 3245 4415 3256 4447; x_wconf 94' lang='lat'><strong>:</strong></span> <span class='ocrx_word' id='word_1_837' title='bbox 3281 4412 3402 4449; x_wconf 92' lang='lat' dir='ltr'><strong>cum</strong></span> <span class='ocrx_word' id='word_1_838' title='bbox 3425 4389 3727 4447; x_wconf 76' lang='lat' dir='ltr'><strong>rssemconla</strong></span> 
     </span>
    </p>
   </div>
   <div class='ocr_carea' id='block_1_106' title="bbox 2226 4489 3724 4566">
    <p class='ocr_par' dir='ltr' id='par_1_106' title="bbox 2226 4489 3724 4566">
     <span class='ocr_line' id='line_1_106' title="bbox 2226 4489 3724 4566; baseline -0.017 -12"><span class='ocrx_word' id='word_1_839' title='bbox 2226 4509 2587 4566; x_wconf 77' lang='lat' dir='ltr'><strong>eompunctus.</strong></span> <span class='ocrx_word' id='word_1_840' title='bbox 2638 4493 2831 4560; x_wconf 66' lang='lat' dir='ltr'><strong>Deinde</strong></span> <span class='ocrx_word' id='word_1_841' title='bbox 2864 4490 3096 4542; x_wconf 84' lang='lat' dir='ltr'><strong>addidit:</strong></span> <span class='ocrx_word' id='word_1_842' title='bbox 3133 4489 3421 4552; x_wconf 64' lang='lat' dir='ltr'><strong>Pereatum</strong></span> <span class='ocrx_word' id='word_1_843' title='bbox 3458 4497 3611 4535; x_wconf 81' lang='lat' dir='ltr'><strong>meum</strong></span> <span class='ocrx_word' id='word_1_844' title='bbox 3651 4492 3724 4531; x_wconf 76' lang='lat' dir='ltr'><strong>co-</strong></span> 
     </span>
    </p>
   </div>
   <div class='ocr_carea' id='block_1_107' title="bbox 2222 4569 3718 4659">
    <p class='ocr_par' dir='ltr' id='par_1_107' title="bbox 2222 4569 3718 4659">
     <span class='ocr_line' id='line_1_107' title="bbox 2222 4569 3718 4659; baseline -0.014 -17"><span class='ocrx_word' id='word_1_845' title='bbox 2222 4591 2397 4659; x_wconf 86' lang='lat' dir='ltr'><strong>gnovi,</strong></span> <span class='ocrx_word' id='word_1_846' title='bbox 2422 4599 2474 4643; x_wconf 91' lang='lat' dir='ltr'><strong>et</strong></span> <span class='ocrx_word' id='word_1_847' title='bbox 2507 4588 2706 4640; x_wconf 82' lang='lat' dir='ltr'><strong>facinus</strong></span> <span class='ocrx_word' id='word_1_848' title='bbox 2737 4600 2911 4638; x_wconf 88' lang='lat' dir='ltr'><strong>meum</strong></span> <span class='ocrx_word' id='word_1_849' title='bbox 2941 4597 3044 4633; x_wconf 90' lang='lat' dir='ltr'><strong>non</strong></span> <span class='ocrx_word' id='word_1_850' title='bbox 3069 4581 3250 4652; x_wconf 84' lang='lat' dir='ltr'><strong>operui</strong></span> <span class='ocrx_word' id='word_1_851' title='bbox 3277 4597 3289 4629; x_wconf 89' lang='lat'><strong>:</strong></span> <span class='ocrx_word' id='word_1_852' title='bbox 3326 4586 3641 4643; x_wconf 82' lang='lat' dir='ltr'><strong>posteaquam</strong></span> <span class='ocrx_word' id='word_1_853' title='bbox 3657 4569 3718 4621; x_wconf 69' lang='lat' dir='ltr'><strong>vi</strong></span> 
     </span>
    </p>
   </div>
   <div class='ocr_carea' id='block_1_108' title="bbox 2221 4667 3724 4744">
    <p class='ocr_par' dir='ltr' id='par_1_108' title="bbox 2221 4667 3724 4744">
     <span class='ocr_line' id='line_1_108' title="bbox 2221 4667 3724 4744; baseline -0.011 -12"><span class='ocrx_word' id='word_1_854' title='bbox 2221 4681 2412 4733; x_wconf 88' lang='lat' dir='ltr'><strong>derunt</strong></span> <span class='ocrx_word' id='word_1_855' title='bbox 2461 4685 2656 4744; x_wconf 89' lang='lat' dir='ltr'><strong>quanto</strong></span> <span class='ocrx_word' id='word_1_856' title='bbox 2716 4673 2912 4727; x_wconf 84' lang='lat' dir='ltr'><strong>scelere</strong></span> <span class='ocrx_word' id='word_1_857' title='bbox 2965 4670 3231 4723; x_wconf 79' lang='lat' dir='ltr'><strong>Christum</strong></span> <span class='ocrx_word' id='word_1_858' title='bbox 3285 4667 3641 4723; x_wconf 66' lang='lat' dir='ltr'><strong>cruciftxerint,</strong></span> <span class='ocrx_word' id='word_1_859' title='bbox 3684 4668 3724 4710; x_wconf 74' lang='lat' dir='ltr'><strong>et</strong></span> 
     </span>
    </p>
   </div>
   <div class='ocr_carea' id='block_1_109' title="bbox 2223 4753 3721 4834">
    <p class='ocr_par' dir='ltr' id='par_1_109' title="bbox 2223 4753 3721 4834">
     <span class='ocr_line' id='line_1_109' title="bbox 2223 4753 3721 4834; baseline -0.012 -17"><span class='ocrx_word' id='word_1_860' title='bbox 2223 4768 2342 4834; x_wconf 89' lang='lat' dir='ltr'><strong>quia</strong></span> <span class='ocrx_word' id='word_1_861' title='bbox 2389 4772 2703 4832; x_wconf 87' lang='lat' dir='ltr'><strong>receperunt</strong></span> <span class='ocrx_word' id='word_1_862' title='bbox 2748 4762 3023 4814; x_wconf 88' lang='lat' dir='ltr'><strong>consilium</strong></span> <span class='ocrx_word' id='word_1_863' title='bbox 3075 4771 3128 4811; x_wconf 93' lang='lat' dir='ltr'><strong>ut</strong></span> <span class='ocrx_word' id='word_1_864' title='bbox 3157 4769 3373 4825; x_wconf 75' lang='lat' dir='ltr'><strong>agerent</strong></span> <span class='ocrx_word' id='word_1_865' title='bbox 3410 4753 3721 4824; x_wconf 73' lang='lat' dir='ltr'><strong>ptenitentiam</strong></span> 
     </span>
    </p>
   </div>
   <div class='ocr_carea' id='block_1_110' title="bbox 2223 4853 3722 4920">
    <p class='ocr_par' dir='ltr' id='par_1_110' title="bbox 2223 4853 3722 4920">
     <span class='ocr_line' id='line_1_110' title="bbox 2223 4853 3722 4920; baseline -0.013 -8"><span class='ocrx_word' id='word_1_866' title='bbox 2223 4867 2275 4912; x_wconf 90' lang='lat' dir='ltr'><strong>et</strong></span> <span class='ocrx_word' id='word_1_867' title='bbox 2295 4860 2346 4911; x_wconf 90' lang='lat' dir='ltr'><strong>in</strong></span> <span class='ocrx_word' id='word_1_868' title='bbox 2378 4856 2642 4920; x_wconf 84' lang='lat' dir='ltr'><strong>baptismo</strong></span> <span class='ocrx_word' id='word_1_869' title='bbox 2671 4853 3035 4906; x_wconf 71' lang='lat' dir='ltr'><strong>remiss’onem</strong></span> <span class='ocrx_word' id='word_1_870' title='bbox 3061 4853 3365 4917; x_wconf 82' lang='lat' dir='ltr'><strong>acciperent</strong></span> <span class='ocrx_word' id='word_1_871' title='bbox 3396 4855 3722 4914; x_wconf 72' lang='lat' dir='ltr'><strong>peccatorum:</strong></span> 
     </span>
    </p>
   </div>
   <div class='ocr_carea' id='block_1_111' title="bbox 2231 4935 3722 5011">
    <p class='ocr_par' dir='ltr' id='par_1_111' title="bbox 2231 4935 3722 5011">
     <span class='ocr_line' id='line_1_111' title="bbox 2231 4935 3722 5011; baseline -0.015 -11"><span class='ocrx_word' id='word_1_872' title='bbox 2231 4948 2366 5009; x_wconf 76' lang='lat' dir='ltr'><strong>Dixi,</strong></span> <span class='ocrx_word' id='word_1_873' title='bbox 2415 4945 2616 5011; x_wconf 81' lang='lat' dir='ltr'><strong>inquit,</strong></span> <span class='ocrx_word' id='word_1_874' title='bbox 2667 4941 3016 5011; x_wconf 81' lang='lat' dir='ltr'><strong>pronuntiabo</strong></span> <span class='ocrx_word' id='word_1_875' title='bbox 3068 4940 3347 4992; x_wconf 88' lang='lat' dir='ltr'><strong>adversum</strong></span> <span class='ocrx_word' id='word_1_876' title='bbox 3395 4953 3475 4990; x_wconf 91' lang='lat' dir='ltr'><strong>me</strong></span> <span class='ocrx_word' id='word_1_877' title='bbox 3523 4935 3722 4988; x_wconf 79' lang='lat' dir='ltr'><strong>delirtmn</strong></span> 
     </span>
    </p>
   </div>
   <div class='ocr_carea' id='block_1_112' title="bbox 2228 5017 3722 5095">
    <p class='ocr_par' dir='ltr' id='par_1_112' title="bbox 2228 5017 3722 5095">
     <span class='ocr_line' id='line_1_112' title="bbox 2228 5017 3722 5095; baseline -0.017 -3"><span class='ocrx_word' id='word_1_878' title='bbox 2228 5053 2400 5091; x_wconf 87' lang='lat' dir='ltr'><strong>meum</strong></span> <span class='ocrx_word' id='word_1_879' title='bbox 2454 5033 2695 5094; x_wconf 89' lang='lat' dir='ltr'><strong>Domino,</strong></span> <span class='ocrx_word' id='word_1_880' title='bbox 2743 5041 2796 5087; x_wconf 87' lang='lat' dir='ltr'><strong>et</strong></span> <span class='ocrx_word' id='word_1_881' title='bbox 2845 5041 2896 5084; x_wconf 93' lang='lat' dir='ltr'><strong>tu</strong></span> <span class='ocrx_word' id='word_1_882' title='bbox 2943 5030 3192 5094; x_wconf 63' lang='lat' dir='ltr'><strong>remi-isti</strong></span> <span class='ocrx_word' id='word_1_883' title='bbox 3245 5028 3556 5095; x_wconf 85' lang='lat' dir='ltr'><strong>impietatem</strong></span> <span class='ocrx_word' id='word_1_884' title='bbox 3585 5017 3722 5074; x_wconf 77' lang='lat' dir='ltr'><strong>cordis</strong></span> 
     </span>
    </p>
   </div>
   <div class='ocr_carea' id='block_1_113' title="bbox 2232 5106 3721 5188">
    <p class='ocr_par' dir='ltr' id='par_1_113' title="bbox 2232 5106 3721 5188">
     <span class='ocr_line' id='line_1_113' title="bbox 2232 5106 3721 5188; baseline -0.017 -10"><span class='ocrx_word' id='word_1_885' title='bbox 2232 5127 2354 5180; x_wconf 89' lang='lat' dir='ltr'><strong>mei.</strong></span> <span class='ocrx_word' id='word_1_886' title='bbox 2387 5125 2530 5177; x_wconf 85' lang='lat' dir='ltr'><strong>Hanc</strong></span> <span class='ocrx_word' id='word_1_887' title='bbox 2554 5130 2728 5175; x_wconf 88' lang='lat' dir='ltr'><strong>autem</strong></span> <span class='ocrx_word' id='word_1_888' title='bbox 2760 5120 3093 5188; x_wconf 78' lang='lat' dir='ltr'><strong>prophetiam</strong></span> <span class='ocrx_word' id='word_1_889' title='bbox 3119 5119 3263 5185; x_wconf 87' lang='lat' dir='ltr'><strong>potiu</strong></span> <span class='ocrx_word' id='word_1_890' title='bbox 3325 5117 3482 5168; x_wconf 85' lang='lat' dir='ltr'><strong>fuisse</strong></span> <span class='ocrx_word' id='word_1_891' title='bbox 3508 5125 3640 5178; x_wconf 86' lang='lat' dir='ltr'><strong>quam</strong></span> <span class='ocrx_word' id='word_1_892' title='bbox 3667 5106 3721 5155; x_wconf 81' lang='lat' dir='ltr'><strong>la-</strong></span> 
     </span>
    </p>
   </div>
   <div class='ocr_carea' id='block_1_114' title="bbox 2227 5198 3718 5278">
    <p class='ocr_par' dir='ltr' id='par_1_114' title="bbox 2227 5198 3718 5278">
     <span class='ocr_line' id='line_1_114' title="bbox 2227 5198 3718 5278; baseline -0.009 -10"><span class='ocrx_word' id='word_1_893' title='bbox 2227 5226 2378 5268; x_wconf 84' lang='lat' dir='ltr'><strong>rutus</strong></span> <span class='ocrx_word' id='word_1_894' title='bbox 2401 5224 2481 5268; x_wconf 89' lang='lat' dir='ltr'><strong>est</strong></span> <span class='ocrx_word' id='word_1_895' title='bbox 2512 5213 2760 5265; x_wconf 89' lang='lat' dir='ltr'><strong>Dominus</strong></span> <span class='ocrx_word' id='word_1_896' title='bbox 2793 5211 2855 5263; x_wconf 89' lang='lat' dir='ltr'><strong>ad</strong></span> <span class='ocrx_word' id='word_1_897' title='bbox 2885 5206 3096 5278; x_wconf 77' lang='lat' dir='ltr'><strong>Moysen</strong></span> <span class='ocrx_word' id='word_1_898' title='bbox 3146 5209 3278 5260; x_wconf 85' lang='lat' dir='ltr'><strong>satis</strong></span> <span class='ocrx_word' id='word_1_899' title='bbox 3303 5222 3388 5259; x_wconf 86' lang='lat' dir='ltr'><strong>res</strong></span> <span class='ocrx_word' id='word_1_900' title='bbox 3412 5205 3516 5271; x_wconf 85' lang='lat' dir='ltr'><strong>ipsa</strong></span> <span class='ocrx_word' id='word_1_901' title='bbox 3541 5198 3718 5254; x_wconf 74' lang='lat' dir='ltr'><strong>india’.</strong></span> 
     </span>
    </p>
   </div>
   <div class='ocr_carea' id='block_1_115' title="bbox 2227 5291 3718 5376">
    <p class='ocr_par' dir='ltr' id='par_1_115' title="bbox 2227 5291 3718 5376">
     <span class='ocr_line' id='line_1_115' title="bbox 2227 5291 3718 5376; baseline -0.014 -19"><span class='ocrx_word' id='word_1_902' title='bbox 2227 5304 2644 5376; x_wconf 80' lang='lat' dir='ltr'><strong>quandoquidem</strong></span> <span class='ocrx_word' id='word_1_903' title='bbox 2673 5304 2738 5357; x_wconf 90' lang='lat' dir='ltr'><strong>de</strong></span> <span class='ocrx_word' id='word_1_904' title='bbox 2788 5312 2929 5368; x_wconf 87' lang='lat' dir='ltr'><strong>petra</strong></span> <span class='ocrx_word' id='word_1_905' title='bbox 2967 5300 3053 5352; x_wconf 87' lang='lat' dir='ltr'><strong>vel</strong></span> <span class='ocrx_word' id='word_1_906' title='bbox 3084 5313 3308 5351; x_wconf 81' lang='lat' dir='ltr'><strong>caverna</strong></span> <span class='ocrx_word' id='word_1_907' title='bbox 3341 5298 3451 5361; x_wconf 81' lang='lat' dir='ltr'><strong>ejus</strong></span> <span class='ocrx_word' id='word_1_908' title='bbox 3480 5291 3603 5345; x_wconf 80' lang='lat' dir='ltr'><strong>etde</strong></span> <span class='ocrx_word' id='word_1_909' title='bbox 3636 5300 3718 5337; x_wconf 86' lang='lat' dir='ltr'><strong>nta-</strong></span> 
     </span>
    </p>
   </div>
   <div class='ocr_carea' id='block_1_116' title="bbox 2228 5375 3718 5463">
    <p class='ocr_par' dir='ltr' id='par_1_116' title="bbox 2228 5375 3718 5463">
     <span class='ocr_line' id='line_1_116' title="bbox 2228 5375 3718 5463; baseline -0.013 -15"><span class='ocrx_word' id='word_1_910' title='bbox 2228 5375 2325 5449; x_wconf 86' lang='lat' dir='ltr'><strong>utts</strong></span> <span class='ocrx_word' id='word_1_911' title='bbox 2343 5397 2455 5463; x_wconf 85' lang='lat' dir='ltr'><strong>ejus</strong></span> <span class='ocrx_word' id='word_1_912' title='bbox 2479 5391 2915 5459; x_wconf 86' lang='lat' dir='ltr'><strong>superpositione,</strong></span> <span class='ocrx_word' id='word_1_913' title='bbox 2935 5389 2999 5442; x_wconf 91' lang='lat' dir='ltr'><strong>de</strong></span> <span class='ocrx_word' id='word_1_914' title='bbox 3017 5389 3227 5440; x_wconf 81' lang='lat' dir='ltr'><strong>visione</strong></span> <span class='ocrx_word' id='word_1_915' title='bbox 3255 5384 3590 5452; x_wconf 84' lang='lat' dir='ltr'><strong>posterioru</strong></span> <span class='ocrx_word' id='word_1_916' title='bbox 3608 5375 3718 5440; x_wconf 72' lang='lat' dir='ltr'><strong>ejus.</strong></span> 
     </span>
    </p>
   </div>
   <div class='ocr_carea' id='block_1_117' title="bbox 2228 5472 3716 5551">
    <p class='ocr_par' dir='ltr' id='par_1_117' title="bbox 2228 5472 3716 5551">
     <span class='ocr_line' id='line_1_117' title="bbox 2228 5472 3716 5551; baseline -0.006 -14"><span class='ocrx_word' id='word_1_917' title='bbox 2228 5486 2358 5537; x_wconf 88' lang='lat' dir='ltr'><strong>nihil</strong></span> <span class='ocrx_word' id='word_1_918' title='bbox 2387 5493 2564 5551; x_wconf 89' lang='lat' dir='ltr'><strong>postea</strong></span> <span class='ocrx_word' id='word_1_919' title='bbox 2595 5481 2782 5534; x_wconf 87' lang='lat' dir='ltr'><strong>visibili</strong></span> <span class='ocrx_word' id='word_1_920' title='bbox 2811 5493 2972 5546; x_wconf 84' lang='lat' dir='ltr'><strong>opere</strong></span> <span class='ocrx_word' id='word_1_921' title='bbox 2998 5478 3345 5531; x_wconf 89' lang='lat' dir='ltr'><strong>subsecutum</strong></span> <span class='ocrx_word' id='word_1_922' title='bbox 3389 5472 3584 5539; x_wconf 81' lang='lat' dir='ltr'><strong>legitur;</strong></span> <span class='ocrx_word' id='word_1_923' title='bbox 3621 5475 3716 5517; x_wconf 61' lang='grc' dir='ltr'><strong>ωσι</strong></span> 
     </span>
    </p>
   </div>
   <div class='ocr_carea' id='block_1_118' title="bbox 2225 5551 3717 5642">
    <p class='ocr_par' dir='ltr' id='par_1_118' title="bbox 2225 5551 3717 5642">
     <span class='ocr_line' id='line_1_118' title="bbox 2225 5551 3717 5642; baseline -0.019 -12"><span class='ocrx_word' id='word_1_924' title='bbox 2225 5578 2364 5630; x_wconf 76' lang='lat' dir='ltr'><strong>enim</strong></span> <span class='ocrx_word' id='word_1_925' title='bbox 2387 5574 2621 5642; x_wconf 75' lang='lat' dir='ltr'><strong>adiungit</strong></span> <span class='ocrx_word' id='word_1_926' title='bbox 2646 5572 2951 5638; x_wconf 83' lang='lat' dir='ltr'><strong>interposito</strong></span> <span class='ocrx_word' id='word_1_927' title='bbox 2974 5568 3201 5623; x_wconf 84' lang='lat' dir='ltr'><strong>articulo</strong></span> <span class='ocrx_word' id='word_1_928' title='bbox 3221 5567 3518 5634; x_wconf 86' lang='lat' dir='ltr'><strong>Scriptura:</strong></span> <span class='ocrx_word' id='word_1_929' title='bbox 3541 5561 3593 5614; x_wconf 81' lang='lat' dir='ltr'><strong>Et</strong></span> <span class='ocrx_word' id='word_1_930' title='bbox 3610 5551 3717 5608; x_wconf 75' lang='lat' dir='ltr'><strong>dixit</strong></span> 
     </span>
    </p>
   </div>
   <div class='ocr_carea' id='block_1_119' title="bbox 2228 5646 3711 5730">
    <p class='ocr_par' dir='ltr' id='par_1_119' title="bbox 2228 5646 3711 5730">
     <span class='ocr_line' id='line_1_119' title="bbox 2228 5646 3711 5730; baseline -0.005 -11"><span class='ocrx_word' id='word_1_931' title='bbox 2228 5665 2473 5719; x_wconf 86' lang='lat' dir='ltr'><strong>Dominus</strong></span> <span class='ocrx_word' id='word_1_932' title='bbox 2524 5661 2586 5717; x_wconf 92' lang='lat' dir='ltr'><strong>ad</strong></span> <span class='ocrx_word' id='word_1_933' title='bbox 2630 5663 2841 5730; x_wconf 75' lang='lat' dir='ltr'><strong>Moysen</strong></span> <span class='ocrx_word' id='word_1_934' title='bbox 2885 5679 2896 5710; x_wconf 90' lang='lat'><strong>:</strong></span> <span class='ocrx_word' id='word_1_935' title='bbox 2948 5675 3069 5714; x_wconf 88' lang='lat' dir='ltr'><strong>cum</strong></span> <span class='ocrx_word' id='word_1_936' title='bbox 3118 5659 3232 5725; x_wconf 83' lang='lat' dir='ltr'><strong>ipse</strong></span> <span class='ocrx_word' id='word_1_937' title='bbox 3275 5657 3519 5710; x_wconf 84' lang='lat' dir='ltr'><strong>Dominus</strong></span> <span class='ocrx_word' id='word_1_938' title='bbox 3569 5646 3711 5711; x_wconf 76' lang='grc' dir='ltr'><strong>υιξτιηε</strong></span> 
     </span>
    </p>
   </div>
  </div>
