3886 6224
186 320 292 370 7H

1358 314 1531 367 TllluS
1550 315 1783 371 \URUS.
1824 317 1905 370 (Ἀ
1918 316 1971 368 1³.
2015 315 2145 371 (ἶΧῖ
2160 320 2174 371 1
2190 320 2244 371 V.

3306 326 3404 377 ’ἷξε

183 436 360 500 etiam
400 437 486 488 illa
543 451 657 504 qua:
711 452 865 502 supra
916 443 1042 488 sunt
1084 436 1404 501 loqueietur,
1445 442 1602 496 atque
1633 432 1751 484 inde
1784 443 1822 493 Α
1857 432 1905 483 in
1942 432 2128 487 Vetere
2156 434 2496 486 Testatitoitto
2527 447 2645 499 qua:
2684 418 3019 483 convinceret
3052 441 3401 498 transgresso

183 526 436 579 contexit
463 526 584 592 qttid
617 526 871 590 deinceps
908 523 1163 577 Dominus
1199 524 1337 576 dicat
1381 541 1393 575 :
1434 520 1627 574 Excide
1660 520 1751 573 libi

186 616 329 670 duas
352 617 558 669 tabulas
582 615 811 682 lapideas
834 614 972 669 sicut
1002 623 1054 668 et
1087 615 1304 682 primas,
1327 626 1378 667 et
1408 602 1623 665 cmicra.

723 746 947 799 CAPUT
1000 744 1229 797 CXXIII.

191 857 464 922 Quomodo
519 857 698 908 tabula:
741 873 867 925 quas
908 866 1012 907 erat
1058 856 1253 923 Moyses
1286 854 1393 906 Duo
1420 855 1592 921 utique
1623 870 1755 922 pra?-

265 928 457 977 sciente
491 928 760 989 fracturus,
795 942 895 977 non
924 928 985 976 ab
1016 926 1212 976 homine
1242 926 1478 975 dicantur
1509 926 1629 985 βεεν,
1666 940 1756 989 p0-

262 998 497 1046 stm‘ores
525 1011 636 1046 vero
683 996 732 1045 in
791 994 1113 1046 tabernaculo
1148 994 1237 1045 Dei
1270 995 1448 1044 tandiu
1496 1008 1755 1045 mansura!

264 1065 330 1115 ab
360 1065 557 1132 [contine
579 1066 790 1132 abscisa;
810 1064 907 1115 sint
936 1064 1010 1116 vel
1038 1063 1373 1132 conscriptis?
1403 1078 1465 1114 ea:
1490 1065 1659 1114 eodem
1690 1063 1756 1114 li-

265 1135 359 1184 bro
386 1130 730 1194 Quwstionum
763 1131 949 1185 Exoai.
1240 1130 1247 1132 ⁷
1726 1154 1729 1157 ⁷

269 1243 335 1296 Et
354 1243 563 1311 scripsit
585 1243 635 1296 in
665 1244 855 1297 tabulis
877 1246 1032 1298 verba
1061 1245 1215 1299 Testa
1227 1247 1413 1311 menti,
1433 1247 1618 1301 decem
1640 1260 1759 1299 ver-

194 1331 287 1385 ba.
325 1333 397 1387 De
427 1335 604 1401 Moyse
634 1334 831 1387 dictum
860 1344 973 1399 est,
1006 1336 1142 1403 quod
1175 1338 1285 1404 ipse
1318 1339 1625 1405 scripserit,
1675 1338 1756 1390 cui

195 1423 361 1474 etiam
412 1422 549 1477 Deus
598 1422 751 1488 paulo
791 1432 913 1477 ante
954 1407 1202 1479 dixerat:
1240 1425 1425 1480 Scribe
1469 1426 1559 1479 tibi
1601 1427 1757 1481 verba

198 1510 338 1563 haec.
366 1508 495 1563 Cum
517 1524 642 1564 vero
664 1513 884 1579 primum
921 1514 1085 1579 legem
1119 1504 1339 1582 accepit,
1372 1514 1523 1583 cujus
1555 1516 1759 1569 tabulas

198 1602 402 1671 abiecit
421 1613 475 1657 et
502 1601 678 1672 fregit,
702 1619 800 1659 nec
820 1604 932 1673 ipse
952 1607 1220 1661 excidisse
1249 1607 1419 1661 dictus
1447 1618 1528 1661 est
1554 1608 1761 1661 tabulas

200 1691 530 1760 lapideas,et
561 1695 716 1748 modo
744 1695 938 1749 dictum
970 1704 1080 1762 est,
1106 1696 1304 1751 Excide
1335 1697 1427 1751 tibi
1455 1698 1586 1751 duas
1611 1697 1758 1750 tabu-

1858 537 1961 586 res,
1979 524 2423 590 quaisubintravit
2448 532 2503 574 ut
2523 523 2817 575 abundaret
2840 524 3113 575 delictum.
3133 523 3246 575 Non
3266 527 3406 576 cnim

1858 612 2378 681 implebaturtimore
2403 598 2517 679 qua:
2543 628 2643 663 non
2668 611 2977 678 implebatur
2995 611 3250 664 charitate
3274 610 3409 680 [quae

1859 716 1960 753 non
2005 705 2299 768 completur
2342 702 2441 753 nisi
2474 698 2773 769 charitate].
2813 699 2873 752 Et
2905 700 3021 751 ideo
3055 700 3246 753 dicitur
3278 716 3409 767 Opus

1860 791 1949 842 Dei
1996 792 2112 858 quia
2168 792 2300 859 Deus
2351 792 2518 859 legem
2563 791 2857 853 constituit,
2892 790 3028 844 Deus
3069 795 3402 857 COltSCt'lde.

1861 880 2069 932 bullam
2102 897 2233 945 opus
2267 884 2529 943 hominis,
2563 880 2682 948 quia
2717 882 2872 931 homo
2916 879 3022 932 Deo
3064 894 3167 931 non
3206 882 3409 933 obtent—

1860 973 2083 1037 pz-ravit.
2110 982 2160 1024 ct
2190 988 2311 1023 eum
2343 972 2513 1037 potius
2539 966 2683 1024 reum
2709 970 2789 1023 ch
2814 971 2953 1023 fecit.
2982 972 3034 1023 In
3060 972 3301 1026 secundis
3320 988 3406 1024 au-

1864 1070 1965 1111 tem
1997 1061 2204 1117 tabulis.
2244 1062 2401 1112 homo
2431 1076 2521 1127 per
2563 1046 2881 1129 adjutorium
2928 1060 3025 1114 Dei
3058 1062 3259 1115 tabulas
3289 1062 3410 1115 facit

1860 1161 2017 1219 atque
2042 1151 2348 1213 conscribit,
2383 1152 2503 1219 quia
2554 1151 2785 1205 charitas
2823 1152 2953 1203 Novi
2982 1151 3300 1205 Testamenti
3334 1154 3405 1206 le-

1860 1253 1977 1310 gi-m
2008 1242 2146 1307 fecit,
2184 1243 2320 1296 unde
2347 1243 2474 1296 dicit
2504 1243 2751 1297 Dominus
2783 1261 2793 1294 :
2824 1243 2933 1296 Non
2961 1245 3077 1295 veni
3108 1243 3274 1310 legem
3302 1246 3411 1296 Stil-

1863 1347 1985 1386 vere
2013 1336 2102 1386 sed
2131 1334 2371 1400 implere.
2405 1334 2542 1387 Dicit
2569 1348 2742 1386 autem
2786 1334 3099 1401 Apostolus:
3135 1333 3410 1386 Plenitudo

1836 1423 1989 1491 .legis
2016 1423 2245 1476 Charitas
2270 1432 2322 1476 et
2352 1424 2479 1476 lides
2505 1438 2620 1490 qua:
2648 1437 2742 1490 per
2771 1424 3105 1477 dilectionem
3136 1433 3408 1491 operatur.

1863 1510 2079 1563 Factum
2107 1522 2188 1563 est
2219 1514 2393 1578 itaque
2421 1512 2619 1565 homini
2647 1512 2798 1565 facile
2823 1514 2871 1566 in
2903 1512 3047 1566 Nom
3070 1511 3410 1567 Testamento

1860 1602 1999 1670 quod
2032 1604 2079 1653 in
2114 1602 2555 1657 Vetere'dill‘tcile
2604 1602 2716 1666 fuit,
2750 1603 2962 1657 habenti
2993 1604 3145 1656 ﬁdem
3178 1621 3294 1672 quin
3323 1621 3368 1672 pi
3391 1623 3412 1661 ι

1862 1694 2199 1746 dilectionem
2249 1705 2522 1762 operatur,
2546 1703 2711 1762 atque
2743 1696 2834 1749 illo
2879 1696 3041 1765 digito
3069 1695 3180 1765 Dei,
3207 1697 3305 1750 lue
3334 1708 3413 1751 est

204 1781 286 1841 las
320 1782 595 1851 lapideas;
628 1798 723 1838 nec
750 1785 798 1839 ei
830 1786 1023 1839 dictum
1054 1785 1135 1840 est
1163 1796 1218 1840 ut
1247 1788 1524 1853 scriberet,
1551 1787 1690 1842 sicut
1710 1788 1756 1840 ci
1794 1796 1833 1852 Β
1865 1784 2063 1851 Spiritu
2098 1785 2212 1846 Dei,
2245 1786 2386 1836 intus
2418 1801 2535 1838 ram
2570 1786 2621 1837 in
2656 1786 2815 1839 corde
2845 1787 3128 1849 scribente,
3161 1802 3262 1839 non
3286 1786 3415 1840 furis

211 1873 377 1926 modo
404 1874 624 1935 dicitur;
653 1888 755 1928 nec
779 1888 871 1929 eas
898 1876 1008 1942 ipse
1027 1875 1302 1944 scripsisse
1327 1882 1592 1943 narratur,
1620 1874 1759 1930 sicut

207 1964 372 2020 modo
394 1976 579 2019 narrat
628 1967 897 2035 Scriptura
937 1976 990 2023 et
1026 1967 1191 2022 dicit:
1221 1967 1442 2036 Scripsit
1480 1968 1531 2045 in
1574 1968 1762 2021 tabulis

206 2057 372 2111 verba
396 2055 743 2122 Testamenti,
766 2058 946 2113 decem
971 2059 1159 2122 verba;
1182 2059 1272 2113 sed
1297 2070 1418 2113 tunc
1441 2058 1638 2113 dictum
1659 2068 1759 2122 est,

207 2146 279 2200 Et
304 2146 451 2201 dedit
479 2148 643 2218 Moysi
685 2149 863 2202 statim
901 2158 959 2202 ut
1011 2148 1237 2202 cessavit
1283 2150 1423 2217 loqui
1470 2149 1533 2201 ad
1563 2164 1681 2202 eum
1711 2151 1760 2203 in

207 2246 391 2291 monte
419 2238 562 2292 Sinai
594 2238 726 2292 duas
782 2238 987 2292 tabulas
1036 2237 1371 2303 Testimouii,
1404 2238 1608 2292 tabulas
1638 2240 1763 2307 lapi-

206 2326 339 2380 deas
365 2326 589 2394 scriptas
618 2308 781 2396 digito
810 2327 936 2391 Dei;
970 2324 1159 2382 deinde
1186 2328 1339 2395 paulo
1368 2338 1483 2395 post
1507 2345 1520 2379 :
1556 2328 1619 2382 Et
1642 2343 1767 2382 con-

207 2432 418 2482 versus,
438 2404 640 2486 inquit,
673 2420 883 2487 Moyses
914 2418 1185 2499 descendit
1229 2421 1296 2473 de
1337 2428 1535 2484 monte,
1567 2429 1619 2473 et
1648 2418 1766 2472 dlliB

208 2509 405 2563 tabulae
431 2509 740 2563 Testimonii
768 2509 819 2563 in
847 2509 1091 2564 manibus
1116 2509 1230 2578 ejus
1248 2549 1263 2575 ,
1294 2509 1483 2564 tabulae
1510 2508 1761 2577 lapidem,

208 2599 422 2668 scriptae
457 2613 521 2652 ex
560 2607 786 2667 utraque
819 2608 967 2668 parte
1016 2614 1219 2664 earum,
1275 2600 1395 2654 hinc
1439 2609 1598 2670 atque
1647 2602 1768 2655 hinc

208 2698 366 2742 erant
396 2688 629 2757 srriptze,
656 2698 711 2743 et
734 2688 925 2743 tabula:
952 2703 1084 2757 opus
1115 2689 1205 2744 Dei
1250 2698 1424 2761 erant,
1474 2700 1529 2745 et
1548 2691 1765 2760 scripta:

208 2778 311 2851 Dei
354 2790 467 2833 erat
514 2781 716 2848 sculpta
759 2781 809 2834 in
868 2781 1081 2836 tabulis.
1120 2781 1345 2835 Proinde
1383 2797 1571 2852 mtgna
1601 2783 1805 2836 oritur~

208 2862 466 2938 qutestiod
487 2870 766 2936 Quomodo
789 2871 894 2925 illa:
917 2871 1112 2925 tabula:
1133 2886 1265 2939 quas
1295 2883 1408 2925 erat
1431 2872 1636 2943 Moyses
1658 2873 1768 2927 Deo

210 2958 391 3033 utique
420 2959 729 3026 prtesciente
756 2960 1038 3025 fracturus,
1089 2976 1192 3013 non
1250 2961 1480 3015 hominis
1529 2976 1661 3029 opus
1690 2961 1766 3015 di-

208 3057 551 3118 canturesse,
573 3049 669 3104 sed
690 3050 808 3117 Dei;
826 3063 923 3104 nec
943 3051 1008 3104 ab
1032 3049 1245 3105 homine
1265 3052 1496 3119 scriptae,
1521 3047 1623 3105 sed"
1637 3054 1769 3106 scri-

1865 1874 1915 1925 in
1946 1874 2148 1939 lapide;
2179 1874 2314 1926 unde
2344 1874 2472 1927 dicit
2501 1873 2815 1942 Apostolus:
2845 1874 2959 1930 Non
2985 1878 3034 1929 in
3066 1878 3255 1931 tabulis
3286 1877 3414 1946 lapi-

1864 1962 1994 2024 deis,
2026 1963 2117 2016 sed
2152 1964 2201 2016 in
2236 1963 2425 2017 tabulis
2455 1964 2630 2017 cordis
2660 1966 2978 2033 carnalibus,
3011 1969 3260 2036 quooiam
3290 1971 3414 2021 cha-

1866 2054 1991 2107 ritas
2016 2054 2135 2117 Dei,
2167 2067 2265 2121 qua
2300 2056 2557 2107 veraciter
2584 2054 2830 2122 impletur
2858 2065 3198 2124 prmceptum,
3226 2058 3418 2110 dill‘usa

1865 2154 1946 2197 est
1973 2144 2025 2196 in
2055 2144 2306 2197 Cordibus
2334 2142 2526 2196 nostris
2560 2158 2653 2210 per
2676 2143 2929 2211 Spiritum
2952 2157 3189 2198 sanetum
3210 2150 3297 2213 qui
3320 2147 3413 2198 da-

1867 2247 1947 2289 tus
1971 2245 2051 2288 cst
2078 2235 2248 2288 nobis.
2281 2236 2391 2288 lloc
2421 2242 2504 2288 est
2526 2249 2653 2303 ergo
2684 2236 2851 2313 trimp
2878 2236 2998 2289 data
3024 2246 3106 2289 est
3135 2237 3218 2290 lex
3245 2236 3327 2289 ubi
3347 2237 3417 2289 si-

1865 2326 2145 2392 gnificatur
2176 2324 2337 2377 Vetus
2382 2324 2807 2388 Testamentum,
2856 2327 2993 2393 quod
3035 2336 3116 2379 est
3146 2340 3277 2394 opus
3310 2338 3419 2379 tan-

1871 2415 2141 2468 tummodo
2168 2416 2259 2469 Dei
2294 2424 2346 2469 et
2370 2415 2690 2483 conscriptio
2718 2413 2866 2484 digiti
2890 2416 3003 2481 Dei,
3027 2418 3166 2484 quod
3192 2418 3389 2484 Aposo
3444 2418 3465 2435 '

1869 2506 1948 2559 lus
1971 2506 2124 2558 dicit:
2151 2506 2330 2574 Itaque
2359 2506 2439 2560 lex
2466 2490 2675 2574 quidem
2693 2516 2874 2560 sancta
2901 2516 2953 2560 et
2976 2507 3272 2559 mandatum
3300 2522 3420 2560 san.

1866 2607 2007 2649 etum
2038 2606 2088 2649 et
2112 2596 2310 2665 jnsunn
2343 2606 2395 2650 et
2425 2596 2641 2651 bonum.
2681 2597 2785 2651 Lex
2815 2612 2943 2667 ergo
2972 2610 3150 2651 sancta
3190 2608 3242 2650 et
3283 2597 3419 2653 bona

1870 2686 1960 2739 Dei
1988 2701 2117 2752 Opus
2144 2696 2243 2748 est,
2268 2683 2535 2740 ubihomo
2565 2688 2694 2740 nihil
2724 2686 2849 2756 agit,
2874 2690 2994 2756 quia
3025 2704 3126 2741 non
3151 2688 3420 2750 obtempe-

1868 2784 1967 2839 rat,
2000 2776 2091 2828 sed
2128 2778 2299 2842 potius
2342 2788 2490 2829 reatu
2531 2776 2787 2843 premitur
2828 2780 2942 2845 lege
2988 2778 3220 2830 minante
3262 2786 3423 2845 atque

1869 2864 2175 2916 damnante.
2204 2864 2482 2916 Peccatum
2516 2862 2678 2927 enim,
2713 2864 2899 2932 inquit,
2947 2878 2999 2917 ut
3027 2877 3276 2930 appareat
3306 2879 3422 2931 pet-

1870 2963 2064 3015 Catum,
2100 2968 2193 3021 per
2227 2957 2416 3005 l-onum
2446 2951 2573 3007 mihi
2603 2963 2876 3022 operatum
2907 2964 2988 3008 est
3010 2970 3112 3007 mo:
3132 2958 3419 3018 tonullea-

1873 3036 1961 3095 ius
1981 3032 2153 3095 autem
2183 3043 2338 3096 homo
2366 3051 2464 3107 est,
2492 3059 2610 3096 cum
2642 3044 2740 3096 hoc
2771 3049 3072 3097 mandatum
3100 3055 3338 3098 sanctum
3368 3030 3433 3098 et

211 3149 318 3206 pta:
348 3139 511 3206 digito
542 3137 634 3193 Dei
660 3155 674 3190 :
710 3139 1026 3207 posteriores
1048 3154 1172 3193 vero
1203 3141 1392 3194 tabulae
1422 3140 1598 3194 tandiu
1625 3157 1767 3195 man-

1875 3133 2069 3199 justum
2099 3144 2150 3185 et
2177 3134 2371 3187 bonum
2402 3148 2481 3189 est
2511 3135 2671 3189 etiam
2713 3127 2898 3206 [facit,'
2931 3137 3030 3191 hoc
3073 3134 3254 3204 etiam]
3294 3154 3424 3204 opus

210 3243 371 3294 surae,
400 3237 455 3283 et
484 3231 534 3283 in
566 3230 908 3285 tabernaculo
935 3245 1000 3285 ac
1037 3226 1231 3299 t'cmplo
1289 3232 1381 3286 Dei
1434 3233 1638 3298 futuraz,
1675 3234 1765 3301 ju-

211 3319 369 3374 beute
396 3320 606 3387 quidem
638 3321 745 3384 Deo
774 3328 952 3375 tamen
978 3321 1045 3375 ab
1090 3322 1301 3376 homine
1330 3324 1521 3377 excisa:
1547 3324 1672 3389 sint,
1702 3326 1769 3379 ab

213 3408 430 3462 homine
459 3409 672 3477 scripta!
699 3408 828 3481 [tant
872 3414 938 3466 ab
986 3411 1198 3467 homine
1226 3413 1417 3466 excisa:
1444 3414 1580 3477 sint,
1610 3429 1765 3483 quam

212 3501 278 3554 ab
304 3500 517 3554 homine
534 3502 675 3569 scrip
701 3501 800 3571 ac]?
834 3506 911 3554 An
941 3502 1074 3556 forte
1100 3505 1148 3555 in
1180 3503 1282 3555 illis
1312 3504 1575 3571 prioribus
1603 3506 1765 3573 gratia

213 3592 306 3645 Dei
330 3592 746 3660 signiﬁcabatur,
778 3607 882 3646 non
912 3593 1140 3651 hominis
1171 3607 1324 3662 opus,
1363 3608 1463 3663 qua
1493 3594 1658 3663 gratia
1692 3595 1771 3648 in-

214 3682 358 3751 digni
413 3682 534 3736 facti
583 3694 726 3748 sunt,
778 3693 1106 3738 revertentes
1130 3685 1292 3738 corde
1323 3686 1373 3737 in
1403 3684 1692 3755 [Egyptum
1719 3698 1767 3739 et

214 3769 469 3827 facientes
496 3771 713 3836 idolum,
745 3776 884 3828 unde
914 3773 1004 3826 illo
1036 3774 1294 3828 beneﬁcio
1327 3777 1511 3843 privati
1541 3786 1687 3842 sunt,
1719 3785 1773 3830 et

217 3876 495 3931 propterea
544 3862 753 3933 Moyses
800 3862 1002 3918 tabulas
1055 3863 1231 3934 fregit,
1280 3866 1392 3920 istis
1420 3881 1547 3921 vero
1578 3868 1771 3921 tabulis

218 3953 600 4019 posterioribus
635 3953 918 4022 siguilicati
965 3963 1090 4007 sunt
1127 3956 1213 4023 qui
1265 3955 1334 4011 de
1373 3958 1482 4012 suis
1524 3958 1773 4025 operibus

216 4043 540 4110 gloriantur;
573 4042 733 4096 unde
778 4043 905 4097 dicit
954 4045 1239 4112 Aposmlus
1272 4063 1285 4097 :
1321 4044 1625 4113 lgnorantes
1680 4046 1772 4099 Dei

216 4133 495 4204 justitiam,
527 4142 581 4188 et
607 4149 755 4187 suam
795 4138 1036 4189 volentes
1073 4137 1417 4201 constituere,
1444 4136 1657 4205 iustitia:
1684 4138 1772 4192 Dei

218 4236 319 4275 non
375 4231 501 4276 sunt
546 4220 804 4290 isubjecti;
852 4231 907 4277 et
945 4223 1066 4278 ideo
1096 4224 1287 4278 tabula“:
1336 4224 1567 4279 humano
1612 4241 1773 4296 opere

218 4316 440 4383 sculpta!
468 4322 522 4369 et
550 4314 780 4369 humano
809 4324 971 4382 opere
997 4313 1208 4384 Scripta:
1234 4315 1391 4371 dictae
1425 4316 1605 4390 [datae]
1628 4328 1771 4381 sunt,

218 4418 337 4473 qua:
362 4418 483 4464 cum
525 4404 653 4471 ipsis
708 4413 1003 4469 manerent,
1050 4406 1115 4459 ad
1168 4420 1261 4461 eos
1295 4407 1666 4477 significandos
1708 4408 1775 4463 de

1870 3224 2005 3289 ejus,
2039 3222 2129 3276 sed
2165 3238 2258 3289 per
2280 3224 2508 3292 gratiam
2541 3224 2652 3277 Dei.

2402 3359 2625 3415 CAPUT
2661 3360 2893 3416 CXXIV.

1869 3446 2195 3513 Blasphemia
2233 3451 2282 3502 in
2324 3449 2463 3514 Spiri
2488 3468 2571 3502 um
2610 3461 2838 3504 sanctum
2868 3469 2981 3521 qua
3009 3469 3109 3505 non
3148 3436 3427 3505 remittetur

1939 3535 2039 3570 uno
2084 3522 2283 3572 nomine
2318 3522 2481 3572 vocari
2523 3530 2683 3589 potest
2728 3524 3107 3589 impaenitendo,
3134 3526 3184 3574 id
3232 3534 3305 3576 est
3339 3539 3426 3575 cur

1940 3592 2277 3652 impmuitens;
2309 3605 2371 3641 ea:
2405 3606 2631 3642 sermone
2657 3591 2724 3642 ad
2753 3593 3029 3659 pupulum:
3055 3596 3179 3656 Qua:
3207 3592 3268 3645 sit
3299 3594 3425 3645 irer

1939 3659 2195 3709 inuisibili;
2226 3660 2533 3727 blasphemia
2569 3660 2620 3711 in
2652 3659 2903 3729 Spiritum
2931 3670 3178 3713 sanctast.

1943 3769 2097 3822 Prius
2138 3784 2264 3836 ergo
2310 3778 2366 3821 ut
2410 3768 2697 3823 advertatis
2740 3780 2793 3823 et
2835 3770 3133 3838 intelligatis
3166 3771 3428 3826 admono

1874 3874 1975 3911 non
2002 3860 2197 3912 dixisse
2229 3858 2539 3912 Dominurn:
2571 3858 2755 3913 Omnis
2783 3858 3106 3927 blasphemia
3141 3861 3190 3912 in
3222 3859 3422 3926 Spiritu

1874 3965 1976 4002 non
2008 3947 2309 4012 remittitur;
2340 3963 2511 4015 neque
2541 3949 2777 4002 dixisse:
2805 3949 2901 4013 Qui
2932 3949 3122 4002 dixerit
3149 3952 3418 4015 quodcun-

1873 4056 1974 4110 que
1999 4042 2208 4093 verbum
2232 4054 2411 4093 contra
2438 4038 2687 4106 Spiritum
2713 4049 2973 4105 sanctum,
3002 4056 3103 4093 non
3129 4044 3428 4095 remittetur

1873 4132 1918 4184 ei
1940 4149 1953 4196 ;
1972 4132 2081 4194 sed,
2096 4132 2183 4199 Qui
2201 4130 2651 4203 dixeritverbum.
2673 4131 2799 4184 lllud
2817 4133 2956 4185 enim
2979 4134 3021 4183 si
3041 4132 3279 4193 dixisset,
3298 4129 3426 4186 nihil

1875 4226 2025 4277 nobis
2054 4224 2268 4276 omnino
2310 4230 2609 4275 remaneret
2648 4221 2786 4274 unde
2827 4223 3095 4288 disputare
3126 4236 3421 4290 possemus,

1875 4314 2119 4382 quoniam
2146 4312 2189 4364 si
2216 4312 2388 4365 omnis
2426 4312 2742 4379 blasphemia
2772 4323 2821 4366 et
2850 4329 3004 4385 omne
3032 4314 3248 4367 Verbum
3286 4313 3423 4379 quod

1875 4405 2066 4459 dicitur
2086 4414 2263 4457 contra
2286 4404 2539 4469 Spiritum
2571 4415 2806 4456 sanctum
2833 4419 2934 4457 non
2959 4406 3307 4458 remitteretur
3334 4408 3426 4455 lio-

218 4476 328 4548 suis
369 4492 619 4561 operibus
645 4493 997 4561 gloriaturos,
1039 4510 1144 4549 non
1172 4495 1239 4551 de
1287 4476 1452 4567 digito
1496 4498 1586 4553 Dei
1607 4537 1622 4562 ,
1674 4497 1775 4553 hoc
1803 4496 1852 4553 D
1878 4495 2135 4555 minibus,
2166 4509 2226 4546 ex
2259 4493 2402 4547 nullo
2426 4507 2621 4561 genere
2652 4494 2935 4561 impietatis
2960 4508 3141 4547 eorum
3173 4496 3257 4560 qui
3288 4494 3427 4547 dono

220 4593 299 4639 est
322 4584 390 4638 de
411 4582 611 4651 Spiritu
636 4582 768 4637 Dei?
798 4584 953 4638 Certe
983 4600 1111 4654 ergo
1140 4588 1387 4656 repetitio
1413 4588 1543 4657 legis
1574 4589 1772 4643 Novum

221 4674 622 4729 Testamentum
648 4674 939 4743 significat;
968 4676 1091 4729 illud
1114 4688 1291 4731 autem
1321 4676 1486 4732 Vetus
1512 4679 1777 4747 significa-

220 4767 329 4832 bat,
345 4768 487 4821 unde
500 4767 824 4821 confractum
838 4775 891 4821 et
904 4766 1155 4821 abolitum
1170 4768 1516 4832 est,-maxime
1530 4771 1777 4839 quoniam

220 4872 337 4913 cum
354 4857 588 4912 secundo
609 4857 689 4911 lex
711 4856 885 4923 datur,
902 4858 1045 4911 nullo
1063 4868 1265 4912 terrore
1289 4860 1460 4923 datur,
1477 4861 1606 4914 sicut
1626 4860 1711 4913 illa
1726 4861 1778 4915 in

224 4958 369 5002 tanto
392 4947 613 5016 strepitu
640 4949 859 5017 ignium,
888 4948 1101 5001 nubium
1125 4959 1177 5003 et
1209 4952 1471 5016 tubarum,
1505 4951 1648 5006 unde
1671 4961 1774 5007 tre-

221 5039 483 5092 mefactus
515 5038 737 5106 populus
766 5037 901 5091 dixit
929 5053 945 5090 :
975 5037 1085 5092 Non
1120 5038 1369 5106 loquatur
1420 5040 1563 5095 Deus
1585 5040 1648 5094 ad
1682 5057 1777 5097 nos

224 5144 290 5182 ne
316 5128 633 5184 moriamur:
658 5127 800 5181 unde
829 5127 1157 5197 significatur
1186 5130 1344 5182 timor
1365 5143 1483 5183 esse
1514 5129 1565 5183 in
1592 5130 1780 5185 Vetere

222 5217 581 5277 Testamento,
614 5217 666 5268 in
697 5214 845 5269 Novo
892 5214 1127 5269 dilectio.
1180 5215 1457 5281 Quomodo
1486 5217 1643 5284 igitur
1670 5219 1782 5271 htnc

223 5308 445 5362 solvitur
481 5305 727 5377 quaestio,
781 5322 944 5377 quare
1001 5308 1103 5361 illa:
1151 5322 1283 5376 opus
1330 5306 1443 5371 Dei,
1478 5311 1594 5363 ista:
1646 5324 1783 5377 Opus

226 5397 478 5459 hominis,
508 5403 564 5448 et
589 5395 692 5449 illa:
711 5396 1030 5464 conscripta:
1076 5397 1243 5466 digito
1283 5399 1398 5463 Dei,
1424 5400 1537 5452 ista:
1568 5401 1779 5467 scriptae

226 5485 291 5537 ab
320 5481 565 5537 homine?
595 5498 661 5536 an
690 5480 823 5537 forte
868 5483 988 5538 ideo
1038 5487 1206 5554 magis
1257 5486 1309 5540 in
1362 5488 1467 5542 illis
1513 5489 1777 5556 prioribus

228 5574 387 5628 Vetus
417 5571 771 5639 significatum
799 5582 881 5627 est
930 5571 1346 5642 Testamentum,
1379 5580 1497 5645 quia
1532 5577 1681 5632 Deus
1704 5578 1777 5632 ibi

228 5664 493 5733 μακρὴ,
522 5663 621 5719 sed
647 5662 804 5720 homo
831 5677 935 5719 non
967 5664 1109 5720 fecit.
1159 5665 1269 5721 Lex
1315 5668 1454 5723 enim
1498 5668 1667 5736 posita
1696 5680 1775 5723 cst

1882 4580 2074 4636 Christi
2114 4591 2166 4635 et
2203 4581 2605 4634 sanctificatinni
2643 4581 2888 4635 Ecclesiae
2930 4585 3313 4645 contradicunt,
3348 4586 3429 4637 vel

1884 4688 2201 4742 paganorum
2230 4672 2332 4741 77
2357 4670 2434 4723 vel
2463 4672 2784 4738 Judworum,
2813 4682 2903 4726 aut
2925 4672 3048 4743 [νε-Ι]
3080 4674 3434 4739 quorumlibet

1886 4764 2272 4828 hrreticorum,
2294 4764 2664 4817 nonnullorum
2689 4767 2843 4816 etiam
2860 4763 2913 4816 in
2934 4766 3040 4831 ipsa
3064 4764 3320 4816 catholica
3337 4765 3431 4816 im-

1887 4855 2195 4922 peritorum,
2211 4868 2524 4921 quemquam
2542 4853 2773 4906 Ecclesia
2792 4855 3098 4907 lucraretur.
3115 4853 3218 4907 Sed
3233 4855 3367 4905 alisit
3382 4864 3434 4912 ut

1890 4942 1985 4995 hoc
2007 4941 2256 4995 Dominus
2282 4941 2505 5013 diceret,
2532 4941 2686 5006 absit,
2714 4941 2949 5009 inquam,
2984 4950 3038 4993 ut
3066 4942 3266 4995 Veritas
3294 4943 3435 4995 dice-

1886 5040 1986 5096 ret,
2004 5045 2213 5083 omncm
2239 5029 2618 5096 blaSpliemiam
2637 5030 2716 5083 vel
2744 5045 2902 5084 omne
2920 5029 3131 5083 verbum
3154 5030 3289 5097 quod
3312 5046 3433 5084 eon-

1886 5130 1964 5174 tra
1992 5122 2241 5189 Spiritum
2264 5128 2500 5173 sanctum
2524 5120 2809 5183 diceretur,
2828 5136 2932 5173 non
2954 5119 3145 5173 habere
3171 5100 3436 5173 τετιηὲείοο

1888 5228 2009 5267 nem
2038 5227 2206 5281 neque
2234 5213 2285 5266 in
2318 5215 2419 5265 hoc
2447 5213 2646 5265 saeculo
2672 5225 2843 5279 neque
2865 5211 2919 5264 in
2948 5211 3139 5263 futuro.
3174 5210 3437 5264 Exercere

1888 5304 2082 5370 quippe
2106 5316 2200 5357 nos
2229 5303 2391 5356 voluit
2433 5300 2745 5355 difficultate
2788 5301 3112 5369 quaestionis,
3160 5315 3262 5352 non
3290 5300 3435 5353 deci-

1892 5409 2018 5462 pere
2054 5395 2331 5447 sentcntite
2376 5392 2624 5447 facultate
2673 5391 3007 5462 [difﬁcultate
3043 5391 3120 5444 vel
3163 5388 3435 5460 falsitate].

1887 5483 2219 5553 Quapropter
2245 5498 2346 5537 non
2395 5494 2473 5537 est
2499 5497 2718 5536 necesse
2737 5490 2794 5536 ut
2819 5495 3026 5535 omnem
3050 5478 3435 5549 blasphemiam

1887 5587 1935 5629 et
1967 5589 2124 5629 omne
2154 5574 2369 5628 verbum
2409 5573 2549 5642 quod
2573 5573 2767 5627 dicitur
2802 5580 2986 5625 contra
3025 5571 3277 5638 Spiritum
3309 5585 3436 5626 sau-

1883 5676 2048 5732 ctum,
2080 5662 2439 5721 remissionem
2464 5651 2735 5747 quisquam
2761 5661 3034 5719 existimet
3074 5678 3176 5717 non
3216 5660 3434 5723 habere,
