3886 6224
551 303 654 354 ’143

1622 305 1681 357 D.
1717 301 2024 357 EUGYPPII
2059 300 2342 356 ABBATIS
2379 301 2691 355 AFRICANI

3665 295 3767 348 7H

547 416 642 468 sed
671 429 886 470 necesse
908 425 988 469 est
1010 417 1160 482 plane
1182 426 1234 470 ut
1255 417 1322 469 sit
1351 417 1522 485 aliqua
1555 416 1872 484 blasphemia
1899 427 1954 469 et
1983 415 2080 469 ali-
2115 420 2157 476 Α
2190 428 2492 477 peccatores
2535 417 2766 482 Judreos,
2815 417 3018 470 etiamsi
3053 416 3306 469 Dominus
3338 429 3442 468 non
3485 413 3756 470 venisset.

549 505 692 573 quod
717 507 952 568 verbum,
993 509 1128 573 quod
1159 508 1202 558 si
1244 508 1445 560 dicatur
1467 515 1648 560 contra
1676 506 1928 575 Spiritum
1974 522 2093 558 san-

550 603 692 646 ctum
719 596 909 647 nullam
936 611 1162 662 unquam
1219 596 1424 648 veniam
1478 596 1946 662 remissionemque
1975 613 2088 651 me-

555 690 766 736 reatur:
798 683 912 750 quia
941 684 983 737 si
1013 698 1170 738 omne
1208 685 1587 752 acceperimus,
1620 687 1855 754 quisnam
1901 685 2104 754 poterit

555 772 774 824 salvari?
799 773 842 825 si
871 784 1045 826 autem
1081 792 1286 829 rursum
1319 778 1515 830 nullum
1563 779 1936 844 putaverimus,
1967 793 2095 830 con-

556 859 858 929 tradicimus
906 862 1191 916 Salvatori.
1238 866 1328 919 Est
1387 883 1511 935 ergo
1556 866 1669 920 sine
1715 868 1871 920 dubio
1920 869 2092 935 aliqua

555 949 877 1016 blasphemia
904 962 955 1006 et
976 953 1187 1022 aliquod
1217 956 1460 1021 verbum,
1486 957 1622 1024 quod
1651 957 1692 1008 si
1716 956 1915 1009 dictum
1942 958 2098 1011 luerit

553 1048 730 1093 contra
747 1043 999 1110 Spiritum
1021 1054 1280 1110 sanctum,
1300 1061 1399 1098 nou
1419 1048 1731 1099 remittetur.
1749 1046 1898 1112 Quod
1916 1045 2094 1118 [Quid]

557 1132 624 1183 sit
655 1142 826 1186 autem
850 1135 951 1188 hoc
977 1137 1195 1190 verbum
1227 1139 1388 1204 quaeri
1415 1153 1441 1188 a
1465 1137 1615 1190 nobis
1641 1139 1890 1192 Dominus
1911 1135 2095 1203 voliiit,

559 1219 675 1273 ideo
706 1238 808 1276 non
840 1228 1120 1291 expressit.
1153 1228 1346 1292 Quaeri,
1378 1225 1612 1294 inquam,
1647 1227 1833 1292 voluit,
1865 1243 1967 1281 non
2001 1242 2095 1281 ne-

559 1312 689 1378 gari.
722 1312 904 1368 Solent
933 1317 1070 1369 enim
1100 1318 1380 1384 Scriptura:
1413 1317 1481 1369 ita
1507 1318 1667 1385 loqui,
1691 1328 1747 1372 ut
1770 1319 1978 1388 quando
1998 1319 2100 1372 ali-

559 1401 682 1466 quid
712 1402 787 1455 sic
805 1404 1011 1468 dicitur,
1043 1414 1096 1457 ut
1134 1419 1306 1473 neque
1356 1420 1420 1458 ex
1470 1415 1580 1459 toto
1621 1421 1789 1474 neque
1829 1423 1895 1460 ex
1951 1417 2099 1475 parte

559 1491 754 1545 dictum
798 1494 1093 1559 definiatur,
1143 1511 1246 1550 non
1294 1499 1361 1551 sit
1405 1512 1621 1552 necesse
1652 1507 1706 1551 ut
1734 1513 1798 1551 ex
1831 1507 1940 1552 toto
1972 1499 2086 1554 ﬁeri

562 1581 754 1645 possit,
788 1592 840 1632 ut
865 1597 927 1636 ex
957 1595 1104 1651 parte
1137 1600 1262 1639 non.
1289 1586 1390 1642 Ista
1422 1601 1548 1656 ergo
1581 1587 1839 1642 sententia
1871 1603 1933 1642 ex
1967 1599 2097 1655 toto,

563 1668 612 1721 id
659 1679 738 1724 est
784 1669 1151 1728 universaliter
1201 1676 1664 1742 prOnuntiaretur,
1713 1677 1754 1730 si
1797 1677 2097 1744 diceretur,

2195 506 2544 573 agnoscimus.
2570 505 2671 559 Sed
2699 516 2873 560 tamen
2900 508 3019 574 quia
3049 507 3246 560 dictum
3276 514 3398 568 est,
3429 504 3483 558 Si
3520 519 3632 555 non
3669 519 3762 555 τεο

2196 596 2389 649 nissem
2432 603 2703 662 peccatum
2741 611 2843 648 non
2874 596 3163 658 haberent,
3205 594 3328 648 inde
3375 605 3600 646 necesse
3651 601 3757 651 est,
3846 599 3847 660 ξ

2194 689 2352 740 etiam
2379 689 2420 741 si
2451 703 2555 741 non
2581 704 2757 751 omne,
2806 690 3013 756 aliquod
3059 700 3233 742 tamen
3285 703 3380 742 eos
3419 702 3480 740 ex
3520 686 3754 738 adventu

2197 776 2401 830 Domini
2442 778 2577 843 quod
2614 792 2715 829 non
2763 779 3023 831 habebant
3061 777 3390 831 contraxisse
3439 783 3745 843 peceatum.

2194 867 2327 920 Illud
2361 867 2528 933 ipsum
2562 868 2792 931 profecto
2821 876 2901 919 est
2929 855 3071 934 quod
3098 868 3148 919 in
3184 875 3502 932 praesentem
3530 863 3635 917 sibi
3670 863 3750 912 ln-

2196 961 2443 1021 quentem
2476 969 2576 1006 non
2613 953 2970 1016 crediderunt,
3015 969 3241 1021 eumque
3265 953 3537 1005 inimicum
3576 951 3746 1017 depu-

2200 1053 2392 1110 tantes,
2412 1045 2655 1112 quoniam
2679 1045 3041 1108 versdicebat,
3062 1046 3274 1112 insuper
3285 1044 3619 1097 occiderunt.
3639 1044 3744 1094 Hoc

2201 1143 2474 1199 peccatum
2504 1143 2606 1185 tam
2632 1149 2876 1200 magnum
2902 1143 2953 1187 et
2979 1133 3319 1198 horrendum,
3351 1133 3396 1186 si
3439 1147 3544 1185 non
3574 1131 3746 1182 venis-

2199 1231 2278 1274 set
2307 1232 2359 1273 et
2383 1222 2587 1276 locutus
2609 1222 2682 1276 eis
2707 1222 2927 1286 fuisset,
2960 1223 3138 1291 utique
3167 1239 3268 1275 non
3302 1222 3574 1275 haberent.
3606 1220 3747 1273 Sicut

2198 1328 2326 1380 ergo
2348 1313 2416 1366 ibi
2437 1329 2554 1367 cum
2577 1313 2890 1380 audivimus,
2916 1313 3192 1368 Peccatum
3220 1329 3320 1366 non
3345 1314 3622 1373 haberent,
3648 1327 3744 1363 mm

2202 1418 2382 1467 omne,
2416 1402 2509 1458 sed
2533 1403 2745 1471 aliquod
2776 1413 3042 1470 peccatum
3071 1403 3439 1472 intelligimus:
3472 1405 3541 1454 ita
3578 1403 3628 1452 in
3661 1404 3747 1452 liu-

2201 1490 2382 1544 dierna
2407 1492 2634 1546 lectione
2664 1507 2782 1546 cum
2814 1493 3130 1555 audivimus,
3164 1493 3390 1560 Spiritus
3424 1489 3743 1558 blasphemia

2203 1598 2309 1637 non
2334 1585 2652 1652 remittetur,
2672 1599 2774 1638 non
2795 1599 3005 1640 omnem
3031 1584 3428 1651 blasphemiam,
3452 1584 3546 1638 sed
3566 1599 3747 1652 quam-

2204 1674 2364 1738 dam;
2398 1684 2450 1729 et
2493 1689 2613 1728 cum
2644 1675 3005 1738 audissemus,
3037 1675 3131 1741 Qui
3163 1674 3229 1726 dii
3253 1675 3291 1726 it
3319 1676 3536 1727 verbum
3569 1682 3745 1726 contra

565 1758 742 1811 Omnis
772 1759 1094 1827 blasphemia
1134 1762 1186 1817 in
1221 1764 1471 1832 Spiritum
1502 1779 1605 1818 non
1652 1765 1946 1820 remittetur
1970 1807 1987 1833 ,
2018 1779 2105 1823 aut
2138 1755 2182 1812 Β
2209 1762 2462 1831 Spiritum
2485 1773 2746 1829 sanctum,
2771 1778 2873 1816 nou
2897 1763 3191 1817 remittetur
3219 1764 3289 1826 ei,
3319 1778 3423 1816 non
3448 1776 3605 1814 omne
3634 1777 3744 1813 ver-

560 1844 654 1908 Qui
686 1846 878 1901 dixerit
903 1849 1047 1904 illutn
1077 1851 1486 1925 [qualecunque]
1518 1857 1734 1909 verbum
1778 1865 1960 1909 contra
1985 1857 2104 1924 Spi-

561 1937 719 1989 ritum
737 1950 996 2006 sanctum,
1018 1958 1120 1996 non
1142 1943 1440 1997 remittetur
1452 1946 1698 2014 ei,neque
1716 1946 1768 2000 in
1793 1948 1891 2001 hoc
1911 1949 2105 2003 seculo

565 2040 732 2095 neque
755 2027 808 2080 in
838 2018 1029 2083 futuro.
1060 2030 1132 2084 Ex
1161 2040 1307 2098 parte
1324 2042 1518 2098 autem,
1543 2033 1592 2086 id
1615 2044 1694 2088 est
1720 2037 2106 2103 particulariter

567 2119 1014 2183 pronuntiaretur,
1038 2122 1080 2174 si
1102 2120 1387 2175 diceretur.
1411 2123 1663 2190 Quaedam
1689 2124 2011 2195 blasphemia
2052 2126 2104 2180 in

565 2207 765 2274 Spiritu
796 2223 896 2262 non
929 2210 1239 2264 remittetur.
1275 2212 1403 2277 Quia
1444 2228 1569 2282 ergo
1613 2229 1716 2268 non
1744 2216 2108 2271 universaliter

568 2311 663 2349 nec
680 2298 1066 2364 particulariter
1081 2300 1410 2368 pronuntiata
1432 2303 1688 2356 sententia
1714 2313 1795 2357 est
1811 2322 1824 2358 :
1840 2320 1942 2358 non
1967 2310 2105 2360 enim

564 2385 760 2440 dictum
787 2398 887 2452 est,
911 2392 1092 2443 Omnis
1118 2391 1442 2460 blasphemia
1472 2394 2105 2462 Spiritus,aut,Qu:edam

568 2475 913 2542 blaSphemia,
947 2479 1039 2532 sed
1063 2483 1424 2535 tantummodo
1468 2483 1739 2539 indeﬁnite
1776 2485 1973 2538 dictum
2006 2496 2107 2554 est,

570 2564 796 2632 Spiritus
821 2568 1138 2637 blaSpln-mia
1165 2586 1267 2623 non
1298 2573 1622 2638 remittetur;
1654 2588 1749 2627 nec
1777 2574 1973 2629 dictum
1996 2587 2106 2629 est:

566 2655 1215 2728 Q-ii[quieunque]dixerit
1236 2656 1580 2728 quodcunque
1606 2662 1843 2728 vrrbum,
1871 2675 1984 2729 aut,
2010 2664 2110 2731 Qui

568 2744 758 2797 dixerit
784 2747 1039 2813 quoddam
1073 2752 1315 2818 verbum,
1349 2754 1441 2807 sed
1472 2754 1767 2824 indefinite,
1795 2756 1893 2821 Qui
1918 2757 2113 2812 dixerit

539 2838 815 2915 'verbum:
840 2853 940 2890 non
964 2848 1045 2892 est
1070 2855 1286 2895 necesse
1310 2853 1364 2896 ut
1387 2859 1595 2898 omnem
1629 2846 2005 2914 blaSphemiam
2032 2850 2112 2902 vel
2147 2912 2158 2917 _

571 2939 722 2979 omne
748 2929 962 2980 verbum
990 2929 1341 2997 intelligamus
1371 2935 1494 2997 sed;
1530 2951 1748 2990 necesse
1773 2947 1856 2990 est
1883 2940 2038 3008 plane
2059 2949 2115 2994 ut

573 3017 847 3084 quamdam
883 3020 1254 3089 blasphemiam
1282 3034 1331 3077 et
1363 3026 1620 3093 quoddam
1646 3029 1858 3082 verbum
1890 3031 2111 3084 voluerit

570 3106 694 3163 intel
721 3106 789 3177 igi
823 3109 1092 3178 Dominus,
1124 3116 1360 3181 quamvis
1382 3091 1443 3169 [id
1467 3117 1762 3184 exprimere
1785 3120 2028 3184 noluerit,
2059 3130 2113 3174 ut
2140 3091 2186 3152 Ο

570 3197 876 3263 ίιυωτυηάο,
894 3201 1138 3265 petendo,
1162 3202 1435 3269 pulsando,
1456 3205 1498 3258 si
1522 3206 1645 3274 quid
1668 3208 1794 3261 reeti
1820 3208 2116 3265 intellectus

571 3291 927 3355 acceperimus
946 3307 1048 3343 non
1068 3291 1243 3347 viliter
1269 3294 1571 3350 habeamus.
1588 3297 1695 3350 Hoc
1720 3306 1775 3351 ut
1791 3300 2118 3356 manifestius

572 3378 813 3445 videatis,
832 3379 954 3435 illud
977 3382 1228 3436 attendite
1245 3383 1382 3452 quod
1404 3387 1475 3438 ait
1495 3386 1633 3440 idem
1661 3389 1770 3456 ipse
1796 3388 1862 3442 de
1878 3391 2104 3444 ludatis:

573 3466 624 3522 Si
657 3484 756 3521 non
783 3470 1040 3522 venissem
1063 3481 1114 3524 et
1137 3471 1341 3526 locutus
1366 3473 1442 3526 eis
1464 3473 1697 3537 luissem,
1721 3486 1988 3546 peccatum
2014 3494 2117 3533 non

574 3556 843 3612 haberent.
876 3559 1051 3626 Neque
1073 3559 1209 3613 enim
1234 3561 1302 3614 ita
1329 3562 1524 3616 dictum
1557 3573 1638 3616 est
1661 3576 1714 3618 ut
1743 3566 1856 3619 sine
1877 3567 1982 3620 ullo
2004 3583 2119 3619 om-

573 3647 698 3699 niuo
725 3657 939 3714 peccato
961 3649 1120 3702 vellet
1151 3650 1371 3719 intelligi
1398 3653 1602 3708 futuros
1637 3657 1795 3710 fuisse
1821 3657 2052 3724 Judaeos,
2077 3658 2121 3713 si

577 3752 677 3790 non
703 3738 931 3791 venisset
952 3747 1005 3791 et
1028 3741 1228 3797 locutus
1257 3741 1331 3795 eis
1362 3742 1563 3796 fuisset.
1609 3746 1800 3799 Plenos
1823 3748 2013 3815 quippe
2043 3751 2122 3802 in-

577 3828 718 3879 venit
747 3839 1095 3896 ooeratosque
1129 3834 1372 3898 peccatis.
1411 3833 1631 3899 Propter
1653 3838 1794 3903 quod
1820 3837 1984 3891 dicit:
2022 3839 2120 3894 Ve-

578 3917 681 3969 nite
703 3916 768 3968 ad
797 3932 878 3969 me
903 3932 1085 3971 omnes
1109 3922 1194 3988 qui
1220 3920 1466 3974 laboratis
1497 3934 1550 3976 et
1574 3927 1776 3979 onerati
1798 3927 1946 3980 estis.
1974 3928 2122 3983 Unde

577 4005 670 4058 nisi
703 4009 928 4061 sarcinis
953 4021 1286 4076 peccatomm
1317 4028 1380 4065 ex
1414 4016 1920 4083 transgressionibus
1960 4019 2122 4087 legis?

567 4096 831 4160 Quoniam
856 4099 937 4152 lex
964 4101 1275 4154 subintravit
1306 4113 1360 4154 ut
1386 4105 1675 4158 abundaret
1697 4105 1968 4161 delictum.
1994 4109 2122 4164 Cum

578 4202 701 4254 ergo
733 4189 844 4255 ipse
871 4191 1026 4242 etiam
1056 4190 1180 4243 alibi
1212 4192 1348 4245 dicat
1377 4232 1391 4254 ,
1425 4193 1533 4246 Non
1570 4194 1686 4248 veni
1717 4210 1904 4251 vocare
1929 4198 2123 4266 justus,

581 4278 672 4330 sed
729 4290 1051 4345 peccatores,
1104 4284 1366 4348 qumnodo
1397 4283 1438 4336 si
1471 4300 1571 4336 nun
1604 4287 1830 4339 venisset
1854 4299 2124 4355 peceatum

580 4382 680 4420 non
714 4367 1006 4420 haberent?
1030 4369 1128 4421 nisi
1162 4371 1279 4437 quia
1313 4371 1408 4424 ista
1435 4377 1693 4426 sententia
1725 4389 1822 4429 nec
1852 4377 2122 4430 universa-

2208 1853 2361 1918 bum,
2393 1853 2486 1908 sed
2524 1853 2789 1922 quoddam
2840 1852 3098 1925 [verbum]
3143 1853 3432 1922 intelligere
3477 1852 3745 1906 debemus.

2207 1945 2336 1998 Nam
2366 1956 2420 1998 et
2448 1945 2548 1998 hoc
2572 1946 2740 2009 ipsum
2767 1944 2908 2011 quod
2929 1944 3030 2009 ait,
3062 1944 3288 2011 Spiritus
3317 1952 3489 1995 autem
3511 1941 3743 2008 blasphe~

2209 2032 2312 2085 mia
2345 2047 2448 2086 non
2483 2033 2693 2087 remitte
2722 2049 2803 2097 ur,
2837 2035 3014 2102 utique
3046 2048 3149 2086 non
3177 2033 3350 2084 omnis
3388 2031 3623 2099 spiritus,
3660 2031 3746 2082 sed

2207 2125 2429 2193 Spiritus
2483 2125 2652 2178 sancti
2702 2124 3081 2190 blaSphemiam
3115 2137 3332 2176 necesse
3370 2132 3451 2175 est
3489 2119 3740 2186 intelliga-

2211 2227 2346 2266 mus.
2377 2212 2527 2278 Quod
2553 2214 2650 2267 etsi
2685 2213 2891 2280 planius
2932 2213 3057 2266 alibi
3113 2227 3217 2265 non
3249 2209 3469 2272 diceret,
3510 2209 3626 2278 quis
3649 2219 3743 2260 tam

2209 2318 2396 2357 vecors
2437 2313 2578 2357 esset
2626 2312 2680 2355 ut
2721 2296 2861 2356 aliud
2907 2302 3258 2370 inte'ligeret?
3299 2300 3592 2354 Secundum
3623 2300 3742 2350 hanc

2211 2395 2445 2463 regulam
2499 2393 2782 2448 locutionis
2832 2401 2885 2448 et
2921 2394 3056 2447 aliud
3100 2392 3272 2464 [illud]
3315 2392 3570 2460 accipitur
3601 2409 3614 2444 :
3645 2390 3741 2443 Risi

2210 2486 2328 2550 quis
2351 2494 2564 2538 renatus
2582 2484 2757 2548 fuerit,
2791 2486 2864 2539 Ex
2894 2500 3026 2553 aqua
3051 2495 3103 2540 et
3131 2486 3351 2554 Spiritu.
3383 2484 3492 2538 Non
3516 2485 3650 2538 enim
3677 2482 3741 2536 ait

2214 2573 2306 2636 ibi,
2339 2575 2400 2626 Et
2423 2573 2618 2641 Spiritu
2647 2585 2848 2636 sancto,
2874 2585 2926 2628 et
2954 2585 3129 2629 tamen
3161 2575 3259 2628 hoc
3288 2573 3612 2644 intelligitur.
3647 2573 3740 2626 Nec

2209 2666 2457 2730 quoniam
2487 2664 2636 2732 dixit,
2668 2663 2742 2718 Ex
2773 2680 2907 2734 aqua
2935 2674 2989 2718 et
3016 2664 3238 2732 Spiritu,
3283 2681 3489 2718 onmem
3517 2664 3737 2732 spiritum

2211 2753 2487 2820 quisquam
2530 2754 2821 2824 inti-lligere
2859 2755 3083 2822 cogitur.
3127 2755 3383 2821 Quocirca
3426 2771 3539 2809 cum
3579 2754 3736 2817 audis,

2214 2843 2440 2910 Spiritus
2465 2853 2640 2898 autem
2665 2845 2994 2914 blasphemia
3017 2861 3118 2900 non
3147 2848 3463 2911 remittetur,
3495 2849 3620 2900 sicut
3645 2862 3735 2898 nou

2213 2945 2421 2984 omnem
2443 2931 2707 2999 spiritum,
2725 2931 2796 2985 ita
2823 2947 2924 2986 non
2948 2935 3118 2987 omnis
3140 2935 3356 3003 spiritus
3381 2933 3620 3008 blasphen
3643 2935 3731 2985 iam

2191 3030 2421 3088 ‘oportet
2443 3020 2685 3089 accipias.
2702 3022 2896 3076 Audire
2913 3022 3019 3091 jam
3044 3023 3178 3076 velle
3195 3037 3294 3088 vos
3315 3023 3484 3084 video,
3506 3023 3730 3088 ("10"le

2217 3126 2320 3162 non
2348 3121 2432 3164 est
2458 3112 2649 3173 omnis,
2698 3125 2937 3179 quaenam
2968 3115 3037 3165 sit
3063 3113 3147 3165 illa
3180 3113 3502 3179 blasphemia
3525 3111 3729 3180 Spiritus

2217 3215 2332 3269 qua:
2369 3215 2471 3253 non
2501 3199 2832 3266 remittetur;
2871 3211 2925 3254 et
2959 3201 3096 3270 quod
3141 3201 3212 3255 sit
3249 3204 3484 3266 verbum,
3512 3204 3729 3269 quoniam

2217 3305 2322 3345 non
2348 3299 2430 3345 est
2458 3305 2635 3356 omne,
2659 3290 2798 3359 quod
2829 3292 2873 3345 si
2895 3291 3088 3346 dictum
3113 3291 3271 3346 fuerit
3294 3301 3477 3346 contra
3501 3290 3727 3358 Spiritum

2217 3391 2454 3436 sanctum
2477 3423 2491 3446 ,
2528 3398 2628 3436 non
2661 3381 2953 3439 remittetur
2978 3396 3143 3448 neque
3177 3382 3228 3435 iu
3259 3381 3358 3435 hoc
3379 3382 3564 3436 saeculo
3584 3390 3731 3446 neque

2219 3473 2270 3526 in
2300 3471 2490 3525 futuro.
2521 3471 2636 3526 Jam
2681 3480 2733 3525 et
2773 3485 2870 3540 ego
2910 3474 3033 3525 olim
3067 3473 3298 3527 dicerem
3328 3473 3530 3544 [vellem
3559 3464 3731 3534 dicere]

2220 3564 2358 3632 quod
2385 3564 2734 3618 intentissime
2779 3564 3099 3631 exspectatis
3131 3563 3357 3628 audire;
3404 3563 3491 3617 sed
3539 3561 3730 3614 tolerate

2221 3657 2515 3723 aliquantas
2568 3655 2784 3723 majoris
2836 3654 3121 3723 diligentias
3174 3670 3373 3718 moras,
3427 3655 3584 3708 donec
3607 3650 3728 3719 adju-

2221 3753 2378 3797 vante
2429 3743 2649 3797 Domino
2696 3751 2861 3797 totum
2904 3743 3040 3811 quod
3073 3745 3298 3797 occurrit
3330 3742 3609 3808 expediam.
3644 3737 3728 3794 Alii

2221 3833 2412 3900 quippe
2437 3831 2541 3884 duo
2566 3831 2904 3899 evangelista:
2925 3832 3130 3886 Marcus
3151 3840 3205 3886 et
3225 3831 3415 3894 Lucas,
3438 3846 3550 3887 cum
3572 3831 3632 3884 de
3648 3828 3727 3880 hac

2224 3934 2281 3974 re
2305 3921 2670 3988 loquerentur,
2698 3935 2799 3972 non
2821 3920 3087 3986 dixerunt,
3112 3921 3506 3990 blasphemiam,
3529 3935 3614 3974 seu
3633 3931 3727 3970 ver-

2224 4010 2368 4073 bum,
2398 4019 2454 4062 ut
2477 4009 2893 4077 intelligeremus
2917 4026 3019 4064 non
3047 4026 3256 4064 omnem
3281 4011 3636 4077 blasphemiam
3655 4005 3728 4058 sed

2224 4099 2527 4166 quamdam,
2579 4112 2677 4152 nec
2710 4100 2928 4153 verbum
2959 4114 3146 4164 omne,
3193 4100 3285 4154 sed
3316 4101 3586 4173 quoddam.
3624 4097 3727 4162 Quia

2225 4203 2353 4257 ergo
2375 4203 2481 4242 non
2512 4197 2685 4257 potest
2713 4190 2890 4244 omnis
2918 4190 3156 4259 interligi,
3187 4205 3254 4245 ne
3282 4192 3509 4260 paganis,
3550 4189 3727 4245 Judaeis.

2230 4277 2495 4332 hmreticis
2516 4280 2767 4346 omnique
2796 4279 3064 4333 hominum
3097 4279 3278 4349 generi
3310 4281 3400 4348 qui
3438 4279 3639 4332 diversis
3663 4289 3724 4326 er-

2230 4368 2434 4422 roribus
2455 4376 2509 4422 et
2535 4368 3038 4422 contradictionibus
3064 4370 3173 4422 suis
3192 4368 3563 4438 blasphemaut
3597 4363 3726 4431 Spiri‘

581 4455 696 4508 liicr
727 4470 821 4508 nec
855 4454 1263 4522 partit-utariter,
1304 4459 1396 4512 sed
1439 4457 1710 4514 indeliuite
1751 4465 2080 4528 pronuntiata
2107 4505 2122 4530 ,
2153 4437 2204 4497 D
2231 4467 2337 4511 tum
2365 4469 2638 4520 sanctum,
2680 4471 2826 4526 spem
2859 4456 3213 4519 remissionis,
3245 4458 3288 4510 si
3321 4472 3379 4510 se
3424 4452 3723 4508 correxerint.

582 4563 683 4599 non
709 4562 864 4600 omne
890 4559 1155 4613 peccatum
1178 4550 1315 4616 cogit
1342 4550 1592 4617 intelligi?
1613 4551 1716 4605 Sed
1743 4552 1893 4618 plane
1914 4553 2009 4605 nisi
2035 4554 2127 4606 ali-

583 4635 714 4702 quod
742 4649 1009 4703 peccaium
1054 4635 1484 4700 intellexerimus,
1541 4639 1677 4706 quod
1717 4655 1818 4692 non
1871 4640 2129 4695 lial.erent

587 4721 680 4773 nisi
704 4722 940 4775 Christus
968 4723 1199 4776 venisset
1230 4733 1282 4778 et
1331 4725 1534 4779 locutus
1580 4727 1659 4780 eis
1684 4727 1888 4789 luisset.
1919 4729 2124 4792 falsam,

585 4811 720 4878 quod
763 4811 918 4875 absit,
964 4816 1279 4865 sententiam
1323 4828 1442 4866 esse
1489 4815 1722 4870 dicemus
1771 4816 2128 4887 [diceremus].

588 4893 698 4952 Non
723 4914 845 4966 ergo
875 4903 964 4962 ait,
994 4902 1046 4953 Si
1075 4916 1174 4953 non
1200 4904 1458 4955 venissem
1482 4914 1532 4956 et
1562 4904 1763 4974 locuzus
1795 4906 1872 4958 eis
1895 4906 2129 4968 fuissem,

589 4991 788 5042 nullum
824 5001 1088 5055 peceatqu
1134 4993 1421 5057 haberi-ut,
1455 5008 1520 5046 ne
1553 4993 1753 5046 Veritas
1793 4999 2128 5060 mentiretur;

588 5096 681 5134 nec
707 5096 884 5133 rursus
914 5079 1127 5133 delinite
1150 5082 1278 5133 dixit
1305 5123 1317 5143 ,
1348 5083 1402 5136 Si
1431 5098 1532 5135 non
1571 5084 1828 5136 venissem
1856 5096 1908 5137 et
1931 5087 2132 5140 locutus

589 5170 662 5221 eis
695 5168 933 5230 l‘uis~em,
976 5167 1237 5236 quoddam
1284 5181 1550 5237 peccatum
1603 5188 1704 5224 non
1749 5173 2023 5238 haberent,
2065 5190 2133 5230 ne

591 5261 730 5327 pium
779 5260 1005 5312 studium
1052 5274 1152 5312 non
1207 5259 1438 5328 [parum]
1486 5275 1843 5317 exerceretur.
1896 5266 1949 5317 In
1993 5267 2134 5319 omni

589 5349 777 5415 quippe
833 5350 982 5416 capia
1030 5349 1429 5417 Scripturarum
1479 5365 1816 5422 sanctarum,
1867 5356 2133 5424 pascimur

588 5437 805 5504 apertis,
840 5451 1150 5491 exercemur
1188 5439 1450 5492 obscuris.
1481 5440 1624 5493 lllinc
1654 5443 1802 5495 fumis
1826 5445 2129 5511 expellitur,

592 5527 709 5577 hinc
736 5525 1012 5578 fastidium.
1039 5527 1170 5592 Quia
1199 5542 1324 5596 ergo
1361 5544 1463 5582 non
1493 5539 1574 5582 est
1602 5531 1819 5594 dictum,
1854 5533 2129 5586 l'eccatum

592 5617 785 5677 nullum
835 5617 1025 5672 habent
1076 5617 1396 5690 [haberent],
1455 5636 1555 5676 nou
1599 5624 1965 5690 perturbentur
2006 5640 2127 5679 cum

2231 4545 2552 4610 auferamus,
2579 4556 2740 4600 restat
2764 4546 2941 4615 utique
2968 4554 3023 4598 ut
3048 4546 3097 4597 in
3119 4559 3183 4598 eo
3212 4545 3349 4612 quod
3374 4544 3610 4609 scriptum
3633 4547 3724 4596 est.

2231 4640 2329 4707 Qui
2355 4639 2799 4708 blasphemaverit
2835 4640 2886 4692 in
2926 4638 3174 4706 Spiritum
3205 4649 3440 4690 sancuum
3481 4649 3574 4686 non
3600 4629 3722 4683 habet

2234 4730 2596 4783 remissionem
2641 4729 2691 4781 in
2735 4737 2989 4781 aeternum
3019 4768 3034 4791 ,
3079 4726 3167 4781 ille
3208 4727 3520 4792 intelligatur
3547 4723 3624 4790 qui
3647 4731 3722 4770 non

2233 4823 2376 4874 omni
2409 4821 2587 4884 modo,
2619 4820 2709 4872 sed
2733 4833 2798 4872 eo
2825 4817 2982 4871 modo
3008 4817 3466 4883 blaSpbemaverit,
3491 4825 3538 4866 ut
3562 4812 3606 4866 ei
3626 4822 3721 4861 sun-

2234 4925 2389 4979 quam
2423 4910 2588 4975 possit
2618 4908 2832 4973 ignost-i.
2879 4907 3027 4960 Sicut
3048 4905 3205 4959 enim
3238 4906 3287 4955 iu
3317 4918 3378 4956 eo
3403 4902 3532 4969 quod
3571 4903 3722 4951 dictum

2228 5010 2314 5054 est
2331 5041 2345 5064 ,
2371 4999 2506 5053 Deus
2530 4999 2789 5051 neminem
2806 5004 2987 5060 tentat,
3004 5010 3105 5048 non
3125 4994 3284 5056 omni,
3305 4993 3396 5046 sed
3419 4992 3624 5059 quodam
3642 4996 3722 5037 ten-

2237 5087 2449 5140 tationis
2484 5087 2639 5138 modo
2672 5085 2807 5139 Deus
2851 5083 3111 5136 neminem
3162 5089 3365 5135 tentare
3413 5073 3719 5145 intelligendui

2237 5184 2350 5237 est,
2383 5189 2449 5227 ne
2475 5172 2664 5226 falsum
2695 5173 2766 5224 sit
2793 5170 2918 5224 illud
2951 5171 3087 5236 quod
3121 5172 3381 5251 scriptum
3425 5176 3503 5223 est
3525 5207 3538 5231 ,
3575 5165 3718 5218 Tertia!

2239 5279 2332 5316 vos
2364 5263 2611 5316 Dominus
2637 5262 2772 5315 Deus
2805 5272 3002 5324 vester,
3035 5271 3086 5312 et
3117 5275 3181 5314 ne
3226 5259 3486 5312 Christum
3525 5261 3718 5319 negemus

2245 5354 2406 5405 Deum
2436 5354 2516 5406 vel
2547 5354 2781 5403 dicamus
2812 5350 2992 5402 falsum
3034 5348 3369 5415 Evangelium
3417 5347 3501 5398 ubi
3548 5343 3717 5409 legimus

2238 5442 2376 5508 quod
2425 5437 2589 5510 [quia]
2633 5439 2985 5507 interrogabat
3031 5438 3341 5505 discipulum
3383 5446 3574 5488 tentans
3612 5441 3714 5483 eum.

2243 5531 2354 5596 ipse
2381 5540 2552 5582 autem
2577 5530 2774 5580 sciebat
2795 5526 2917 5596 Quid
2944 5536 3084 5580 esset
3104 5525 3354 5579 facturus.
3389 5527 3475 5578 Est
3497 5524 3621 5580 enim
3637 5531 3715 5570 ten-

2244 5624 2368 5677 tatio
2389 5622 2649 5676 adducens
2676 5631 2966 5688 peccatum,
2997 5633 3097 5686 qua
3129 5618 3264 5674 Deus
3292 5619 3544 5673 neminem
3576 5616 3711 5666 tcum.
