3886 6224
574 299 672 353 71.7

1591 291 1652 343 Ι).
1694 288 2002 343 EUGYPPII
2041 286 2324 342 ABBATIS
2364 286 2676 341 AFRICANI

3667 293 3744 343 τω

574 424 629 467 et
649 425 896 478 tanquam
918 404 1373 475 tlesperatissimos
1393 402 1549 456 modo
1569 402 1812 462 damnas,
1833 410 2110 468 antequam
2146 405 2185 458 Α
2217 410 2318 447 non
2344 393 2660 458 remittetur,
2692 395 2810 463 quia
2842 396 2895 449 in
2917 394 3167 452 Trinitate
3194 396 3339 468 [Non
3371 413 3498 468 ergo
3536 415 3740 469 propter-

578 500 761 554 tiniant
783 500 934 551 istam
965 497 1119 554 vitam
1144 502 1305 560 agunt
1346 489 1549 564 [agant]
1583 491 1944 559 pmniteutiant
1969 501 2021 541 et
2044 489 2125 540 ἰ..-

576 591 787 643 veniunt
816 581 1128 659 [inveniant]
1173 598 1361 635 veram
1393 581 1586 635 vitam?
1633 579 1875 641 Proinde.
1911 579 2147 640 tratres,~

578 679 733 733 etiam
755 676 820 729 ad
848 675 947 727 hoc
967 689 1061 727 vos
1090 676 1372 727 admoneat
1398 672 1536 742 quod
1561 673 1634 725 ait
1661 670 1942 738 Apostolus
1977 685 1990 720 :
2024 668 2126 720 No-

576 768 665 820 lite
691 775 811 819 ante
833 773 1039 828 tempus
1069 763 1351 831 quidquam
1377 762 1634 831 judicare.
1676 759 1799 812 Haec
1841 759 1980 812 enim
2014 758 2126 809 bla-

580 857 816 921 sphemia
863 853 1093 922 Spiritus
1145 851 1232 907 cui
1280 867 1546 920 nunquam
1599 858 1683 906 est
1730 849 1835 902 ulla
1883 848 2129 902 remissio

579 950 755 1012 (quam
782 960 886 998 non
909 959 1142 1010 omnem,
1174 944 1265 997 sed
1294 941 1572 1011 quamdam
1602 939 1960 1007 intelligimus,
1984 953 2129 991 eam-

577 1050 678 1100 que
740 1017 1167 1100 perseverantem
1218 1032 1464 1085 duritiam
1513 1029 1691 1083 cordis
1744 1027 2130 1096 impmnitentis

577 1125 657 1176 vel
689 1124 939 1187 diximus,
971 1127 1051 1177 vel
1083 1122 1398 1181 invenimus,
1431 1120 1511 1171 vel
1552 1120 1709 1183 etiam
1739 1128 1990 1184 quantum
2015 1119 2125 1169 exi-

578 1214 875 1276 stimamus,
899 1212 1378 1278 ostendimus)‘non
1404 1217 1574 1276 potest
1603 1209 1654 1260 in
1682 1222 1970 1276 quoquam,
1991 1207 2129 1260 sicut

579 1304 827 1364 diximus,
886 1303 1010 1355 dum
1040 1303 1209 1354 adhuc
1257 1300 1308 1352 in
1365 1301 1461 1352 hac
1493 1300 1598 1351 vita
1622 1308 1724 1361 est,
1769 1297 2122 1361 deprehendi.

581 1394 733 1457 Quod
766 1408 867 1443 non
894 1391 1011 1446 ideo
1036 1391 1276 1444 videatur
1303 1389 1615 1450 absurdum,
1656 1385 1776 1454 quia
1805 1400 1922 1439 cum
1969 1386 2128 1438 homo

581 1497 743 1548 usque
774 1484 824 1534 in
850 1481 1004 1535 ﬁnem
1035 1480 1186 1547 hujus
1211 1480 1332 1532 vitat
1354 1480 1406 1532 in
1433 1478 1562 1531 dura
1593 1477 1979 1544 impaenitentia
2003 1490 2124 1542 per-

580 1583 850 1630 severans,
899 1569 989 1622 diu
1027 1569 1355 1634 multumque
1404 1567 1648 1633 loquatur
1697 1564 1951 1616 adversus
1991 1562 2125 1615 hanc

581 1662 801 1725 gratiam
826 1655 1054 1724 Spiritus
1081 1653 1273 1717 sancti,
1308 1653 1648 1721 Evangelium
1673 1660 1845 1704 tamen
1879 1662 1980 1704 tam
2015 1651 2127 1703 lon-

2225 498 2288 537 ea
2335 486 2633 552 quicunque
2667 483 2860 539 dixerit
2895 495 3077 539 contra
3107 487 3181 556 Sp
3203 489 3360 543 ritum
3391 501 3626 544 sanctum
3659 508 3740 544 non

2228 575 2522 630 remittetur
2557 573 2629 640 ei,
2660 574 2781 644 quia
2807 575 2858 627 in
2879 574 3157 647 Trinitate]
3188 580 3357 646 major
3381 590 3465 634 est
3490 580 3622 634 Filio
3643 580 3740 648 Spi-

2227 667 2358 720 ritus
2404 674 2636 730 sanctus,
2685 665 2825 734 quod
2871 667 3047 720 nullus
3096 683 3326 736 unquam
3362 673 3445 725 vel
3491 671 3745 724 bmretieus

2227 753 2359 806 dixit
2392 770 2404 802 :
2436 753 2530 808 sed
2579 754 2824 822 quoniam
2873 755 3112 823 quisquis
3160 759 3417 814 restiterit
3459 763 3660 813 veritati
3701 775 3742 815 et

2228 841 2666 909 blaspltemaverit
2701 844 2997 908 veritatem,
3021 845 3158 913 quod
3187 857 3269 902 est
3306 845 3569 915 Christus,
3607 852 3742 903 etiam

2229 939 2348 996 post
2376 939 2572 985 tantam
2590 933 2667 985 sui
2687 933 3111 1000 praedicationem
3133 937 3270 1002 apud
3298 937 3742 1002 bomines,ut\’er-

2230 1018 2350 1071 lium
2383 1034 2508 1072 caro
2537 1021 2687 1075 ﬁeret
2726 1030 2780 1074 et
2826 1022 3087 1076 habitaret
3112 1023 3164 1075 itt
3191 1024 3344 1078 nobis
3367 1067 3383 1092 ,
3409 1030 3550 1094 quod
3573 1037 3649 1082 est
3671 1029 3742 1081 Fi-

2227 1107 2328 1164 lius
2359 1108 2584 1162 hominis
2610 1108 2746 1163 idem
2773 1110 2886 1177 ipse
2912 1111 3178 1176 Christus,
3221 1113 3265 1165 si
3294 1129 3400 1167 non
3422 1117 3613 1169 dixerit
3639 1133 3737 1170 ver-

2237 1199 2357 1255 bum
2389 1199 2516 1254 illud
2535 1199 2710 1254 cordis
2729 1201 3103 1269 impaenitentis
3125 1212 3311 1256 contra
3335 1203 3586 1272 Spiritum
3608 1221 3738 1261 sanc-

2230 1295 2336 1338 tum
2351 1287 2534 1355 dequo
2549 1288 2744 1340 dictum
2765 1299 2866 1356 est,
2883 1290 2980 1354 Qui
3013 1305 3116 1345 non
3142 1305 3354 1347 renatus
3376 1292 3607 1349 fueritex
3629 1312 3740 1365 aqua

2227 1384 2278 1425 et
2309 1375 2528 1442 Spiritu,
2560 1376 2696 1430 etde
2721 1391 2824 1444 quo
2853 1378 2978 1430 item
3012 1378 3207 1432 dictum
3238 1389 3340 1446 est,
3385 1383 3616 1450 Accipite
3641 1387 3738 1452 Spi-

2228 1465 2383 1519 ritum
2416 1477 2676 1532 sauctum,
2705 1468 2750 1521 si
2780 1469 2863 1521 cui
2894 1468 3198 1524 dimiseritis
3230 1482 3464 1538 peccata,
3495 1475 3736 1528 dimittun-

2228 1566 2313 1608 tur
2340 1556 2433 1619 illi,
2489 1557 2538 1608 id
2570 1566 2652 1610 est
2693 1557 2738 1611 si
2776 1558 3077 1625 pmnituerit
3103 1573 3245 1625 eum,
3293 1562 3515 1629 accipiet
3545 1577 3632 1630 per
3659 1563 3736 1615 hoc

2225 1645 2419 1702 donum
2461 1646 2824 1700 remissionem
2859 1648 3092 1702 omnium
3136 1658 3492 1714 peccatorum,
3532 1652 3673 1704 simul
3697 1664 3738 1704 rt

578 1763 695 1814 gain
751 1746 1219 1802 contradicionem
1278 1743 1451 1797 cordis
1505 1740 1910 1809 impmnitentis,
1971 1740 2118 1807 quasi
2154 1739 2196 1796 Β
2226 1737 2400 1804 hujus,
2445 1737 2584 1804 quod
2623 1736 2837 1791 verbum
2878 1737 3009 1796 dixit
3050 1748 3235 1793 contra
3283 1739 3471 1794 Filium
3516 1743 3731 1804 hominis,

585 1842 743 1890 breve
770 1835 978 1904 aliquod
1003 1835 1219 1888 verbum
1242 1831 1544 1899 appeUavit,
1567 1830 1750 1885 dicens
1775 1846 1789 1882 :
1814 1830 2122 1896 Quicunque

580 1926 775 1979 dixerit
803 1925 1019 1978 verbum
1051 1935 1232 1978 contra
1261 1921 1449 1974 Filium
1473 1921 1700 1974 hominis
1726 1921 2025 1974 remittetur
2053 1920 2121 1982 ei,

582 2013 672 2079 qui
702 2026 875 2068 autem
906 2013 1102 2069 dixerit
1144 2021 1328 2065 contra
1356 2009 1614 2078 Spiritum
1644 2016 1883 2064 sanctum
1916 2024 2017 2062 non
2049 2023 2127 2061 re-

585 2105 820 2157 mittetur
841 2103 889 2158 ei
918 2117 1087 2170 neque
1113 2102 1164 2155 in
1197 2103 1296 2155 hoc
1319 2101 1512 2156 saeculo
1538 2114 1706 2166 neque
1723 2100 1772 2152 in
1792 2098 1981 2152 futuro.
2004 2099 2126 2152 Haec

582 2194 720 2246 enim
747 2195 983 2260 quamvis
1007 2192 1202 2257 prolixa
1228 2193 1295 2242 sit
1320 2199 1371 2242 et
1417 2189 1654 2258 plurimis
1686 2187 1859 2240 verbis
1883 2196 2126 2240 contexta

584 2294 631 2334 et
655 2281 902 2348 producta
932 2279 1147 2345 blasphe
1173 2299 1182 2328 ι
1207 2279 1276 2341 ia,
1302 2275 1437 2329 solet
1466 2285 1640 2328 tamen
1677 2274 1945 2342 Scriptura
1969 2274 2124 2327 etiam

583 2370 742 2420 ir-nlta
771 2372 928 2422 verba
957 2369 1172 2420 verbum
1200 2365 1484 2432 appellare.
1508 2364 1692 2432 Neque
1735 2363 1873 2416 enim
1924 2362 2127 2432 [unum]

583 2459 794 2512 verbum
822 2458 1027 2509 lac-ntus
1050 2466 1129 2509 est
1152 2455 1454 2523 quicunque
1483 2451 1756 2520 pr0pheta,
1781 2459 1835 2504 et
1856 2460 2026 2502 tamen
2052 2450 2128 2502 sic

581 2553 770 2618 legitur
796 2568 808 2601 :
840 2550 1062 2603 Verbum
1091 2546 1232 2615 quod
1263 2546 1453 2598 factum
1493 2552 1574 2597 est
1600 2542 1665 2595 ad
1697 2542 1842 2595 illum
1868 2542 1948 2592 vel
1979 2541 2126 2594 illum

583 2640 912 2707 prophetam.
988 2638 1052 2689 Et
1118 2635 1421 2701 Apostolus,
1499 2633 1836 2701 Presbyteri,
1910 2631 2122 2698 inquit,

581 2728 773 2795 duplici
845 2727 1045 2779 honore
1123 2723 1467 2783 houurentur,
1547 2719 1777 2773 maxime
1846 2718 1934 2787 qui
1984 2717 2129 2776 labo-

583 2826 699 2869 rant
724 2816 774 2868 in
797 2818 956 2868 verho
982 2821 1034 2866 et
1082 2811 1344 2876 doctrina,
1393 2825 1496 2862 non
1538 2809 1610 2861 ait
1650 2809 1703 2862 in
1736 2808 1932 2870 verbis,
1958 2807 2052 2862 sed
2077 2808 2129 2860 in

583 2907 773 2970 verbo;
805 2916 855 2958 et
881 2912 1092 2956 sanctus
1119 2901 1347 2955 lacubus
1381 2918 1395 2952 :
1428 2899 1631 2962 Estote,
1687 2899 1871 2966 inquit,
1907 2897 2130 2952 factores

580 2995 748 3057 verbi,
771 3002 826 3046 et
848 3008 950 3045 non
974 2990 1242 3044 auditores
1259 2997 1489 3052 tantum;
1519 3002 1618 3043 non
1641 2987 1712 3040 ait
1732 2997 1781 3040 et
1805 2988 1919 3055 ipse
1946 2987 2130 3040 verbo-

2224 1824 2343 1891 quia
2375 1832 2587 1892 peccato
2627 1825 2949 1892 ignorantia,
2999 1828 3110 1883 sive
3145 1832 3511 1896 contumaciae,
3555 1829 3631 1884 vel
3665 1845 3736 1883 cu-

2219 1913 2513 1980 juscunque
2554 1913 2914 1980 blasphemiae,
2956 1929 3060 1972 non
3108 1916 3310 1971 addidit
3355 1931 3620 1986 peccatum
3656 1918 3733 1970 in-

2225 2000 2567 2068 paauitentiae,
2609 2010 2788 2057 contra
2811 2003 3005 2068 denum
3031 2004 3121 2058 Dei
3152 2015 3204 2059 et
3231 2007 3454 2074 gratia-tt
3485 2021 3730 2073 regenera-

2227 2092 2383 2146 tionis
2398 2090 2478 2146 vel
2499 2090 2946 2153 reconciliationis
2966 2107 3079 2158 qua:
3101 2093 3157 2144 iit
3174 2093 3224 2146 in
3254 2094 3488 2149 Ecclesia
3508 2097 3555 2148 in
3569 2095 3734 2161 Spiritu

2224 2188 2425 2232 sancto.
2456 2178 2681 2232 Proinde
2715 2194 2810 2232 nec
2836 2181 2959 2233 illud
2990 2182 3320 2238 sentiendum
3345 2195 3445 2250 est,
3489 2188 3615 2254 quod
3643 2191 3731 2254 qui-

2226 2271 2342 2323 dam
2373 2279 2574 2339 putant,
2598 2269 2715 2324 ideo
2736 2272 2932 2323 remitti
2954 2275 3167 2330 verbum
3197 2275 3336 2341 quod
3368 2276 3556 2329 dicitur
3581 2288 3731 2329 contu

2228 2359 2417 2412 Filium
2442 2358 2694 2422 hominis,
2725 2373 2827 2412 non
2849 2362 3041 2413 remitti
3064 2373 3238 2415 autem
3261 2363 3400 2430 quod
3430 2365 3612 2417 dicitur
3632 2379 3731 2418 con-

2227 2460 2308 2502 tra
2336 2450 2584 2517 Spiritum
2623 2462 2884 2515 sanctum,
2922 2452 3043 2518 quia
3074 2462 3286 2518 propter
3313 2463 3601 2522 susceptam
3633 2469 3729 2507 car-

2227 2555 2343 2595 nem
2377 2539 2546 2592 factus
2580 2549 2660 2594 est
2699 2539 2863 2592 Filius
2898 2539 3125 2594 hominis
3153 2540 3428 2607 Christus,
3468 2559 3563 2612 qua
3601 2559 3732 2597 carne

2227 2631 2404 2696 utique
2444 2628 2610 2696 major
2653 2637 2733 2682 est
2772 2628 2996 2696 Spiritus
3040 2640 3285 2698 sanctus,
3331 2635 3418 2700 qui
3472 2635 3729 2688 substantia

2228 2719 2435 2786 propria
2461 2717 2676 2786 mqualis
2702 2724 2780 2768 est
2803 2718 2938 2773 Patri
2964 2725 3016 2773 et
3043 2719 3308 2786 unigenito
3325 2719 3459 2772 Fitio
3480 2724 3729 2776 secundum

2227 2806 2341 2874 ejus
2368 2807 2715 2872 divinitatem,
2747 2809 3032 2864 secundum
3064 2825 3219 2877 quam
3247 2822 3301 2862 et
3327 2810 3437 2877 ipse
3467 2812 3733 2879 unigenitus

2229 2895 2393 2950 Filius
2415 2897 2628 2964 aequalis
2648 2907 2727 2952 est
2748 2897 2887 2950 Patri
2911 2906 2963 2951 et
2988 2896 3208 2964 Spiritui
3231 2910 3433 2953 sancto.
3450 2900 3570 2952 Nam
3596 2903 3630 2952 si
3652 2899 3730 2950 hoc

2230 2996 2500 3052 prepterea
2548 2984 2741 3040 dictum
2783 2996 2953 3049 esset,
3003 2984 3238 3053 profecto
3278 2987 3345 3040 de
3389 2989 3526 3041 omni
3572 2997 3730 3039 cetera

582 3099 696 3137 rum
714 3083 807 3135 scd
827 3080 994 3145 verbi,
1010 3079 1250 3148 quamvis
1272 3087 1373 3131 tam
1401 3077 1560 3129 multa
1581 3075 1738 3130 verba
1757 3077 1823 3129 de
1844 3076 2127 3142 Scripturis
2152 3064 2198 3128 C
2231 3073 2549 3140 blasphemia
2576 3083 2857 3136 taceretur,
2894 3085 2948 3128 ut
2975 3074 3088 3128 haec
3126 3076 3235 3128 sola
3268 3077 3590 3129 remissibilis
3612 3076 3731 3127 ride-

583 3173 689 3241 ’19
727 3172 921 3225 sanctis
958 3169 1010 3224 in
1045 3167 1266 3222 ecclesia
1306 3166 1586 3223 celebriter
1614 3174 1668 3218 et
1711 3165 2018 3219 solemuiter
2051 3165 2128 3219 le-

583 3273 790 3330 guntur,
822 3261 1082 3323 dicantur,
1129 3257 1429 3310 audiantur.
1463 3255 1608 3310 Sicut
1638 3270 1762 3323 ergo
1792 3263 2123 3324 quantocun-

584 3367 684 3419 que
714 3361 948 3414 tetnpore
976 3349 1212 3418 quisquis
1253 3357 1488 3403 nostrum
1517 3349 1568 3400 in
1603 3347 1931 3414 prmdicando
1956 3347 2126 3399 Evan-

585 3442 721 3509 gulio
759 3440 1088 3502 laboraverit,
1135 3453 1238 3491 non
1285 3436 1586 3501 verborum,
1633 3435 1724 3489 sed
1753 3436 1893 3490 verbi
1940 3435 2129 3488 dicitur

588 3528 941 3594 prmdicator;
982 3536 1034 3587 et
1063 3536 1466 3594 quantocunque
1493 3534 1728 3590 tempore
1766 3524 2002 3591 quisquis
2044 3539 2133 3578 ve-

586 3628 752 3670 strum
800 3624 1034 3669 nostram
1078 3614 1501 3677 prmdieationem
1545 3613 1823 3680 diligenter
1863 3622 2019 3679 atque
2055 3611 2132 3686 in-

587 3716 786 3759 stanter
821 3704 1066 3769 andierit,
1100 3720 1201 3757 non
1231 3707 1534 3767 verborum,
1577 3703 1668 3756 sed
1709 3702 1850 3758 verbi
1889 3703 2130 3756 audiendi

588 3795 1007 3849 studiosissimus
1054 3803 1425 3860 nuncupatur:
1457 3793 1529 3844 ita
1560 3806 1625 3845 eo
1667 3806 1812 3846 more
1851 3807 1953 3857 quo
1994 3791 2133 3844 Scri-

590 3896 740 3952 ptura
767 3883 1015 3952 loquitur,
1035 3891 1087 3936 et
1109 3898 1224 3951 qua:
1248 3882 1387 3934 novit
1411 3881 1765 3935 ecclesiastica
1791 3880 2132 3941 consuetudo,

590 3976 827 4043 quisquis
882 3976 1122 4028 universa
1184 3987 1275 4024 sua
1315 3973 1421 4023 vita
1476 3985 1576 4039 qua
1649 3970 1799 4023 istam
1850 3970 1982 4037 gerit
2023 3984 2134 4020 car—

594 4079 736 4128 nem,
777 4063 1100 4129 quantalibet
1144 4061 1468 4129 longitudine
1500 4059 1859 4126 protendatur,
1892 4073 2136 4126 un‘cun-

591 4167 690 4217 qne
720 4152 879 4204 verba
913 4152 995 4202 vel
1037 4165 1150 4211 ore,
1181 4151 1261 4203 vel
1295 4150 1403 4202 sola
1433 4147 1754 4217 cogitatione
1793 4149 1997 4200 locutus
2030 4148 2136 4199 fue-

593 4243 659 4293 rit
688 4239 849 4293 corde
896 4239 1244 4308 intprenitenti
1284 4247 1468 4291 contra
1500 4238 1861 4292 remissionem
1895 4247 2135 4312 peceato-

592 4351 706 4393 rttm
739 4351 853 4400 qua:
886 4335 938 4388 [lt
973 4336 1020 4387 in
1057 4335 1314 4396 Ecclesia,
1347 4333 1562 4386 verbum
1593 4332 1720 4384 dicit
1757 4342 1938 4382 contra
1970 4331 2136 4395 Spiri-

2233 3173 2378 3217 retur
2400 3179 2512 3231 quae
2535 3173 2717 3217 contra
2762 3165 2948 3218 Filium
2977 3164 3205 3218 hominis
3234 3164 3443 3228 dicitur,
3471 3166 3607 3233 quasi
3634 3179 3729 3218 cum

2233 3255 2391 3307 homo
2440 3254 2584 3307 solus
2638 3262 2867 3321 putatur.
2931 3254 3058 3307 Cum
3111 3270 3236 3308 vero
3290 3257 3607 3322 praemissum
3657 3257 3727 3311 sit.

2229 3344 2396 3396 Omne
2421 3354 2687 3410 peccaturo
2707 3352 2758 3396 et
2779 3344 3100 3411 blasphemia
3128 3347 3422 3400 remittetur
3445 3345 3728 3402 hominibus,

2230 3433 2368 3501 quod
2391 3435 2548 3486 etiam
2570 3431 2704 3499 apud
2725 3432 2881 3484 alium
2906 3433 3278 3500 evangelistam
3305 3436 3372 3486 ita
3405 3435 3613 3500 positum
3646 3441 3728 3486 est.

2230 3522 2414 3576 Omnia
2443 3522 2767 3576 dimittenfur
2785 3521 2906 3574 filiis
2933 3522 3197 3575 hominum
3223 3532 3431 3589 peccata
3454 3532 3504 3575 et
3525 3521 3729 3585 blasphe-

2232 3613 2348 3665 mize
2397 3612 2582 3678 quibus
2634 3611 3136 3676 blasphemaverint;
3190 3612 3526 3677 proculdubio
3569 3620 3618 3663 et
3661 3609 3730 3657 illa

2235 3696 2554 3764 blasphemia
2585 3710 2701 3762 qua:
2728 3708 2904 3748 contra
2938 3694 3144 3749 Patrem
3173 3696 3386 3761 dicitur,
3428 3697 3517 3748 ista
3547 3707 3729 3764 genera.

2235 3789 2375 3838 litate
2415 3785 2764 3841 concluditur.
2795 3793 2846 3837 et
2878 3794 3049 3836 tamen
3093 3783 3206 3836 hate
3246 3785 3353 3838 sola
3399 3781 3730 3837 irremissibilis

2234 3874 2475 3927 delinitur
2503 3887 2618 3939 quae
2642 3871 2829 3924 dicitur
2855 3881 3035 3925 contra
3061 3870 3315 3938 Spiritum
3342 3855 3584 3924 sanctum;
3615 3870 3730 3922 Nun-

2234 3967 2482 4032 quidnam
2513 3974 2564 4016 et
2593 3963 2746 4018 Pater
2776 3963 2994 4018 turmam
3025 3963 3162 4015 servi
3192 3966 3428 4029 accepit,
3470 3976 3561 4029 qua
3595 3957 3730 4023 major

2235 4057 2302 4106 sit
2342 4055 2567 4120 Spiritus
2591 4054 2846 4106 sanans?
2873 4067 2974 4105 non
3007 4052 3216 4120 utique;
3248 4053 3338 4105 scd
3371 4053 3485 4105 ideo
3511 4060 3613 4119 post
3639 4049 3728 4100 uni-

2236 4145 2490 4196 versalem
2544 4146 3092 4196 commemorationem
3151 4146 3385 4195 onmium
3446 4152 3728 4209 peccatorum

2236 4234 2510 4297 omnisque
2537 4232 2889 4296 blasphemia,
2934 4232 3253 4284 eminentius
3280 4232 3441 4283 voluit
3480 4234 3731 4296 exprimeie

2244 4319 2613 4386 hl.tsphetniatn
2663 4332 2779 4383 quae
2819 4316 3008 4369 dicitur
3051 4327 3232 4369 contra
3286 4316 3470 4369 Filium
3520 4316 3725 4369 hominis,

594 4443 700 4484 tum
732 4437 990 4482 sanctum.
1037 4425 1161 4478 Ideo
1190 4432 1362 4476 autem
1407 4436 1509 4475 non
1546 4421 1716 4474 solum
1745 4419 1959 4472 verbum
2001 4418 2130 4485 quod

2242 4409 2357 4472 quia
2406 4405 2609 4460 etiamsi
2653 4406 2743 4458 illo
2799 4413 3010 4470 peccato
3055 4404 3246 4458 fuerint
3286 4407 3516 4459 homines
3555 4399 3727 4466 obligati

593 4524 786 4574 dctum
843 4518 996 4571 fuerit
1047 4523 1228 4568 contra
1286 4512 1475 4565 Filium
1524 4511 1785 4572 hominis,
1840 4508 1929 4561 sed
1984 4523 2137 4559 omne

597 4622 810 4674 prorsus
855 4614 1121 4674 peccatum
1149 4613 1203 4657 et
1238 4601 1561 4668 blasphemia
1589 4600 1888 4652 remittetur
1918 4598 2142 4650 homini-

597 4704 690 4753 lius
723 4717 734 4750 :
767 4698 887 4763 quia
921 4697 1007 4748 uhi
1032 4696 1127 4747 hoc
1151 4700 1422 4762 peccatum
1447 4705 1551 4742 non
1583 4687 1736 4743 fuerit
1762 4687 1934 4740 cordis
1959 4688 2140 4747 impae-

595 4788 811 4842 nitentis
853 4793 1034 4837 contra
1082 4781 1332 4846 Spiritutn
1374 4787 1635 4840 sanctum,
1675 4791 1779 4842 quo
1810 4777 1859 4827 itt
1909 4774 2138 4825 Ecclesia

598 4885 807 4941 peccata
839 4873 1138 4931 solvuntur,
1160 4878 1345 4923 cuncta
1370 4868 1472 4920 alia
1500 4867 1848 4919 dimittuntur.
1872 4865 2140 4928 Quomodo

596 4973 767 5016 autem
810 4963 908 5015 hoc
948 4958 1243 5010 remittetur
1288 4951 1638 5027 [dimittitur],
1674 4953 1811 5019 quod
1858 4955 2012 5003 etiam
2058 4966 2137 5002 rc-

598 5055 897 5105 tuissinnem
930 5045 1146 5116 impedit
1179 5045 1435 5098 aliorum?
1482 5042 1670 5096 Omnia
1713 5054 1836 5109 ergo
1867 5039 2139 5092 dimittun-

598 5153 680 5193 tur
710 5142 807 5202 eis,
839 5140 889 5192 in
921 5138 1111 5206 quibus
1138 5136 1235 5188 hoc
1265 5147 1366 5187 non
1391 5141 1471 5186 est
1499 5131 1636 5200 quod
1665 5147 1768 5183 nun
1791 5144 1926 5193 mam
1960 5130 2136 5181 dimit-

599 5241 648 5283 te
678 5245 767 5293 ur;
790 5230 838 5280 in
869 5231 1056 5295 quibus
1081 5235 1252 5278 autem
1275 5232 1376 5288 cst,
1402 5225 1643 5291 quoniam
1668 5224 1765 5276 hoc
1787 5235 2047 5287 nunquam
2072 5220 2142 5270 di-

599 5319 820 5371 mittitur
843 5331 936 5368 nec
963 5318 1062 5368 alia
1079 5314 1430 5373 dimittuntur,
1450 5313 1568 5379 quia
1593 5310 1867 5381 [omniuml
1901 5309 2140 5362 remissio

596 5409 807 5464 vinculo
830 5404 975 5458 istius
999 5404 1296 5469 impeditur.
1332 5403 1443 5455 Non
1472 5415 1594 5464 ergo
1623 5409 1895 5466 propterea
1923 5398 2137 5465 quicun-

596 5516 697 5566 que
723 5498 913 5550 dixerit
941 5494 1155 5547 verbum
1196 5503 1374 5546 contra
1419 5491 1603 5544 Filium
1647 5489 1869 5540 hominis
1905 5487 2137 5539 remitte-

600 5598 679 5638 tur
708 5586 777 5644 εἰ,
813 5587 897 5652 qui
939 5599 1109 5639 autem
1141 5585 1326 5636 dithit
1356 5593 1534 5634 contra
1577 5577 1824 5646 Spiritum
1869 5588 2132 5638 sanctum,

2242 4497 2375 4564 quod
2406 4493 2837 4548 commemoravit
2858 4495 2941 4547 ubi
2969 4495 3040 4546 ait
3073 4512 3085 4545 :
3118 4495 3169 4547 Si
3202 4510 3306 4547 non
3341 4496 3582 4551 venissem
3603 4500 3646 4543 ct
3671 4491 3727 4537 Ι-ι-

2240 4594 2387 4636 cutus
2435 4583 2512 4636 eis
2559 4581 2794 4642 fuiSsem,
2848 4591 3116 4649 peccatum
3162 4598 3265 4634 non
3313 4583 3549 4634 haberent
3579 4595 3589 4629 :
3617 4575 3725 4641 qunti

2240 4678 2395 4730 etiam
2434 4678 2482 4728 in
2519 4675 2801 4741 Evangelia
2828 4674 3114 4728 secundum
3146 4674 3424 4734 Joannem,
3451 4673 3582 4722 valde
3603 4683 3726 4735 gnte

2242 4765 2470 4816 ostendit
2491 4777 2605 4816 esse
2631 4771 2900 4829 peccatum
2932 4763 3014 4814 ubi
3036 4764 3108 4814 ait
3127 4763 3192 4814 de
3215 4762 3410 4829 Spiritu
3434 4767 3609 4816 sancto,
3633 4767 3724 4804 emit

2245 4869 2361 4905 eum
2389 4868 2444 4905 se
2477 4854 2759 4904 missurum
2782 4867 2899 4905 esse
2924 4853 3248 4917 promitteret
3275 4869 3288 4902 :
3317 4852 3405 4903 ille
3427 4857 3588 4915 arguet
3610 4860 3724 4896 num.

2245 4943 2366 4994 dum
2386 4943 2449 4994 de
2467 4951 2701 5008 peceato,
2716 4940 3071 5006 etdcjustitia,
3091 4952 3142 4992 et
3158 4943 3222 4993 de
3241 4941 3457 5007 judicio,
3475 4943 3532 4991 de
3552 4943 3723 5002 peccatu

2244 5033 2472 5100 quidem,
2505 5032 2641 5098 quod
2674 5047 2775 5082 non
2808 5031 3141 5084 crediderunt
3173 5030 3224 5082 in
3257 5046 3374 5092 me;
3400 5040 3556 5081 tamen
3583 5023 3618 5075 si
3646 5035 3721 5069 ut)"

2243 5124 2434 5175 dixerit
2462 5123 2547 5174 illa
2575 5123 2748 5173 cordis
2779 5121 3158 5188 itnpmnitentis
3187 5122 3376 5172 duritia
3409 5120 3597 5172 verbum
3622 5127 3716 5163 cun-

2247 5223 2320 5264 tra
2368 5213 2616 5279 Spiritttm
2644 5220 2901 5271 sanctum,
2943 5211 3099 5262 etiam
3148 5209 3245 5260 hoc
3284 5209 3419 5274 quod
3459 5207 3625 5257 dictum
3660 5204 3720 5247 est

2244 5314 2422 5355 contra
2455 5301 2637 5353 Filium
2665 5300 2888 5353 hominis
2927 5301 3245 5351 remittetur.
3294 5298 3383 5350 llic
3422 5295 3625 5348 fortassis
3648 5294 3716 5334 att-

2245 5394 2360 5459 qnis
2415 5393 2612 5458 quaerat
2663 5400 2835 5442 utrum
2891 5390 3254 5441 tantummodo
3301 5387 3515 5453 Spiritus
3555 5387 3718 5434 sancti»

2248 5491 2455 5548 peccata
2503 5482 2764 5540 remittat,
2805 5494 2868 5530 an
2906 5489 2958 5531 et
2991 5479 3141 5530 Pater
3170 5487 3220 5530 ct
3255 5477 3447 5529 Filius?
3489 5467 3711 5536 respoltii“

2246 5587 2361 5624 mus
2412 5570 2545 5637 quod
2579 5577 2628 5620 ct
2661 5567 2814 5621 Pater
2848 5577 2898 5621 ct
2937 5567 3099 5620 Filius
3143 5584 3155 5618 :
3205 5567 3313 5634 ipsc
3342 5565 3476 5620 enim
3515 5559 3644 5612 Filius
3668 5556 3715 5599 dt:
