3886 6224
74 335 167 405 ἱὲο

1215 321 1644 378 ’[ΙΙΙΞΞΛΙΣΗΕΞ.
1687 320 1837 375 CAP.
1879 319 2106 373 CXXIV.

3169 311 3270 364 750

67 420 220 500 ~l'atre
263 442 408 506 dit-it,
460 442 514 496 Si
550 438 856 494 dimiseritis
904 446 1113 506 peccata
1157 435 1480 498 hominibus,
1530 429 1608 483 di-
1638 435 1687 492 Α
1718 442 1820 484 tem
1854 432 2078 484 liliorum
2114 432 2201 483 Dei
2243 442 2294 485 et
2325 419 2678 485 meinhrormn
2725 430 2927 484 Christi
2960 429 3185 480 futuram
3215 426 3266 477 iu

73 536 231 588 mittet
255 533 401 586 vobis
429 531 528 600 [etl
552 530 704 583 Pater
735 537 908 582 vester
935 535 1144 594 peccata
1169 534 1374 586 vestra;
1398 520 1485 585 cui
1517 533 1618 572 nos

71 635 270 692 quoque
295 620 523 674 dicimus
553 620 604 670 in
633 617 872 670 oratione
901 615 1164 668 dominica
1191 637 1204 673 ;
1232 612 1386 666 Pater
1412 622 1612 673 noster,

70 716 152 780 qui
180 725 238 765 es
270 711 320 762 in
355 708 541 769 ctelis;
572 717 731 774 atque
775 706 911 759 inter
946 717 1135 757 caetera
1166 711 1217 756 et
1247 702 1345 754 hoc
1391 699 1618 766 petimus

73 803 320 858 dicentes,
374 797 589 850 ῡιηιῑιιο
633 794 785 849 ιιοὶιὶε
826 793 1001 847 debita
1049 803 1248 845 uOStra.
1293 789 1367 843 De
1400 803 1458 842 se
1507 789 1621 854 ipso

72 900 238 940 autem
272 886 344 938 ait
376 903 388 939 :
424 885 488 939 Ut
515 884 696 939 sciatis
724 883 861 950 quod
894 882 1051 936 habet
1079 881 1242 934 Filius
1270 877 1499 933 hominis
1529 893 1620 945 p0-

76 989 306 1032 tesutem
337 977 388 1030 in
413 989 552 1030 terra
573 973 874 1029 dimittendi
904 982 1135 1041 peccata.
1167 972 1221 1027 Si
1250 984 1400 1039 ergo,
1427 968 1619 1035 inquis,

75 1077 122 1119 et
152 1067 305 1120 Pater
332 1079 382 1118 et
416 1065 581 1119 Filius
620 1074 671 1118 et
693 1050 920 1131 Spiritus
953 1075 1169 1116 sanetus
1209 1071 1419 1136 peccata
1449 1058 1614 1110 dimit-

79 1168 206 1218 tunt,
237 1171 331 1210 cur
357 1156 443 1208 illa
475 1153 857 1222 imptnniteutia
887 1167 1001 1219 qua:
1031 1165 1295 1218 nunquam
1326 1148 1622 1201 dimittetur

81 1245 432 1300 tantummodo
474 1246 537 1298 ad
564 1244 794 1312 Spiritus
834 1233 1211 1310 blasphemiam
1243 1240 1436 1293 dicitur
1466 1236 1621 1304 perti-

81 1353 233 1400 nere,
278 1348 525 1405 tanquam
561 1335 650 1389 ille
686 1333 775 1401 qui
821 1332 920 1386 hoc
962 1328 1362 1398 impmuitentia:
1408 1335 1623 1393 peccato

85 1428 227 1480 inerit
251 1427 535 1494 obligatus,
566 1424 706 1478 dono
735 1422 902 1475 sancti
930 1420 1156 1494 Spiritus
1181 1417 1428 1472 resistere
1452 1414 1622 1466 ridea-

84 1527 181 1575 tur.
206 1516 347 1582 quod
378 1529 444 1569 eo
467 1516 606 1568 dono
636 1516 724 1566 hat
747 1489 987 1566 remissio
1015 1505 1382 1577 peccatorum?
1405 1504 1524 1556 ll.ee
1556 1504 1622 1556 ita

84 1607 317 1660 tiit'UlHUl’
347 1620 404 1662 ut
430 1618 605 1662 tamen
638 1603 1002 1673 inseparabilis
1032 1601 1354 1669 intelligatur
1389 1597 1626 1666 operatio

85 1696 369 1757 Trinitatis.
412 1698 481 1748 ita
524 1707 578 1748 ut
618 1711 737 1747 cum
769 1693 1005 1760 Operatio
1054 1690 1224 1743 Patris
1266 1687 1479 1749 dicitur,
1523 1700 1624 1738 nOn

88 1800 195 1837 eam
258 1785 374 1837 sine
428 1782 561 1835 Filio
615 1792 668 1834 et
724 1782 920 1848 Spiritu
972 1789 1154 1832 sancto
1217 1776 1420 1844 operari
1478 1774 1625 1826 intel-

91 1874 300 1937 ligatur.
355 1881 408 1923 et
457 1885 575 1922 cum
628 1868 865 1934 Operatio
919 1867 1078 1929 Filii,
1141 1881 1244 1918 non
1300 1863 1415 1917 sine
1479 1862 1632 1915 Patre

91 1974 137 2014 et
177 1961 372 2028 Spiritu
409 1973 614 2020 sancto,
661 1969 713 2011 et
755 1972 876 2010 cum
914 1954 1152 2024 Operatio
1191 1953 1413 2021 Spiritus
1442 1952 1628 2014 sancti,

94 2069 187 2105 non
231 2053 345 2106 sine
381 2050 532 2104 Patre
560 2060 612 2102 ct
652 2050 786 2102 Filio
819 2066 832 2102 :
861 2052 989 2103 satis
1018 2056 1198 2101 notum
1236 2057 1314 2098 est
1346 2054 1488 2099 recte
1514 2059 1630 2096 cn:-

95 2141 364 2202 dcutibus,
410 2141 488 2192 vel
528 2139 687 2193 etiam
730 2147 787 2190 ut
830 2148 1051 2206 possunt
1099 2137 1537 2207 iutelhgeutibus,
1583 2145 1638 2189 et

95 2230 209 2282 illud
241 2230 360 2282 ideo
394 2228 590 2279 dictum
631 2241 747 2280 esse
791 2226 857 2280 de
901 2227 1076 2292 Patre,
1132 2227 1247 2296 Ipse
1296 2226 1418 2279 facit
1451 2239 1632 2293 Opera,

96 2320 223 2387 quod
254 2321 321 2372 ab
356 2319 446 2372 illo
483 2318 553 2372 sit
577 2316 725 2384 origo
751 2317 910 2371 etiam
941 2329 1185 2384 operum,
1217 2332 1247 2368 a
1268 2329 1372 2382 quo
1412 2323 1494 2368 est
1527 2312 1637 2366 exi-

97 2408 276 2461 stentia
305 2412 703 2473 cOOperautiutn
746 2419 1111 2472 personarum,
1155 2404 1277 2473 quia
1306 2415 1359 2458 et
1385 2403 1550 2456 Filius
1573 2402 1638 2454 de

100 2497 180 2548 illo
220 2506 371 2547 natus
405 2503 504 2551 est.
552 2503 607 2546 et
647 2492 876 2559 Spiritus
917 2501 1130 2546 sanctus
1177 2490 1532 2560 principaliter
1571 2490 1638 2542 de

101 2586 182 2637 illo
225 2587 480 2654 procedit,
519 2584 586 2639 de
613 2598 719 2652 quo
759 2594 910 2638 natus
955 2597 1032 2638 est
1067 2584 1248 2648 Filius,
1283 2594 1336 2639 et
1379 2601 1497 2638 cum
1537 2597 1642 2650 quo

103 2674 166 2728 illi
195 2689 489 2728 communis
516 2686 597 2728 εει
627 2674 763 2728 idem
794 2675 1037 2728 Christus
1064 2674 1356 2746 [Spiritus].
1403 2677 1532 2729 llmc
1562 2687 1641 2729 est

103 2764 228 2828 quod
260 2764 512 2816 Dominus
542 2762 693 2817 Jcsus
720 2764 771 2815 in
801 2764 1000 2830 Spiritu
1031 2777 1215 2818 saneto
1237 2766 1504 2819 darmoncs
1547 2766 1642 2833 eji-

105 2853 184 2904 cit.
225 2852 402 2919 Neque
436 2852 576 2905 enim
616 2863 670 2906 et
701 2854 843 2905 solus
886 2855 985 2906 hoc
1018 2854 1238 2921 unplere
1265 2870 1368 2906 non
1417 2864 1644 2922 poterat.

106 2951 249 3006 atque
280 2940 399 2993 illud
425 2942 746 3008 adiutorium
781 2953 1028 3010 tanquam
1062 2943 1183 2996 huic
1212 2945 1359 3012 Operi
1403 2958 1504 2997 non
1537 2947 1642 2998 sul-

110 3031 296 3093 liciens,
320 3031 622 3085 assumeth
646 3046 660 3085 :
689 3033 781 3086 sed
805 3031 1046 3099 spiritum
1070 3034 1295 3086 divisum
1322 3034 1370 3087 in
1399 3038 1644 3100 semetip.

1723 521 1966 573 omnihus
1994 523 2258 589 gentibus.
2294 522 2360 576 Ut
2388 521 2825 591 quemadmodum
2853 529 2977 572 tunc
2998 518 3085 575 ille
3111 529 3270 585 appa~

1724 616 1870 666 rehat
1923 613 2194 678 accepisse
2241 614 2494 679 Spiritum
2546 625 2779 668 sanctum
2823 611 2916 678 qui
2964 607 3274 678 loquebatur

1719 704 1827 771 80
1855 703 2042 769 linguis
2071 704 2301 755 omnium
2333 704 2565 771 gentium
2594 719 2608 754 :
2641 705 2705 754 ita
2739 714 2876 753 nth
2906 698 2993 751 ille
3022 711 3080 750 se
3110 685 3274 763 ειςιιοο

1721 782 1828 845 seat
1859 795 2128 860 accepisse
2155 794 2408 860 Spiritum
2445 803 2686 845 sanetqu
2722 791 2811 858 qui
2843 798 3049 844 tenetur
3078 786 3130 838 iu
3157 783 3275 837 vin-

1719 884 1842 935 culo
1875 883 2020 950 pacis
2061 883 2310 937 Ecclesia:
2351 883 2458 955 [qui
2493 891 2700 937 tenetur
2741 881 2792 934 in
2835 878 3044 933 vinculo
3081 873 3273 946 pacis],

1721 987 1835 1039 quze
1858 971 2165 1024 diﬂunditur
2183 973 2234 1025 in
2262 974 2506 1025 omnibus
2523 971 2784 1042 gentibus.
2811 968 2958 1022 Unde
2980 967 3106 1020 dicit
3129 967 3244 1034 Apo
3260 994 3274 1007 ο

1724 1063 1889 1115 stolus
1921 1079 1932 1113 :
1968 1062 2253 1117 Studeutes
2289 1076 2505 1116 servare
2534 1061 2783 1114 unitatem
2829 1057 3046 1125 spiritus
3075 1056 3126 1108 in
3152 1055 3274 1108 vin-

1722 1152 1840 1201 culu
1874 1150 2036 1215 pacis.
2068 1151 2215 1216 Quod
2246 1161 2421 1204 autem
2453 1150 2564 1217 ipse
2588 1149 2657 1202 sit
2682 1147 2910 1214 Spiritus
2941 1145 3127 1209 Patris,
3160 1143 3273 1210 ipse

1726 1237 2036 1292 l-‘tliusthcit
2069 1257 2079 1292 :
2114 1241 2187 1294 De
2229 1241 2382 1294 Patre
2427 1238 2682 1307 procedit.
2720 1237 2785 1289 Et
2821 1235 2925 1289 alio
2966 1235 3080 1287 loco
3113 1250 3126 1283 :
3159 1231 3273 1285 Non

1722 1328 1864 1379 enim
1920 1342 2013 1381 vos
2051 1328 2179 1380 estis
2223 1330 2310 1395 qui
2362 1326 2656 1395 loquimini,
2702 1323 2797 1379 sed
2842 1322 3065 1390 Spiritus
3111 1320 3277 1372 Patris

1727 1418 1884 1470 vestri
1916 1420 2002 1484 qui
2037 1418 2268 1486 loquitur
2305 1420 2355 1471 iu
2387 1419 2555 1472 vobis.
2585 1417 2732 1484 Quod
2764 1429 2891 1470 vero
2921 1415 3032 1482 ipse
3061 1413 3130 1468 sit
3164 1412 3277 1480 Spi-

1728 1511 1859 1563 ritus
1890 1511 2029 1574 Filii,
2061 1512 2343 1578 Apostolus
2372 1511 2498 1563 dieit
2531 1526 2542 1560 :
2569 1509 2704 1562 Misit
2741 1508 2877 1561 Deus
2905 1506 3159 1574 Spiritum
3190 1501 3274 1556 Fi-

1730 1599 1781 1651 lii
1811 1599 1890 1651 sui
1924 1599 1974 1652 in
2014 1600 2175 1653 corda
2209 1609 2387 1654 nostra
2419 1600 2735 1653 clamantem
2781 1597 2926 1650 Abba
2971 1604 3137 1662 pater,
3180 1593 3279 1645 hoc

1729 1699 1809 1742 est
1836 1689 2062 1744 clamare
2095 1691 2405 1753 facientem;
2438 1704 2533 1743 nos
2563 1689 2700 1741 enim
2729 1688 3038 1748 clamamus,
3075 1684 3124 1737 id
3156 1693 3271 1746 est,

1672 1781 1711 1836 ll
1740 1778 1830 1832 illo
1860 1778 2186 1833 dil'luudente
2216 1782 2525 1833 charitatem
2569 1780 2619 1831 in
2651 1779 2899 1833 cordibus
2928 1779 3140 1842 nostris,
3168 1777 3282 1830 sine

1737 1885 1834 1934 qua
1865 1869 2093 1925 inaniter
2134 1872 2325 1924 clamat
2371 1870 2667 1938 quicunque
2716 1871 2923 1922 clamat.
2970 1868 3115 1922 Unde
3158 1869 3282 1921 item

1737 1959 1863 2011 dicit
1897 1959 2186 2026 :Quisquis
2225 1970 2400 2013 autem
2446 1958 2696 2024 Spiritum
2729 1957 2919 2010 Christi
2963 1971 3065 2009 non
3105 1956 3283 2016 habet,

1739 2047 1822 2100 hic
1854 2061 1953 2100 non
1987 2058 2068 2101 est
2105 2048 2241 2115 ejus.
2292 2048 2369 2100 Ad
2404 2063 2557 2115 quem
2593 2062 2719 2116 ergo
2774 2047 2823 2098 iu
2865 2046 3120 2098 Trinitate
3167 2058 3285 2111 pro-

1741 2139 1850 2204 prie
1880 2137 2103 2204 pertinet
2129 2135 2462 2207 [pertinerct[
2493 2137 2645 2205 hujus
2670 2138 2968 2189 communio
3000 2136 3286 2194 societatis,

1741 2226 1838 2278 1ιίδὶ
1871 2227 1933 2278 ad
1961 2241 2083 2280 eum
2114 2227 2368 2294 Spiritum
2392 2228 2478 2295 qui
2509 2237 2588 2280 est
2615 2227 2750 2279 Patri
2787 2227 3024 2294 Filioque
3056 2241 3288 2279 commu-

1742 2317 2050 2384 nis?t\'equc
2072 2318 2210 2370 enim
2241 2316 2439 2370 habitat
2463 2315 2512 2368 in
2540 2331 2799 2384 quoquam
2824 2315 3051 2383 Spiritus
3081 2323 3291 2368 sanctus

1741 2407 1856 2458 sine
1905 2405 2057 2458 Patre
2099 2415 2147 2458 et
2183 2405 2339 2470 l-‘ilio,
2380 2406 2516 2458 sicut
2567 2419 2662 2458 nec
2705 2403 2864 2458 Filius
2910 2404 3024 2457 sine
3062 2403 3212 2456 Patre
3241 2416 3293 2455 et

1743 2496 1942 2562 Spiritu
1973 2507 2176 2557 sancto,
2213 2509 2307 2549 uec
2336 2496 2450 2549 sine
2484 2495 2585 2550 illis
2618 2495 2792 2548 Pater.
2823 2493 3189 2560 Inseparahilis
3213 2504 3293 2544 est

1743 2586 1935 2653 quippe
1965 2585 2218 2638 habitatio
2258 2600 2479 2653 quorum
2515 2583 2884 2652 inseparabilis
2912 2592 2994 2636 est
3033 2581 3287 2649 Operatio,

1745 2676 1836 2728 sed
1866 2674 2168 2742 singillatim
2208 2675 2516 2741 plerumque
2558 2688 2648 2740 per
2677 2684 2930 2726 creatura:
2959 2671 3293 2740 signiﬁcatio-

1748 2780 1858 2828 nes,
1892 2780 1992 2818 non
2021 2780 2111 2832 per
2133 2781 2279 2819 suam
2304 2765 2651 2818 substantiam
2674 2765 3099 2817 demonstrantur
3123 2780 3135 2815 :
3161 2762 3297 2814 sicut

1747 2869 1840 2907 sua
1870 2865 2165 2923 temporum
2197 2856 2367 2923 spatia
2399 2857 2616 2924 syllabis
2647 2854 3043 2922 occupantibus,
3086 2868 3298 2920 separa-

1751 2945 1840 2998 tim
1867 2961 1993 2999 voce
2028 2946 2454 3010 pronuntiantur,
2485 2961 2579 3000 nec
2605 2957 2775 2999 tamen
2807 2960 2833 2997 a
2863 2945 3049 3012 scipsis
3077 2945 3192 2998 ullis
3223 2948 3301 2997 iu-

1752 3036 1983 3088 tcrrallis
2018 3037 2405 3105 momentisque
2455 3046 2747 3105 temporum
2793 3046 3138 3104 separantur;
3195 3052 3297 3088 non

111 3131 208 3168 ium
239 3134 301 3171 eo
331 3119 444 3188 ipso
483 3120 682 3186 Spiritu
721 3121 1046 3187 congruebat
1085 3122 1274 3187 expelli
1313 3138 1465 3188 quem
1501 3122 1651 3176 Pater
1681 3129 1726 3190 ο
1757 3126 1895 3179 enim
1927 3142 2150 3193 unquam
2180 3126 2281 3178 dici
2313 3137 2532 3193 possunt
2560 3127 2735 3188 simul,
2765 3140 2882 3179 cum
2912 3141 3030 3179 esse
3058 3141 3158 3178 non
3184 3140 3302 3192 pos-

113 3219 154 3260 ει
181 3207 337 3261 l-‘:lins
374 3224 476 3261 non
515 3208 740 3261 divisum
780 3209 829 3260 in
869 3209 1155 3276 semetipso
1193 3211 1424 3278 [indivisi
1469 3214 1519 3264 in
1566 3227 1648 3266 se-

115 3299 355 3366 metipsis]
398 3299 746 3352 communiter
778 3299 990 3352 habent.
1032 3301 1121 3353 Sic
1156 3311 1207 3353 et
1247 3311 1482 3367 peccata,
1528 3301 1648 3368 quia

116 3399 291 3454 prmter
321 3389 606 3442 Ecclesiatn
636 3404 737 3442 non
775 3380 1131 3451 dimittuntur,
1167 3392 1217 3443 in
1250 3405 1313 3444 eo
1345 3392 1542 3455 Spiritu
1576 3391 1654 3444 di-

117 3480 240 3545 mitti
273 3480 569 3547 Oportebat,
600 3493 703 3547 quo
733 3479 785 3532 in
815 3495 974 3533 unum
1019 3480 1253 3533 Ecclesia
1285 3494 1650 3550 cuiigregatur.

119 3568 334 3635 Denique
360 3570 404 3623 si
427 3584 741 3637 quemquam
771 3580 918 3624 extra
959 3570 1252 3626 Ecclesiam
1299 3587 1511 3626 suorum
1547 3589 1656 3641 pa:-

119 3659 270 3712 tiiteat
300 3669 633 3727 peccatorum
653 3700 667 3724 ,
707 3671 760 3714 ct
790 3661 946 3728 hujus
991 3667 1119 3722 tanti
1154 3664 1353 3729 peccati
1383 3678 1489 3731 quo
1533 3664 1659 3720 alie-

120 3763 230 3800 num
259 3758 340 3802 est
362 3748 428 3800 ab
452 3749 688 3804 Ecclesia
712 3749 803 3803 Dei
831 3764 922 3805 cor
946 3750 1283 3818 impmutteus
1307 3751 1517 3817 habeat,
1538 3753 1662 3821 quid

121 3840 160 3891 ci
185 3840 389 3907 prodest
417 3841 501 3894 illa
533 3839 839 3908 poenitentia
868 3855 987 3894 cum
1014 3842 1115 3894 isto
1159 3843 1293 3906 solo,
1337 3842 1554 3895 verbum
1579 3843 1663 3896 di-

123 3941 198 3982 eat
232 3940 409 3983 contra
462 3929 716 3998 Spiritum
765 3938 1043 3992 sanctum,
1094 3944 1198 3995 qui
1245 3939 1528 3984 extraneas
1557 3931 1668 4000 [ex-

128 4019 371 4090 traneum]
399 4029 476 4075 est
503 4023 571 4074 ab
603 4020 858 4084 Ecclesia,
893 4037 1010 4088 qua:
1036 4021 1230 4088 accipit
1262 4021 1360 4074 hoc
1387 4022 1584 4076 donum
1615 4032 1671 4076 ut

129 4107 173 4157 in
198 4108 390 4175 Spiritu
437 4116 620 4160 sancto
649 4106 946 4177 [accepit...
982 4118 1034 4160 ut
1068 4110 1118 4161 in
1150 4123 1211 4161 ea
1241 4125 1292 4161 tu
1325 4108 1520 4177 Spiritu
1553 4125 1672 4163 san-

128 4196 221 4266 cto]
261 4201 347 4250 liat
383 4197 638 4258 .rctiiissio
675 4198 1053 4264 peccatorum?
1103 4215 1256 4267 quam
1307 4200 1674 4254 remissionem

129 4299 236 4340 cum
264 4288 492 4341 Trinitas
524 4288 676 4341 faciat
707 4288 937 4356 proprie,
986 4299 1161 4343 tamen
1187 4289 1252 4342 ad
1277 4290 1529 4358 Spiritum
1553 4307 1677 4344 san-

131 4385 257 4429 ctum
304 4379 609 4446 intelligitur
658 4380 942 4445 pertinere.
990 4379 1102 4446 Ipse
1137 4391 1219 4434 est
1264 4382 1401 4435 enim
1444 4382 1674 4449 Spiritus

1752 3217 1854 3269 sint
1885 3217 1979 3267 nisi
2016 3229 2227 3285 semper
2258 3216 2436 3282 simul,
2472 3216 2561 3269 sed
2596 3226 2651 3268 ut
2678 3216 2786 3282 jam
2822 3230 2921 3268 non
2962 3215 3124 3268 semel
3167 3216 3302 3267 dixi-

1756 3319 1892 3369 mus,
1935 3306 2052 3359 ideO
2080 3305 2322 3357 remissio
2355 3291 2686 3368 peccatorum
2717 3305 2898 3380 qua-iu
2928 3318 2985 3357 se
3013 3304 3167 3356 divisi
3196 3305 3304 3370 Spi-

1759 3396 1887 3446 ritus
1937 3396 2193 3448 evertitur
2233 3405 2278 3446 et
2323 3395 2602 3462 expellitur
2645 3409 2882 3461 regnum,
2926 3393 3045 3446 ideo
3074 3395 3302 3446 societas

1761 3483 1974 3536 unitatis
2023 3483 2291 3547 Ecclesie,
2321 3494 2468 3536 extra
2509 3498 2662 3549 quam
2695 3498 2796 3535 non
2833 3487 2889 3535 lit
2927 3485 3034 3549 ipsa
3067 3483 3309 3536 remissio

1763 3583 2115 3638 peccaturum,
2169 3583 2415 3638 tanquam
2458 3572 2726 3637 prOprium
2778 3586 2909 3638 Opus
2958 3581 3039 3626 est
3085 3571 3311 3638 Spirius

1763 3663 1951 3723 sancti,
2007 3660 2162 3713 Patre
2201 3675 2328 3714 sane
2353 3672 2404 3714 et
2435 3659 2567 3712 Filio
2601 3657 3036 3727 cooperantibus,
3069 3659 3186 3727 quia
3216 3672 3308 3712 so-

1765 3753 1928 3806 cietas
1957 3763 2037 3805 est
2067 3750 2457 3818 quodammodo
2498 3749 2664 3804 Patris
2701 3757 2754 3803 et
2785 3749 2896 3802 Filii
2938 3747 3050 3815 ipse
3087 3747 3314 3815 Spiritus

1766 3852 1999 3894 sanctus.
2034 3838 2161 3893 Nam
2183 3838 2337 3893 Pater
2366 3853 2467 3892 non
2492 3837 2841 3892 communiter
2864 3835 3084 3890 habetur
3108 3833 3260 3890 Pater
3285 3850 3315 3890 a

1773 3934 1907 3987 Filio
1933 3943 1984 3986 et
2011 3933 2208 4000 Spiritu
2230 3940 2430 3995 sancto,
2459 3929 2579 3998 quia
2605 3944 2705 3982 non
2728 3937 2807 3982 est
2840 3927 2991 3981 Pater
3013 3929 3314 3981 amborum:

1773 4037 1825 4080 et
1855 4025 2017 4079 Filius
2049 4038 2152 4078 non
2183 4022 2535 4077 communiter
2567 4021 2787 4073 habetur
2818 4019 2977 4072 Filius
3015 4034 3044 4072 a
3073 4019 3227 4073 Patre
3264 4028 3320 4074 et

1776 4117 1970 4184 Spiritu
1994 4124 2197 4179 sancto,
2230 4113 2350 4182 quia
2384 4127 2486 4165 non
2509 4121 2590 4165 est
2621 4111 2780 4164 Filius
2806 4112 3077 4164 amborum
3109 4126 3121 4160 :
3153 4109 3320 4176 Spiri-

1778 4223 1858 4264 tus
1896 4219 2069 4264 autem
2111 4218 2325 4262 sanctus
2369 4206 2717 4260 communiter
2763 4203 2982 4256 habetur
3018 4218 3046 4254 a
3078 4201 3232 4256 Patre
3267 4213 3322 4256 et

1782 4303 1931 4366 Filio,
1961 4302 2083 4370 quia
2110 4299 2337 4367 Spiritus
2367 4307 2446 4350 est
2478 4312 2611 4349 unus
2642 4292 3199 4360 amborum.Quisquis
3229 4292 3322 4360 igi-

1782 4402 1864 4446 tur
1893 4405 2013 4445 reus
2041 4389 2196 4443 fuerit
2220 4386 2620 4454 imptcnitentia:
2642 4395 2822 4438 contra
2847 4384 3118 4453 Spiritum,
3145 4383 3194 4435 in
3219 4398 3324 4450 quo

135 4467 415 4533 adoptionis
461 4468 686 4520 liliorum
711 4507 725 4530 ,
761 4469 812 4520 in
856 4483 961 4532 quo
990 4469 1278 4523 clamamus
1310 4471 1456 4524 Abba
1504 4484 1668 4539 pater,
1704 4470 1750 4526 ι)
1779 4483 1948 4536 unius
1975 4489 2029 4535 et
2066 4479 2292 4533 societas
2329 4476 2714 4531 communionis
2756 4486 3102 4543 congregatur
3133 4473 3322 4527 Ερςιρ-

136 4558 214 4609 uhi
244 4568 292 4609 et
318 4557 396 4627 [ut
431 4556 500 4627 ei]
531 4559 790 4624 possimus
815 4559 989 4611 dicere
1015 4575 1029 4612 :
1063 4560 1281 4614 Dimitte
1317 4563 1470 4615 nobis
1498 4563 1672 4616 debita

140 4659 327 4700 nostra.
361 4649 423 4702 Et
454 4649 503 4701 in
547 4647 646 4700 huc
680 4649 1066 4716 cognoscimus,
1109 4650 1245 4703 sicut
1292 4651 1525 4706 Joannes
1551 4669 1676 4720 apo-

137 4739 292 4791 stolus
328 4739 400 4790 ait
445 4737 747 4802 :Quoniam
790 4737 1027 4790 Christus
1068 4739 1114 4790 in
1157 4741 1306 4794 nobis
1360 4752 1559 4805 manet,
1609 4745 1676 4796 de

137 4825 314 4891 Spiritu
342 4843 494 4895 quem
525 4828 668 4880 dedit
699 4828 868 4882 nobis.
912 4829 1023 4896 Ipse
1051 4830 1280 4896 Spiritus
1313 4833 1672 4887 testimonium

140 4918 294 4969 reddit
320 4918 522 4986 spiritui
564 4926 762 4981 nostro,
814 4920 931 4985 quia
969 4933 1147 4972 sumus
1192 4921 1282 4974 lilii
1331 4923 1442 4974 Dei.
1488 4924 1564 4974 Ad
1598 4925 1675 4991 ip-

143 5021 244 5056 sum
267 5008 403 5058 enim
433 5007 663 5074 pertinet
685 5008 930 5070 societas,
962 5023 1061 5074 qua
1087 5010 1350 5063 ei’licimur
1377 5028 1532 5064 unmn
1558 5029 1674 5067 cor-

145 5110 226 5160 pus
256 5098 386 5149 unici
419 5097 536 5151 Filii
567 5097 680 5150 Dei.
717 5095 863 5150 Unde
887 5101 1135 5167 scriptum
1166 5110 1281 5153 est:
1313 5103 1366 5155 Si
1398 5119 1494 5170 qua
1524 5105 1678 5170 igitur

147 5190 427 5241 exhortatio
460 5191 508 5240 iu
551 5186 785 5252 Christo,
826 5189 869 5242 si
915 5191 1051 5258 quod
1094 5191 1337 5246 solatium
1383 5194 1674 5259 eharitatis,

145 5276 180 5327 si
209 5293 300 5345 qua
341 5280 564 5332 societas
608 5279 855 5345 Spiritus,
914 5296 945 5349 p
975 5290 1128 5350 Opter
1168 5283 1299 5336 hanc
1343 5284 1672 5342 societatem.

147 5368 210 5421 illi
241 5372 286 5424 in
315 5386 444 5438 quos
490 5370 730 5438 primitus
763 5373 905 5425 venit
946 5373 1136 5442 linguis
1165 5377 1398 5428 omnium
1445 5378 1677 5444 gentium

147 5468 254 5512 sunt
285 5462 456 5526 locuti,
485 5463 603 5529 quia
632 5462 769 5516 sicut
796 5479 887 5532 per
927 5465 1128 5532 linguas
1149 5476 1352 5519 constat
1383 5466 1677 5537 [consocia-

151 5551 238 5602 tiur
261 5563 337 5606 est
365 5551 625 5623 societas]
654 5554 861 5623 generis
889 5555 1124 5621 humani,
1153 5558 1228 5612 sic
1277 5560 1550 5626 oportebat
1584 5575 1675 5627 per

153 5640 331 5711 linguas
375 5648 606 5700 omnium
651 5647 880 5717 gentium
931 5647 1210 5717 signiﬁcari
1252 5652 1402 5704 istum
1445 5651 1670 5707 societa-

1779 4575 1886 4634 siaz,
1938 4586 2199 4638 nunquam
2233 4569 2305 4622 illi
2346 4567 2663 4628 remittetur,
2710 4565 2831 4634 quia
2873 4565 2969 4618 hoe
2999 4565 3098 4617 sibi
3129 4565 3322 4617 claudit

1782 4663 2010 4734 [clausit]
2043 4663 2126 4716 ubi
2176 4661 2481 4723 remittitur,
2532 4669 2584 4712 et
2630 4658 2815 4711 merito
2847 4657 3176 4709 damnabitur
3206 4670 3324 4708 cum

1781 4756 1967 4822 spiritu
1986 4754 2070 4818 qui
2098 4754 2149 4804 in
2174 4754 2400 4818 seipsnm
2424 4750 2623 4802 divisus
2646 4758 2740 4814 est,
2768 4735 3037 4800 divisuset
3063 4747 3173 4813 ipse
3197 4761 3327 4799 con-

1783 4853 1856 4896 tra
1877 4842 2128 4909 Spiritum
2149 4841 2431 4910 [sanctum[
2450 4839 2534 4906 qui
2561 4840 2609 4891 in
2634 4840 2860 4904 seipsnm
2880 4838 3078 4889 divisus
3103 4850 3324 4890 nonest.

1788 4933 1854 4987 Ut
1883 4934 1948 4985 de
1991 4933 2312 4999 blasphemia
2354 4931 2578 4997 Spiritus
2618 4931 2728 4981 hmo
2764 4929 3018 4981 sententia
3061 4928 3327 4980 diceretur

1782 5037 1936 5074 causa
1961 5023 2159 5076 exstitit
2181 5036 2248 5074 ex
2280 5019 2784 5073 commemoratiOne
2804 5016 3018 5084 spiritus
3046 5015 3322 5080 immundi,

1783 5114 1867 5181 qui
1899 5111 1949 5163 iu
1981 5112 2208 5177 seipsnm
2239 5109 2442 5162 divisus
2471 5117 2572 5162 est.
2609 5108 2808 5159 Dictum
2832 5107 2968 5159 enim
3000 5114 3114 5157 erat
3135 5105 3200 5158 tle
3228 5106 3329 5157 DO-

1785 5203 1949 5265 mino,
1977 5201 2111 5268 qttod
2141 5201 2190 5252 in
2226 5200 2462 5267 principe
2491 5196 2864 5250 daemoniorum
2896 5197 3113 5258 ejiceret
3137 5195 3328 5247 d;t:mO-

1786 5304 1897 5342 tses.
1945 5287 2056 5355 Ipse
2093 5303 2150 5340 se
2188 5287 2438 5340 Dominus
2478 5285 2548 5337 ait
2581 5287 2630 5336 in
2671 5284 2865 5351 Spiritu
2908 5293 3090 5335 sancto
3133 5281 3326 5348 ejicere

1785 5377 2074 5438 daztnones,
2102 5386 2155 5428 ut
2184 5375 2409 5443 Spiritus
2437 5373 2524 5442 qui
2557 5390 2657 5426 non
2688 5383 2766 5424 est
2799 5375 2847 5423 in
2879 5388 2936 5426 se
2962 5372 3181 5443 divisus,
3206 5388 3325 5424 euut

1783 5469 1868 5535 qui
1901 5469 1951 5520 in
1981 5481 2037 5520 se
2061 5466 2258 5519 divisus
2285 5475 2365 5518 est
2397 5465 2568 5516 vincat
2596 5473 2749 5529 atque
2781 5461 2955 5530 eiiciat
2986 5479 2998 5514 :
3028 5464 3116 5515 ille
3145 5471 3318 5513 autem

1786 5561 1941 5611 homo
1969 5556 2018 5610 iu
2063 5559 2177 5622 eius
2205 5555 2499 5623 perditione
2528 5565 2814 5617 remaneat,
2856 5554 2942 5623 qui
2975 5554 3023 5605 in
3059 5553 3209 5618 hujus
3237 5555 3323 5617 qui

1781 5655 1829 5707 iti
1854 5665 1908 5705 se
1933 5650 2126 5704 divisus
2153 5664 2254 5701 nm
2277 5655 2356 5701 est
2381 5661 2555 5714 paceni
2588 5661 2674 5713 per
2703 5645 3128 5714 iiuptnaitentiam
3165 5654 3334 5697 trans.
