3886 6224
616 290 706 338 ’731

626 313 680 340 Ι.)

605 492 773 553 vobis,
824 491 1063 558 quoniam
1113 492 1287 544 omnia
1339 492 1672 545 dimittuntur
1721 493 1843 545 ﬁliis
1887 493 2154 543 hominum

607 587 818 643 peccata
850 587 902 629 et
937 579 1278 644 blasphemia:
1307 580 1498 644 quibus
1531 579 2033 644 blaspltetnaverint,
2067 576 2155 643 qui

602 663 776 717 autem
831 666 1271 730 blasphemareth
1321 667 1372 719 in
1425 667 1676 734 Spiritum
1731 677 1993 727 sanctum,
2051 681 2153 715 non

604 756 816 807 habebit
840 756 1201 809 remissionem
1222 758 1274 808 in
1292 767 1565 818 :ctcrunm,
1598 757 1690 810 sed
1715 772 1832 809 reus
1853 757 1951 807 erit
1970 756 2151 805 arterni

601 845 804 896 delicti.
844 844 964 897 llmc
992 846 1147 898 verba
1184 847 1388 898 Domini
1415 863 1532 898 cum
1567 846 1804 903 dixisset,
1839 859 1930 894 sua
1963 843 2153 895 deinde

600 934 878 1001 conjunxit
913 936 1117 997 dicens,
1147 936 1408 999 Quoniam
1453 935 1718 995 dicebant,
1761 933 1999 998 spiritum
2053 932 2150 981 itu-

603 1025 854 1074 niundutu
890 1025 1065 1084 habet,
1112 1035 1165 1073 ut
1203 1024 1509 1074 ostenderet
1550 1023 1670 1074 hinc
1719 1022 1879 1072 fuisse
1916 1032 2150 1071 exortam

600 1125 809 1162 (tamam
827 1121 880 1163 ut
894 1112 989 1162 hoc
1002 1111 1220 1171 diceret,
1237 1111 1453 1178 eoquod
1467 1111 1704 1163 dixerunt
1721 1107 1992 1178 [dixissem
2010 1105 2149 1173 leum

603 1206 650 1254 in
695 1202 986 1254 Beelzebub
1026 1202 1261 1268 principe
1299 1203 1679 1254 daemoniorum
1730 1201 1994 1250 daemones
2046 1197 2154 1262 pel-

603 1296 733 1354 lere,
760 1309 862 1344 non
890 1295 1008 1360 quia
1039 1294 1145 1360 ipsa
1180 1302 1319 1345 esset
1349 1292 1668 1360 blaSphemia
1702 1305 1816 1357 qua:
1849 1305 1948 1339 non
1983 1288 2153 1339 retnit-

603 1385 749 1442 titnr,
774 1399 892 1434 cum
927 1392 979 1433 et
1004 1385 1114 1434 lucc
1142 1383 1433 1433 remittatur
1459 1383 1501 1433 si
1534 1391 1672 1433 recta
1698 1378 2002 1447 paenitentia
2027 1391 2150 1428 cou-

600 1481 884 1537 sequatur;
921 1472 1009 1522 scd
1041 1471 1177 1536 quod
1213 1471 1333 1522 hinc
1360 1512 1373 1533 ,
1408 1483 1462 1522 ut
1491 1471 1620 1532 dixi,
1654 1484 1810 1521 causa
1841 1465 2061 1525 exstitit,
2097 1475 2155 1515 ut

599 1581 622 1607 ιι
655 1561 871 1611 Domino
905 1561 985 1609 illa
1019 1560 1274 1610 Sententia
1318 1557 1672 1624 proferretur,
1709 1557 1839 1609 facta
1883 1555 2150 1607 mentione

597 1651 810 1711 spiritus
860 1648 1111 1699 immundi
1146 1664 1297 1708 quem
1340 1648 1593 1701 adversus
1634 1647 1862 1712 seipsum
1897 1643 2148 1695 Dominus

1671 292 1729 344 D.
1777 287 2081 342 El'tin‘Pll
2124 285 2406 338 AllBATIS
2446 285 2757 338 AFRICANI

611 400 682 447 ire.
709 398 984 451 detrectat.
1029 400 1131 451 lloc.
1163 401 1301 451 enim
1335 401 1532 452 Marcus
1566 412 1742 454 ηιμ-τη
1771 421 1780 450 :
1817 403 1982 453 Amen
2032 400 2149 450 dico
2183 401 2229 458 Α
2258 406 2310 449 et
2355 397 2508 450 bibit.
2543 400 2688 450 Alius
2719 406 2900 449 contra
2956 438 2968 451 .
3003 398 3133 461 lmo,

3639 126 3845 209 τη

3732 286 3812 310 ἰ)

3205 399 3402 469 inquit.
3458 401 3500 452 si
3564 411 3707 451 tanta
3745 415 3810 447 e~t

2260 487 2410 554 plaga
2445 490 2642 554 peccati
2670 497 2826 554 atque
2858 491 3078 554 impetus
3107 493 3308 555 morbi,
3344 501 3398 544 ut
3432 493 3807 544 medicamen'.

2259 577 2377 628 tilia
2427 578 2457 627 d
2489 577 2718 629 lTerenda
2771 576 2906 637 sint,
2963 579 3280 631 auctoritate
3351 580 3614 631 antistitis
3669 580 3807 630 debet

2257 665 2476 732 quisque
2505 667 2571 716 ab
2599 665 2790 716 altario
2821 666 3083 718 removeri
3109 707 3122 727 ,
3171 668 3233 717 ad
3265 669 3520 734 agendam
3560 669 3806 734 paenitea-

2259 753 2405 812 tiam,
2436 753 2688 804 eteadem
2703 755 3019 805 auctoritate
3044 755 3396 807 reconciliari.
3429 757 3539 808 lloc
3570 769 3652 808 est
3676 759 3800 807 enim

2258 841 2471 908 indigne
2501 843 2774 908 accipere,
2805 843 2848 894 si
2883 857 2948 894 eo
2979 852 3214 911 tempore
3248 847 3473 910 recipiat
3516 861 3629 910 quo
3668 848 3804 897 tifitrl

2253 944 2408 992 agere
2435 932 2820 991 ptenitentiam,
2847 941 3021 985 nonut
3050 934 3270 984 arbitrio
3291 949 3387 985 suo
3409 949 3529 986 cum
3568 935 3692 988 libet
3739 939 3801 985 ττι

2255 1017 2457 1069 auferat
2496 1033 2552 1068 se
2573 1020 2957 1081 communioni,
2988 1023 3070 1074 vel
3097 1022 3297 1074 reddat.
3327 1024 3594 1074 Cmterum
3628 1029 3668 1074 si
3699 1041 3800 1088 pet-

2255 1117 2365 1155 (δάιε
2397 1115 2536 1157 tanta
2568 1119 2670 1158 non
2721 1118 2843 1160 sunt
2864 1147 2879 1172 ,
2932 1119 2986 1160 ut
3015 1112 3563 1163 excommunicandus
3594 1112 3798 1177 quisque

2257 1193 2412 1244 ltomo
2442 1195 2718 1260 iudicetur,
2750 1211 2852 1247 non
2884 1211 2943 1249 se
2969 1197 3128 1250 debet
3151 1213 3176 1249 a
3208 1198 3514 1265 quotidiana
3552 1201 3794 1250 medicina

2252 1283 2496 1333 dominici
2518 1284 2756 1350 corporis
2778 1298 3045 1352 separare.
3072 1285 3288 1338 Rectius
3322 1286 3460 1338 inter
3480 1300 3573 1338 eos
3593 1285 3795 1335 fortasse

2252 1371 2510 1438 quispiam
2559 1373 2756 1424 dirimit
2795 1374 2936 1426 litem
2971 1415 2983 1435 ,
3037 1375 3125 1440 qui
3159 1385 3340 1428 monet
3369 1389 3424 1428 ut
3470 1377 3725 1442 pracipue
3751 1379 3790 1426 in

2251 1458 2450 1512 Christi
2484 1477 2609 1529 pace
2635 1473 2994 1529 permaneant.
3032 1464 3208 1516 Faciat
3247 1475 3422 1517 autem
3454 1470 3790 1532 unusqttisme

2249 1551 2384 1616 quod
2415 1551 2698 1603 secundum
2719 1552 2870 1605 fidem
2896 1568 3042 1604 suam
3060 1554 3142 1620 pie
3163 1554 3463 1607 creditesse
3487 1554 3784 1607 faciendum.

2252 1640 2449 1692 Neuter
2475 1642 2610 1692 enini
2659 1657 2839 1692 eorum
2872 1642 3168 1695 exlionorat
3195 1657 3390 1710 corpus
3419 1655 3472 1698 et
3500 1647 3780 1709 sanguinem

596 1742 818 1791 divisum
850 1740 1081 1791 attendit
1109 1751 1320 1804 propter
1349 1741 1601 1804 Spiritum
1635 1746 1896 1800 sanctum,
1926 1735 2014 1803 qui
2040 1749 2141 1785 non
2179 1724 2218 1778 Β
2253 1729 2456 1782 Domini
2483 1770 2497 1791 ,
2554 1731 2645 1783 sed
2693 1733 3097 1785 saluberrimum
3149 1745 3536 1789 sacramentum
3569 1741 3781 1788 certatim

597 1827 767 1876 solum
808 1827 1057 1878 adversus
1089 1841 1145 1879 se
1171 1828 1367 1878 divisus
1399 1841 1500 1878 non
1545 1835 1642 1889 est,
1689 1826 1780 1878 sed
1808 1825 1968 1878 etiam
2009 1837 2140 1890 quos

598 1915 794 1978 colligit
843 1914 1001 1966 ellicit
1049 1914 1317 1974 indivisos,
1363 1922 1575 1979 peccata
1624 1928 1741 1982 qua:
1785 1911 2042 1964 adversus
2085 1924 2142 1961 se

599 2006 764 2053 divisa
811 2014 930 2054 sunt
972 2003 1304 2063 dimittenda,
1357 2016 1553 2069 eoSque
1602 2002 1879 2054 mundatus
1929 1998 2141 2052 inhabi-

599 2093 774 2143 tando.
808 2092 931 2142 Nam
957 2094 1053 2144 etsi
1081 2093 1353 2158 quisquam
1389 2094 1457 2144 ita
1488 2092 1556 2144 sit
1585 2092 1880 2144 contrarius
1908 2089 2137 2152 veritati,

600 2194 649 2232 nt
678 2183 782 2233 Deo
811 2182 1042 2248 loquenti
1075 2195 1176 2233 non
1210 2183 1260 2233 in
1291 2183 1582 2248 prepltetis,
1615 2180 1703 2233 sed
1730 2179 1781 2232 in
1804 2179 1958 2231 unico
1986 2178 2137 2235 Filio,

596 2288 712 2322 cum
747 2281 958 2338 propter
986 2285 1079 2324 nos
1109 2286 1249 2332 eum,
1276 2281 1328 2322 ut
1358 2271 1506 2322 nobis
1537 2270 1587 2322 in
1619 2283 1682 2322 eo
1711 2269 2030 2335 loqueretur,
2059 2266 2140 2318 Fi-

600 2362 721 2410 littzn
757 2361 979 2412 hominis
1019 2374 1138 2414 esse
1166 2361 1350 2420 voluit,
1392 2363 1726 2421 reluctetttr;
1765 2361 2061 2411 remittetur
2092 2358 2138 2408 ei

599 2465 712 2499 t'llln
749 2449 1044 2513 poenin-udo
1083 2463 1371 2502 cenversns
1417 2449 1572 2503 fuerit
1614 2450 1677 2501 ad
1723 2449 1810 2501 Dei
1846 2447 2139 2514 benignita-

600 2548 723 2601 tem,
755 2538 838 2602 qui
869 2552 984 2588 cum
1019 2546 1240 2589 mortem
1277 2538 1420 2604 impii
1466 2538 1645 2600 nollet,
1687 2547 1935 2604 quantum
1974 2545 2028 2587 ut
2059 2550 2138 2587 re-

599 2634 828 2680 vertatur
856 2634 906 2678 et
939 2625 1107 2686 vivat,
1141 2623 1284 2676 dedit
1315 2625 1564 2677 Ecclesia:
1594 2625 1846 2691 Spiritum
1877 2631 2135 2687 sanctum,

599 2725 652 2768 ιιι
681 2715 970 2782 cuicunque
998 2716 1048 2767 in
1073 2729 1137 2767 eo
1165 2726 1377 2782 peccata
1408 2711 1716 2778 dimitteret,
1747 2715 2138 2768 dimitterentur

598 2809 668 2860 ei.
696 2806 791 2868 Qui
819 2819 942 2858 vero
972 2804 1090 2856 huic
1117 2804 1254 2856 dono
1283 2806 1524 2857 extiterit
1565 2805 1828 2866 inimicus,
1858 2812 1913 2855 ut
1943 2817 2045 2854 non
2077 2804 2132 2854 il-

600 2897 685 2948 lud
718 2894 1206 2963 peropcenitentiam
1251 2904 1418 2961 petat,
1460 2895 1552 2948 sed
1597 2896 1644 2949 ei
1676 2909 1769 2962 per
1797 2895 2135 2961 impaeniten-

597 2988 718 3038 tiam
751 2987 1094 3046 contradicat,
1145 2988 1200 3037 lit
1227 2987 1608 3048 irremissibile,
1651 3002 1752 3040 non
1784 2987 2131 3054 quodcunque

2245 1816 2510 1870 honorare
2543 1820 2888 1872 contendant.
2924 1821 3099 1888 Neque
3129 1823 3268 1875 enim
3304 1825 3638 1892 Iitigaverunt
3667 1828 3780 1875 inter

2244 1921 2323 1968 se,
2358 1915 2447 1959 aut
2477 1909 2752 1974 quisquam
2780 1925 2958 1962 eorum
2988 1911 3211 1962 scalteri
3246 1917 3533 1979 prcpusuit
3566 1913 3778 1964 Zecbeus

2241 2007 2295 2050 et
2324 1998 2409 2050 ille
2436 1999 2684 2052 Centurio
2711 2039 2726 2063 ,
2759 2014 2876 2051 cum
2925 2002 3059 2052 alter
3088 2015 3274 2053 eorum
3324 2002 3560 2070 gaudens
3608 2004 3654 2054 in
3701 2005 3777 2052 di-

2244 2106 2387 2142 mttm
2417 2105 2563 2143 suam
2595 2092 2876 2157 su-eeperit
2921 2093 3220 2154 Dominum,
3255 2095 3390 2148 alter
3416 2095 3600 2148 dixerit
3636 2113 3648 2144 :
3675 2093 3773 2146 Non

2240 2191 2353 2229 sum
2385 2179 2570 2244 dignus
2602 2187 2655 2230 ut
2687 2180 2782 2231 sub
2813 2189 3006 2232 tectum
3051 2195 3222 2233 meum
3252 2183 3418 2235 intres
3452 2197 3464 2230 :
3491 2184 3641 2234 amlm
3668 2182 3767 2231 Sat-

2241 2275 2474 2319 vatorem
2527 2267 2936 2321 honorititantes
2981 2268 3190 2322 diverso
3236 2279 3289 2322 et
3332 2271 3482 2337 quasi
3528 2270 3774 2322 contrario

2243 2357 2421 2413 modo,
2452 2355 2608 2406 ambo
2662 2358 2891 2419 peccatis
2940 2359 3156 2421 miseri,
3187 2359 3344 2412 ambo
3376 2360 3769 2411 miserimnliam

2241 2446 2530 2496 consecuti.
2554 2443 2703 2498 Valet
2726 2446 2882 2498 etiam
2909 2447 2971 2499 ad
2998 2447 3130 2499 hanc
3156 2448 3546 2499 similitudinem
3574 2449 3701 2514 quod
3726 2462 3766 2494 to

2243 2533 2410 2598 primo
2443 2535 2632 2601 ροιιιιΙο
2668 2535 2952 2600 unicuique
2997 2535 3062 2587 lid
3103 2536 3227 2586 lium
3273 2552 3459 2588 manna
3508 2536 3766 2588 secundum

2241 2621 2841 2692 prepriamvolttntatetn
2864 2623 2914 2675 in
2936 2637 3027 2676 ore
3053 2623 3289 2690 sapiebat
3316 2642 3326 2674 :
3358 2627 3436 2678 sic
3455 2625 3764 2689 uniuscujus-

2238 2726 2338 2777 que
2366 2711 2414 2762 in
2442 2712 2599 2764 corde
2623 2711 2904 2764 Christiani
2925 2724 3311 2767 sacramentum
3339 2715 3463 2767 illud
3492 2730 3590 2782 quo
3609 2716 3762 2780 subju-

2237 2812 2385 2867 gatus
2414 2812 2496 2854 est
2527 2802 2770 2855 mundus.
2801 2803 2925 2855 Nam
2957 2813 3008 2856 et
3041 2804 3126 2857 ille
3169 2803 3478 2857 honorando
3505 2821 3602 2857 non
3630 2807 3762 2855 auiti

2237 2894 2469 2968 quotidie
2498 2910 2738 2955 sumere,
2772 2906 2824 2947 et
2851 2897 2941 2948 ille
2964 2897 3272 2949 hoooranilo
3286 2914 3388 2950 non
3417 2897 3762 2951 audetullodic

2235 2987 2337 3052 81
2392 2987 2811 3050 praetermittere.
2870 2986 3240 3052 Contemptutn
3293 2988 3459 3041 solum
3517 3003 3612 3040 non
3669 2991 3758 3038 rnlt

597 3087 889 3142 peceatum,
915 3078 1005 3130 sed
1039 3087 1335 3142 contempta
1370 3079 1450 3132 vel
1491 3079 1645 3131 etiam
1687 3089 1985 3146 oppugnata
2027 3079 2134 3144 ipsa
2165 3058 2208 3118 (Σ
2239 3073 2387 3124 cibus
2418 3071 2550 3142 [ille]
2584 3076 2680 3125 iste
2718 3088 2742 3125 s
2765 3085 2852 3126 cut
2885 3075 3072 3127 Manna
3106 3075 3396 3129 fastidium.
3431 3077 3547 3130 Inde
3570 3077 3696 3129 enim
3718 3087 3756 3125 et

596 3164 834 3216 remissio
859 3174 1220 3231 peccatorum;
1244 3174 1398 3232 atque
1417 3166 1484 3217 ita
1507 3165 1698 3218 dicitur
1715 3167 1932 3218 verbum
1957 3178 2138 3218 contra

597 3255 848 3320 Spiritum
882 3264 1120 3308 sanctum
1143 3296 1156 3318 ,
1209 3271 1326 3308 eum
1358 3271 1420 3310 ex
1451 3256 1783 3323 dispersione
1812 3256 1875 3308 ad
1909 3271 2134 3324 congre-

595 3345 855 3408 gationem
885 3359 1148 3411 nunquam
1179 3345 1410 3407 venitur,
1442 3361 1558 3413 qua:
1585 3345 1647 3398 ad
1677 3347 1984 3398 remittenda
2015 3361 2122 3413 pec-

595 3444 705 3485 cata
735 3436 936 3500 accepit
984 3435 1237 3502 Spiritum
1264 3445 1523 3488 sanctum.
1558 3435 1633 3488 Ad
1667 3451 1820 3504 quam
1854 3451 2136 3502 congrega-

598 3523 788 3572 tionem
833 3524 1037 3575 etiamsi
1085 3538 1176 3590 per
1223 3524 1415 3576 malum
1469 3524 1714 3577 clericum
1745 3566 1760 3589 ,
1812 3518 1901 3576 seil
1964 3536 2133 3576 tamen

597 3612 910 3664 catholicum
979 3614 1293 3679 ministrum,
1353 3616 1632 3681 reprobum
1698 3626 1750 3669 et
1818 3616 1991 3668 [iitum
2044 3618 2134 3669 ali-

595 3701 711 3765 quis
743 3703 1024 3754 accesserit
1053 3703 1211 3756 corde
1238 3718 1339 3756 non
1376 3706 1496 3756 ﬁcto
1516 3743 1531 3767 ,
1561 3704 1611 3756 itt
1646 3703 1758 3770 ipso
1794 3704 1988 3769 Spiritu
2017 3721 2136 3755 sau-

593 3801 678 3841 cto
722 3793 1090 3845 remissionem
1128 3793 1316 3859 accipit
1363 3805 1692 3860 peccatorum
1727 3811 1737 3844 :
1768 3794 1853 3860 qui
1906 3794 2134 3860 Spiritus

594 3891 801 3932 sanctus
835 3883 883 3932 in
916 3892 1091 3934 sancta
1128 3882 1360 3935 Ecclesia
1388 3923 1402 3945 ,
1445 3884 1598 3934 ctiam
1639 3881 1737 3933 isto
1767 3891 2001 3948 tempore
2031 3897 2135 3949 quo

597 3968 736 4019 velut
761 3984 877 4021 area
895 3985 1010 4022 cum
1034 3971 1181 4035 palea
1216 3973 1505 4030 trituratur,
1541 3974 1617 4023 sic
1641 3982 1905 4036 operatur,
1933 3981 1988 4024 ut
2018 3973 2133 4023 unl-

597 4054 693 4106 litts
722 4071 896 4108 veram
923 4059 1303 4111 confessionvm
1336 4071 1663 4122 aspernetur,
1699 4059 1892 4110 nullius
1922 4060 2133 4110 simula-

596 4149 740 4200 tione
771 4147 994 4208 l’allatur,
1025 4159 1177 4216 atque
1201 4151 1269 4201 ita
1293 4150 1546 4215 reprobos
1571 4150 1753 4217 fugiat,
1779 4159 1834 4200 ut
1863 4150 2017 4202 etiam
2041 4165 2133 4215 per

594 4253 776 4292 eorum
818 4238 1162 4290 ministerium
1194 4239 1381 4304 probos
1409 4239 1637 4298 colligat.
1671 4238 1840 4291 Unum
1870 4253 1996 4305 ergo
2025 4239 2132 4289 sul-

590 4327 789 4399 fugiam
820 4337 919 4390 est,
963 4343 1028 4381 ne
1056 4328 1121 4380 sit
1161 4328 1534 4380 irremissibilis
1577 4329 1918 4394 blasphemia,
1961 4336 2019 4380 ιη
2045 4344 2135 4381 cor

2243 3167 2530 3232 Apostolus
2577 3167 2590 3218 i
2633 3166 2787 3234 digne
2831 3165 2956 3218 dicit
2986 3178 3259 3233 acceptum
3301 3169 3368 3220 ab
3395 3167 3471 3220 eis
3500 3207 3514 3230 ,
3555 3167 3636 3231 qui
3676 3169 3756 3216 ho‘

2245 3271 2348 3309 non
2367 3257 2734 3308 discerncbant
2757 3271 2784 3308 a
2815 3258 3024 3310 caiteris
3046 3257 3176 3310 cibis
3200 3259 3532 3312 veneratione
3555 3256 3755 3324 singula-

2241 3345 2373 3397 riter
2398 3345 2595 3398 debita.
2629 3346 2889 3399 Continuo
2913 3347 3104 3414 quippe
3127 3361 3243 3399 eum
3265 3349 3500 3409 dixisset,
3525 3347 3750 3400 Judicinnt

2237 3435 2335 3485 sibi
2370 3434 2647 3485 manducat
2668 3444 2717 3486 et
2748 3435 2906 3500 bibit,
2936 3434 3083 3487 addit
3121 3446 3172 3487 ut
3203 3436 3428 3498 diceret,
3458 3435 3562 3488 Non
3590 3435 3749 3501 dijudi-

2236 3538 2262 3575 c
2284 3540 2361 3575 »ns
2392 3539 2582 3590 corpus
2613 3525 2837 3580 Domini.
2885 3525 3024 3590 quod
3055 3525 3185 3578 satis
3215 3526 3328 3591 ipso
3361 3527 3473 3578 loco
3509 3525 3556 3576 in
3605 3523 3742 3588 Epit

2234 3613 2297 3662 ad
2333 3613 2571 3664 Corinth.
2608 3629 2643 3674 ι,
2689 3613 2732 3665 si
2763 3613 3042 3680 diligenter
3070 3612 3395 3676 attendatur,
3429 3622 3652 3679 apparet.
3682 3613 3746 3660 Sit

2234 3701 2425 3768 aliquis
2448 3710 2756 3768 peregrinus
2791 3703 2839 3754 iu
2870 3717 2934 3754 eo
2965 3702 3100 3754 forte
3133 3703 3249 3755 loco
3275 3704 3358 3755 ubi
3391 3709 3744 3769 perseverantes
3830 3757 3831 3773 χ

2239 3790 2288 3840 in
2317 3791 2688 3844 observatione
2733 3791 3182 3860 Qitadragesimae,
3233 3809 3330 3847 nec
3370 3795 3540 3862 quinta
3565 3791 3738 3844 sabbati

2236 3875 2404 3927 lavant
2428 3878 2730 3930 relaxantve
2757 3878 3013 3946 jejunium
3043 3899 3056 3934 :
3081 3881 3215 3938 Non.
3247 3883 3429 3948 inquit,
3462 3883 3604 3933 hodie
3625 3880 3736 3946 jeju-

2239 3965 2394 4017 nabo.
2423 3965 2685 4031 Quzeritur
2724 3970 2920 4021 causa?
2945 3969 3075 4033 Quia
3109 3985 3211 4022 non
3246 3970 3330 4032 fit,
3366 3972 3551 4034 inquit,
3581 3971 3625 4020 in
3661 3982 3735 4032 pt-

2235 4054 2327 4105 tria
2361 4070 2492 4108 mea.
2541 4056 2674 4120 Quid
2717 4057 2855 4108 aliud
2887 4058 3020 4127 [illel
3047 4059 3145 4111 iste
3173 4099 3186 4120 ,
3223 4059 3318 4111 nisi
3349 4059 3729 4111 consuetudinem

2236 4155 2383 4192 suam
2457 4144 2818 4196 censuetudini
2887 4144 3103 4198 alterius
3159 4161 3463 4211 prmponere
3516 4140 3733 4198 cunam”

2239 4229 2349 4281 Non
2376 4232 2516 4282 enim
2559 4231 2685 4283 milii
2725 4233 2790 4286 de
2815 4232 2971 4285 Libro
3004 4233 3093 4285 Dei
3133 4233 3286 4304 [hmc]
3323 4234 3416 4286 hoc
3464 4234 3732 4286 recitaturus

2236 4327 2337 4370 est.
2368 4323 2459 4370 Aul
2488 4319 2740 4372 universa!
2761 4319 3124 4388 [quacumque]
3137 4323 3166 4372 il
3192 4323 3379 4373 latatur
3400 4322 3623 4373 Ecclesir
3644 4319 3730 4381 pic-

595 4420 929 4482 impmuitens
957 4426 1217 4477 caveatur.
1246 4432 1342 4469 nec
1371 4418 1520 4468 aliter
1553 4416 1852 4482 paenitentia
1885 4418 2132 4483 prodesse

2241 4423 2299 4458 na
2321 4421 2446 4460 voce
2459 4407 2679 4458 certabit
2699 4449 2712 4471 ,
2729 4418 2815 4459 attt
2837 4410 3065 4460 ostendet
3095 4408 3238 4459 illum
3258 4418 3436 4461 contra
3458 4410 3594 4459 [idem
3613 4407 3727 4456 face-

593 4510 836 4560 ctezlatur
867 4509 960 4560 nisi
995 4516 1048 4560 ut
1080 4516 1316 4561 teneatur
1344 4508 1600 4569 Ecclesia,
1644 4509 1728 4560 ubi
1758 4511 1994 4561 remissio
2019 4524 2134 4572 pec-

591 4607 824 4647 catorum
857 4596 1006 4647 datur
1041 4605 1092 4649 et
1133 4599 1354 4649 socii-tas
1397 4597 1621 4662 Spiritus
1664 4596 1712 4648 in
1751 4597 1955 4650 vinculo
1994 4598 2133 4663 pacis

591 4685 901 4736 t‘ttslotlitttr.

1118 4774 1333 4826 CAPUT
1381 4773 1589 4825 CXXV.

591 4885 662 4935 Dc
690 4885 763 4931 his
789 4884 873 4949 qui
901 4882 1116 4941 quotidie
1141 4892 1180 4930 ct
1217 4885 1273 4930 dc
1296 4883 1368 4932 Itis
1393 4884 1474 4947 qni
1505 4899 1710 4948 ιιρννιειό
1736 4885 2123 4942 communicant,

659 4957 729 5002 τε(
755 4965 897 5001 eitum
930 4957 988 5000 de
1029 4953 1102 5000 Itis
1129 4953 1210 5012 qui
1247 4954 1295 4999 in
1334 4967 1470 5001 ca’ua
1517 4951 1715 5001 Domini
1755 4965 1862 5017 post
1899 4968 2117 5001 commu-

657 5039 763 5071 ιιι-ιιι
792 5024 952 5069 meum
980 5019 1342 5088 Eiidem-istum:
1370 5032 1602 5084 sumunt;
1635 5036 1695 5072 ex
1723 5021 1849 5072 libro
1872 5023 2033 5088 primo
2057 5023 2122 5068 nd

657 5090 1008 5155 Inquisitiones
1038 5087 1295 5139 Januarii.

654 5200 850 5251 [)lMH‘il
881 5199 1063 5264 aliquis
1089 5239 1103 5261 ,
1145 5215 1244 5250 non
1273 5202 1510 5266 quotidie
1531 5204 1899 5270 accipiendam
1929 5204 2122 5257 Eucha-

583 5291 800 5340 ristiam.
832 5287 1108 5351 Qumsieris
1135 5291 1336 5355 quare?
1367 5293 1648 5355 Quoniam,
1684 5295 1867 5360 inquit,
1897 5296 2122 5362 eligendi

581 5391 700 5431 sunt
745 5382 856 5431 dies
882 5379 1066 5445 quibus
1099 5386 1272 5445 pnritt.
1305 5387 1460 5435 homo
1485 5385 1944 5451 continentiusque
1971 5389 2123 5448 vivit,

579 5482 679 5531 quo
733 5469 794 5520 ad
826 5476 1046 5518 tantum
1093 5481 1470 5523 sacramentum
1522 5473 1708 5539 dignus
1753 5475 1984 5526 accedat.
2021 5474 2119 5540 Qui

582 5559 712 5606 enim
747 5557 1133 5611 nianducaverit
1159 5559 1396 5628 indigne,
1425 5559 1683 5627 judicium
1713 5562 1810 5617 sibi
1844 5563 2128 5616 manducat

2237 4512 2313 4555 re,
2337 4511 2392 4547 se
2410 4507 2584 4548 autem
2608 4497 2888 4549 secundum
2913 4497 3065 4550 {idem
3092 4513 3367 4564 moresque
3391 4500 3500 4549 hinc
3517 4497 3721 4560 optima“.

2236 4595 2322 4636 aut
2353 4585 2491 4636 illum
2522 4585 2745 4647 violare,
2771 4597 2858 4636 aut
2879 4601 2936 4637 se
2956 4585 3221 4638 custodire
3243 4589 3525 4638 com-iacet.
3557 4581 3723 4631 Violant

2232 4689 2356 4725 sane
2385 4676 2611 4740 quietem
2664 4683 2714 4726 et
2763 4689 2938 4739 pacein
2976 4674 3197 4743 {suam},
3227 4673 3291 4725 de
3336 4675 3577 4740 superﬂua
3604 4684 3719 4734 qia-r-

2233 4768 2405 4817 stioue
2437 4766 2673 4817 rixando.
2709 4765 2908 4817 Mallem
2943 4775 3112 4816 tanien
3165 4768 3213 4814 in
3258 4767 3412 4816 rebus
3442 4757 3716 4826 huiusmodi.

2234 4867 2286 4906 ttt
2313 4865 2364 4907 ct
2393 4857 2475 4906 ilie
2507 4857 2554 4905 itt
2588 4855 2770 4920 hujus,
2795 4866 2842 4904 et
2876 4854 2954 4904 hic
2989 4854 3038 4904 in
3073 4854 3207 4902 illius
3241 4853 3403 4918 patria
3432 4853 3491 4900 ab
3530 4863 3586 4900 eo
3610 4842 3715 4909 ψιοά

2228 4945 2401 4995 casteri
2434 4942 2618 4994 iaciunt
2651 4960 2752 4994 non
2777 4943 3102 4993 abhorreret.
3124 4941 3177 4992 Si
3201 4957 3327 4992 vero
3350 4943 3498 4992 etiam
3521 4940 3563 4989 in
3583 4937 3712 4984 alr»!

2234 5035 2396 5097 patria
2429 5048 2543 5084 entn
2575 5033 2994 5099 peregrinaretur
3021 5072 3034 5092 ,
3059 5032 3144 5082 ubi
3177 5031 3348 5097 major
3368 5041 3418 5082 et
3449 5029 3500 5079 fr.
3520 5029 3711 5093 quentént

2229 5133 2279 5173 et
2315 5122 2596 5173 ferventior
2622 5134 2698 5173 est
2731 5124 2950 5188 popqus
2974 5121 3089 5182 Dei,
3126 5120 3274 5180 vidit,
3305 5121 3444 5172 verbi
3467 5120 3632 5185 gratia.
3653 5115 3708 5162 bis

2229 5210 2407 5260 oll'erri
2433 5212 2606 5276 quinta
2624 5212 2821 5261 sabbati
2865 5209 3200 5261 ltebdomada:
3222 5209 3414 5259 ultimm
3433 5207 3712 5270 Quadrach

2233 5314 2350 5358 ni.c,
2378 5309 2424 5348 et
2459 5312 2608 5347 nanc
2639 5309 2686 5349 et
2717 5300 2778 5348 ad
2813 5313 3100 5361 Vcs'ieiattt,
3131 5299 3446 5361 veniensque
3476 5297 3706 5358 inpatrm'"

2231 5401 2378 5439 Suam
2413 5387 2496 5438 ubi
2524 5389 2572 5436 in
2607 5388 2705 5438 ﬁne
2728 5388 2829 5438 diei
2859 5401 2972 5437 mos
3011 5399 3087 5436 est
3113 5387 3311 5446 offerri,
3336 5385 3465 5437 male
3485 5379 3703 5446 atqueii‘lt-

2233 5479 2332 5529 cite
2377 5478 2483 5528 ﬁeri
2511 5477 2810 5538 contendat,
2842 5476 3085 5542 quoniam
3110 5476 3231 5526 alibi
3257 5475 3406 5527 aliter
3428 5475 3527 5540 ipse
3545 5465 3704 5520 ridi-tit,

2312 5581 2324 5583 _
2367 5566 2438 5583 ϊ-
2483 5577 2546 5583 __-
2579 5568 2590 5578 -
2626 5574 2666 5583 ._
2710 5579 2757 5583 --
2833 5580 2883 5583 __
2935 5565 3139 5583 .____-,l,
3169 5578 3186 5583 -
3237 5567 3245 5583 z
3330 5580 3344 5583 μ
3399 5563 3467 5583 ινξμ
3521 5559 3698 5583 ...1.-..ιη

2235 5566 2442 5634 puerilis
2473 5577 2549 5618 cst
2579 5568 2674 5619 iste
2706 5579 2889 5618 sensus
2928 5565 3190 5617 cavendus
3235 5567 3284 5619 iu
3329 5563 3494 5631 nobis,
3521 5559 3698 5614 tuleran-

3813 4261 3819 4346 l

3809 4459 3815 4634 l
