3886 6224
605 277 707 332 735

1635 279 1700 338 D.
1744 276 2058 337 EUCYPI'II
2103 274 2380 334 ABBATIS
2421 281 2733 338 AFlllCANl
3525 336 3532 341 _
3704 281 3772 334 Td

593 404 873 458 gemimus,
892 394 1046 449 modo
1062 393 1238 448 induet
1258 395 1722 465 incorruptionem,
1739 406 1792 448 et
1805 394 2024 448 mortale
2036 391 2134 442 hoc
2169 389 2215 444 Α
2243 392 2291 442 in
2317 393 2467 446 bonis
2489 395 2735 462 operibus
2751 409 2966 462 apparet
2983 395 3309 464 horninibus,
3326 393 3626 464 aliquando
3642 406 3774 448 ante:

597 477 824 535 induerit
851 483 1317 538 immortalitatem.
1347 486 1491 540 Nunc
1507 487 1647 540 enim
1676 487 1784 554 jam
1811 486 2020 554 quidem
2051 485 2141 534 ha-

595 565 777 620 bemus
805 585 897 636 per
927 571 1082 625 ﬁdem
1114 573 1373 642 primitias
1403 578 1637 645 spiritus,
1661 579 1752 630 sed
1774 577 1946 630 adhuc
1970 574 2021 626 in
2055 589 2141 626 no-

596 657 909 728 bi~metipsis
937 662 1326 730 ingemiscimus
1364 669 1704 737 adoptionem
1747 675 2138 734 exspectantes,

594 746 1004 814 redemptionem
1029 755 1268 820 corporis
1300 762 1488 810 nostri.
1522 758 1706 811 Restat
1729 756 1906 823 utique
1940 754 2142 808 redem-

593 835 700 900 ptio
737 841 974 906 corporis
1013 845 1199 911 nostri,
1242 861 1396 915 quam
1433 855 1820 914 exspectantes,
1865 845 1918 897 in
1966 844 2138 897 nobis-

591 927 834 994 metipsis
851 929 1263 999 ingemiscitnus.
1283 935 1431 990 Unde
1446 946 1524 990 est
1537 936 1664 989 illud
1682 952 1696 990 :
1714 936 1818 1003 Spe
1832 933 2135 1004 gaudentes,

590 1016 642 1068 in
674 1017 1008 1074 tribulatione
1040 1026 1323 1091 patientes.
1360 1026 1483 1079 llaec
1522 1027 1681 1095 igitur
1723 1023 1990 1078 innovatio
2021 1024 2140 1075 vitae

590 1112 782 1165 ηυειΙιε
810 1115 864 1160 et
892 1109 1105 1176 quidam
1131 1112 1378 1165 transitus
1409 1113 1473 1167 de
1497 1122 1666 1168 morte
1693 1113 1760 1166 ad
1787 1114 1942 1165 vitam
1967 1111 2055 1180 qui
2086 1111 2143 1162 ﬁt

590 1194 758 1257 primo
781 1212 874 1264 per
903 1198 1078 1262 ﬁdem,
1103 1210 1158 1254 ut
1183 1201 1234 1253 in
1264 1216 1358 1268 spe
1385 1203 1727 1271 gaudeamus,
1753 1212 1807 1257 et
1833 1203 1884 1256 in
1916 1200 2138 1255 tribula-

590 1279 733 1336 tione
755 1285 1012 1349 patientes
1035 1286 1219 1350 simus,
1246 1287 1370 1341 dmn
1403 1289 1577 1344 adhuc
1606 1290 1837 1345 exterior
1869 1291 2025 1343 homo
2047 1305 2140 1342 no-

588 1377 697 1419 ster
723 1372 1092 1439 corrumpitur,
1146 1375 1238 1427 sed
1283 1375 1504 1429 interior
1542 1388 1824 1431 renovatur
1850 1377 1916 1430 de
1959 1378 2042 1429 die
2088 1377 2138 1429 in

587 1453 748 1507 diem.
796 1455 1018 1522 Propter
1057 1458 1225 1525 ipsum
1276 1461 1484 1514 initium
1543 1477 1698 1516 novae
1723 1465 1873 1527 vitae,
1925 1473 2141 1532 propter

585 1551 778 1590 novum
811 1538 1095 1604 hominem,
1127 1558 1282 1608 quem
1308 1545 1556 1611 jubemur
1593 1547 1833 1611 induere,
1862 1556 1916 1602 et
1943 1563 2141 1603 exuere

584 1623 857 1679 veterem;
907 1632 1255 1687 expurgantes
1297 1635 1446 1677 vetus
1489 1624 1826 1690 fermentum,
1876 1634 1932 1678 ut
1975 1628 2140 1681 simus

586 1707 718 1746 nova
747 1697 1072 1762 conspersio,
1103 1701 1347 1766 quoniam
1379 1702 1576 1756 Pascha
1620 1713 1859 1757 nostrum
1892 1705 2134 1758 immola-

582 1779 669 1824 tus
681 1781 762 1826 est
776 1772 1035 1830 Christus.
1053 1776 1276 1844 Propter
1289 1777 1420 1832 hanc
1433 1795 1559 1848 ergo
1580 1782 1697 1834 vitae
1712 1783 1991 1835 novitatem
2002 1823 2014 1844 ,
2032 1783 2106 1850 pri
2119 1809 2132 1819 -

584 1863 702 1901 Inus
749 1850 946 1905 mensis
977 1855 1026 1906 in
1056 1856 1503 1921 anni-mensibus,
1537 1858 1880 1910 celebrationi
1913 1858 2034 1911 huic
2057 1867 2138 1911 at-

584 1925 811 1978 tributus
843 1938 939 1981 est.
973 1929 1099 1982 Nam
1147 1933 1256 1998 ipse
1285 1934 1474 1984 dicitur
1517 1943 1568 1984 et
1617 1935 1817 1986 mensis
1858 1950 2133 1991 novorum.

584 2004 714 2068 Quia
745 2020 869 2058 vero
903 2006 954 2058 in
987 2018 1094 2060 toto
1119 2019 1353 2076 tempore
1373 2012 1574 2072 saeculi,
1610 2027 1750 2064 nunc
1777 2013 1986 2065 tertium
2013 2024 2140 2067 tem-

585 2107 681 2158 pus
709 2093 972 2160 apparuit,
1001 2093 1118 2148 ideo
1148 2097 1467 2150 resurrectio
1499 2098 1740 2151 triduana
1771 2110 1868 2153 est.
1902 2101 2135 2154 Primum

583 2178 720 2230 enim
769 2189 973 2247 tempus
1004 2192 1082 2234 est
1125 2191 1249 2238 ante
1288 2184 1476 2252 legem,
1529 2186 1814 2239 secundum
1855 2189 1953 2241 sub
2002 2189 2133 2256 lege,

585 2266 795 2318 tertium
834 2269 931 2318 sub
965 2268 1163 2334 gratia,
1198 2269 1284 2321 ubi
1310 2270 1419 2338 jam
1454 2272 1809 2326 manilestatio
1847 2283 1926 2325 est
1963 2288 2138 2326 sacra-

584 2358 743 2408 menti
775 2357 919 2423 prius
939 2359 1126 2412 occulti
1153 2360 1202 2412 in
1227 2361 1532 2426 prephetico
1555 2363 1853 2432 aenigmate.
1883 2365 1990 2418 lloc.
2014 2381 2139 2433 ergo

582 2456 634 2496 et
667 2447 716 2497 in
748 2445 916 2498 lunari
948 2463 1164 2501 numero
1195 2449 1539 2516 signiﬁcatur.
1571 2452 1700 2517 Quia
1730 2455 1868 2506 enim
1898 2466 2138 2522 septena-

587 2538 692 2588 rius
724 2553 974 2591 numerus
1017 2540 1152 2592 solet
1188 2540 1237 2596 in
1286 2541 1574 2610 Scripturis
1613 2546 1675 2596 ad
1708 2547 1986 2611 quamdam
2022 2564 2136 2614 per-

587 2627 864 2680 fectionem
891 2631 1140 2696 mysticus
1165 2645 1438 2698 apparere,
1457 2633 1606 2685 tertia
1633 2633 1959 2688 hebdomada
1983 2637 2139 2688 Luna:

590 2714 786 2768 l'ascha
829 2717 1142 2782 celebratur,
1167 2721 1252 2786 qui
1279 2720 1390 2772 dies
1414 2722 1664 2781 occurrit.
1698 2738 1724 2773 a
1750 2725 2137 2790 quartadecima

589 2807 639 2857 in
669 2806 966 2858 vicesimam
981 2808 1222 2874 primam.
1242 2809 1456 2864 Estillic
1482 2819 1536 2864 et
1561 2811 1704 2864 aliud
1727 2821 2135 2875 sacramentum,

587 2895 722 2963 quod
747 2897 789 2948 si
811 2895 900 2949 tibi
919 2896 1197 2950 obscurum
1217 2897 1392 2962 fuerit,
1415 2899 1533 2966 quia
1558 2900 1608 2952 iu
1634 2900 1822 2954 talibus
1845 2903 2139 2970 inquisitio-

587 2986 740 3040 nibus
772 2986 944 3040 minus
972 2988 1208 3042 eruditus
1246 3003 1326 3052 es,
1360 3003 1462 3043 non
1492 2992 1854 3057 contristeris,
1899 3005 1994 3044 nec
2021 2990 2139 3044 ideo

2248 481 2298 532 in
2326 485 2649 538 conscientia
2693 485 2841 546 latet,
2888 500 2950 539 ac
2981 488 3089 540 Deo
3133 486 3524 542 tantummodo
3565 496 3675 538 nota
3700 501 3776 542 est.
3835 481 3843 578 ll

2246 582 2363 621 eum
2393 571 2508 624 solo
2557 587 2782 638 corpore
2811 583 3031 639 apparet
3061 575 3394 642 hominibus,
3435 576 3578 630 sient
3616 576 3778 628 contio-

2242 660 2316 726 git
2338 675 2456 712 cum
2486 676 2700 716 oramus
2740 665 2790 716 in
2817 665 2996 730 corde,
3029 673 3083 718 et
3104 669 3254 733 quasi
3288 668 3426 720 nihil
3460 681 3621 736 agere
3642 665 3770 717 vida

2245 763 2379 811 mur,
2405 747 2528 802 dum
2556 767 2661 804 non
2685 753 2750 805 ad
2779 761 2995 816 terram,
3027 755 3121 808 sed
3149 769 3364 808 sursum
3398 771 3502 810 cor
3524 755 3780 823 habereil-

2243 840 2431 894 bemur
2459 841 2524 895 ad
2556 843 2854 898 Dominum.
2905 846 3007 899 Alii
3047 857 3220 901 autem
3253 847 3450 899 dicunt
3483 863 3590 899 non
3622 849 3780 901 bal-ere

2245 928 2419 981 lunam
2466 931 2639 986 lumen
2685 934 2974 1001 proprium,
3021 934 3114 988 sed
3159 950 3189 988 a
3228 937 3344 990 sole
3391 936 3674 999 illustrari,
3713 940 3781 990 sed

2241 1019 2450 1084 quando
2476 1035 2593 1073 cum
2621 1021 2708 1075 illo
2733 1033 2834 1086 est,
2865 1038 2980 1077 eam
3014 1037 3212 1091 partem
3245 1025 3310 1077 ad
3333 1040 3443 1077 nos
3486 1024 3678 1077 habere
3704 1041 3780 1090 qua

2243 1121 2345 1159 non
2389 1108 2698 1171 illustratur,
2730 1121 2782 1164 et
2814 1113 2931 1166 ideo
2966 1113 3095 1165 nihil
3121 1114 3170 1166 in
3201 1128 3268 1166 ea
3294 1114 3435 1168 lucis
3474 1113 3669 1175 videri,
3690 1129 3782 1164 cum

2246 1206 2422 1250 autem
2453 1199 2637 1267 incipit
2664 1201 2730 1252 ab
2758 1201 2846 1254 illo
2874 1202 3122 1257 recedere
3153 1203 3433 1267 illustrari,
3471 1203 3541 1256 ab
3571 1216 3632 1253 ea
3651 1203 3779 1254 etiam

2244 1297 2392 1352 parte
2419 1303 2574 1356 quam
2609 1289 2767 1342 habet
2790 1291 2854 1343 ad
2886 1302 3108 1355 terram,
3143 1305 3196 1346 et
3232 1291 3552 1346 necessario
3583 1290 3781 1355 ἱμείρετε

2241 1389 2267 1425 a
2302 1377 2571 1441 cornibus,
2603 1378 2772 1432 donec
2821 1379 2910 1432 ﬁat
2948 1381 3335 1449 quintadecima
3379 1392 3576 1434 contra
3614 1383 3779 1436 solent;

2242 1472 2367 1517 tunc
2411 1465 2551 1518 enim
2589 1466 2703 1520 sole
2732 1469 3007 1522 occidente
3050 1471 3235 1532 oritur,
3283 1479 3339 1521 ut
3382 1468 3632 1536 quisquis
3670 1468 3780 1518 occi-

2240 1553 2451 1607 dentem
2495 1554 2659 1608 solem
2708 1557 3072 1612 observaverit
3112 1572 3230 1610 cum
3271 1573 3393 1611 eum
3435 1558 3663 1625 ceperit
3697 1572 3777 1608 non

2240 1644 2424 1698 videre
2452 1658 2740 1699 conversus
2770 1646 2834 1700 ad
2862 1650 3116 1701 orientem
3149 1648 3324 1701 lunam
3347 1663 3576 1714 surgere
3608 1647 3775 1706 vid-.at,

2167 1731 2211 1791 Β
2237 1743 2394 1802 atque
2424 1733 2547 1788 inde
2583 1749 2647 1787 ex
2676 1735 2779 1787 alia
2808 1744 2976 1803 parte,
3020 1751 3136 1788 (um
3162 1735 3385 1802 coeperit
3417 1734 3773 1804 propinquare,

2244 1821 2383 1875 illam
2414 1830 2613 1890 partem
2651 1822 2718 1875 ad
2747 1831 3206 1886 nos'convertere,
3234 1838 3335 1890 qua
3369 1838 3476 1875 non
3509 1822 3773 1874 illustratur

2240 1914 2409 1966 dOnec
2437 1913 2502 1966 ad
2541 1928 2737 1967 cornua
2780 1915 2959 1968 redeat
2993 1925 3149 1982 atque
3181 1917 3302 1967 inde
3334 1915 3557 1966 omnino
3585 1928 3680 1964 uon
3705 1927 3757 1974 sp

2243 2011 2442 2070 pareat,
2472 2004 2593 2072 quia
2633 2013 2754 2057 tunc
2797 2004 2882 2056 illa
2928 2019 3050 2072 pars
3085 2018 3202 2071 qua:
3231 2003 3547 2063 illustratur,
3593 2013 3771 2050 sursum

2240 2102 2322 2145 est
2350 2092 2413 2145 ad
2436 2098 2648 2154 ccelum,
2678 2093 2742 2146 ad
2776 2103 2967 2147 terram
3009 2104 3205 2155 autem,
3239 2093 3327 2145 illa
3357 2108 3514 2159 quam
3551 2091 3771 2141 irradiare

2241 2183 2319 2234 sol
2363 2196 2464 2235 non
2498 2192 2688 2248 potest.
2737 2184 2871 2250 Ergo
2901 2193 2954 2235 et
2992 2184 3281 2235 secundum
3332 2182 3464 2233 hanc
3494 2181 3772 2247 opinionem

2245 2271 2362 2323 luna
2416 2270 2725 2340 intelligitur
2771 2273 3036 2334 Ecclesia,
3085 2272 3224 2340 quod
3273 2287 3424 2323 suum
3471 2274 3645 2321 lumen
3689 2284 3770 2316 nou

2245 2363 2451 2424 habeat,
2484 2364 2575 2415 sed
2600 2365 2663 2414 ab
2696 2363 2962 2430 unigenito
2995 2362 3081 2414 Dei
3109 2362 3363 2429 Filio,qui
3395 2361 3568 2412 multis
3593 2357 3710 2410 locis
3732 2373 3770 2405 llt

2241 2452 2435 2504 sanctis
2477 2451 2761 2520 Setipluris
2805 2453 3084 2518 allegorice
3122 2453 3198 2503 sol
3247 2452 3540 2518 appellatus
3573 2462 3644 2501 est
3678 2449 3768 2495 illu-

2243 2552 2459 2595 stratur.
2483 2544 2648 2607 Quem
2676 2545 2965 2597 nescientes
2989 2554 3040 2596 et
3061 2559 3280 2598 cernere
3304 2561 3404 2595 non
3430 2545 3657 2596 valentes
3684 2541 3768 2591 bte-

2245 2632 2387 2684 retici
2420 2632 2628 2698 quidam
2659 2632 2722 2685 ad
2767 2634 2920 2685 istum
2959 2635 3122 2686 solem
3166 2649 3477 2700 corporeum
3524 2643 3576 2686 et
3613 2631 3769 2682 visibi-

2244 2720 2361 2782 lem,
2395 2721 2530 2786 quod
2561 2737 2839 2773 commune
2884 2721 3060 2774 lumen
3091 2732 3172 2774 est
3212 2723 3387 2773 carnis
3419 2722 3676 2774 hominum
3706 2727 3768 2766 at-

2243 2825 2346 2876 que
2391 2825 2710 2870 muscarum.
2760 2826 2947 2865 sensus
2990 2812 3305 2878 simplicium
3346 2823 3598 2865 conantur
3637 2825 3768 2860 svi-r-

2245 2908 2353 2951 ιρι-ε
2381 2939 2394 2961 ,
2442 2907 2495 2951 ει
2534 2900 2902 2951 nonnullorum
2945 2911 3187 2953 avertunt
3218 2940 3231 2962 ,
3279 2901 3364 2965 qui
3413 2899 3634 2967 quandiu
3682 2912 3763 2948 non

2248 2997 2466 3051 possunt
2525 2988 2828 3040 interiorem
2892 2988 3059 3040 lucem
3122 2989 3358 3040 veritatis
3435 2997 3602 3040 mente
3663 3001 3765 3038 cort-

591 3093 675 3131 tne
698 3086 847 3144 putes
865 3094 980 3132 esse
1003 3080 1426 3148 meliorem,qnin
1453 3081 1563 3133 haec
1585 3081 1634 3134 in
1649 3081 1835 3134 studiis
1853 3079 2141 3148 puerilibus
2169 3073 2212 3132 C
2247 3077 2400 3136 tueri,
2443 3077 2670 3142 simplici
2717 3078 2816 3130 ﬁde
2860 3077 3115 3129 catholica
3161 3077 3394 3130 contenti
3425 3091 3538 3129 esse
3577 3077 3760 3132 nolunt.

591 3165 747 3220 didici
782 3185 794 3219 :
829 3169 913 3235 qni
958 3170 1096 3221 enim
1143 3167 1412 3235 gloriatur,
1461 3170 1510 3220 ln
1563 3167 1812 3233 Domino,
1870 3169 2141 3237 glorietur.

593 3283 659 3294 —
684 3254 765 3307 Ea:
810 3257 910 3307 alio
962 3273 1126 3324 opere.
1152 3285 1218 3298 -——
1247 3257 1369 3308 Due
1423 3265 1546 3309 sunt
1587 3257 1652 3309 de
1696 3257 1816 3309 luna
1855 3257 2136 3323 opiniones

597 3343 894 3409 probabiles
923 3361 932 3392 :
964 3344 1148 3395 harum
1178 3351 1350 3396 autem
1376 3359 1490 3410 qua:
1518 3359 1636 3396 vera
1669 3345 1758 3408 sit,
1786 3355 1876 3396 aut
1906 3359 2008 3397 non
2030 3361 2143 3396 om-

596 3432 738 3494 nino,
772 3443 858 3484 aut
881 3432 1190 3485 difﬁcillime
1220 3432 1445 3485 arbitror
1483 3448 1635 3500 pisse
1668 3433 1935 3486 hominem
1981 3434 2138 3489 scire.

595 3520 722 3571 Cum
751 3520 887 3572 enim
926 3521 1179 3587 qumritur
1216 3521 1352 3573 unde
1391 3521 1563 3574 lumen
1597 3523 1804 3586 habeat,
1836 3522 1926 3574 alii
1962 3523 2146 3576 dicunt

596 3623 746 3659 suum
775 3609 986 3671 habere,
1033 3610 1122 3660 sed
1153 3610 1362 3676 globum
1393 3609 1505 3676 ejus
1537 3611 1808 3662 dimidium
1839 3612 2032 3672 lucere,
2065 3611 2145 3663 di-

598 3697 811 3749 midium
841 3708 1011 3751 autem
1051 3702 1329 3752 obscurum
1363 3713 1514 3763 esse;
1548 3699 1670 3751 dum
1702 3710 1873 3754 autem
1905 3711 2146 3754 movetur

596 3785 646 3837 in
676 3789 874 3839 circu‘o
905 3803 998 3839 suo
1029 3788 1266 3840 eamdem
1309 3797 1509 3856 parth
1550 3805 1649 3856 qua
1692 3790 1848 3851 lucet,
1895 3791 2142 3858 paulatim

597 3873 658 3926 ad
701 3885 866 3927 terras
896 3877 1152 3937 cenverti,
1197 3886 1251 3928 ut
1284 3877 1446 3928 videri
1490 3891 1516 3928 a
1550 3877 1705 3930 nobis
1731 3880 1914 3943 possit,
1945 3888 1996 3930 et
2030 3878 2146 3930 ideo

599 3964 742 4027 prius
758 3979 870 4030 qua
890 3965 905 4016 i
927 3967 1298 4018 corniculatam
1319 3981 1589 4032 apparere.
1607 3967 1735 4019 Nam
1757 3977 1808 4019 et
1825 3968 1865 4018 si
1892 3967 2049 4021 facias
2072 3969 2146 4034 pi-

602 4056 703 4106 lam
731 4071 791 4108 ex
825 4056 1033 4110 dimidia
1071 4069 1217 4124 parte
1243 4060 1520 4112 candidam
1551 4068 1603 4112 et
1629 4075 1691 4112 ex
1713 4060 1927 4112 dimidia
1959 4063 2147 4114 obscu.

601 4158 752 4196 ram:
783 4145 824 4196 si
871 4159 985 4197 eam
1033 4158 1228 4212 partem
1275 4164 1391 4217 qua:
1438 4149 1660 4202 obscura
1693 4159 1770 4201 est
1819 4161 1938 4203 ante
1968 4151 2148 4204 oculos

600 4238 816 4302 habeas,
851 4239 977 4291 nihil
1020 4241 1262 4293 candoris
1301 4242 1464 4303 vides,
1515 4252 1711 4295 etcum
1743 4243 1969 4308 coeperis
2005 4243 2144 4296 illam

597 4326 873 4380 candidam
915 4338 1113 4394 partem
1142 4329 1207 4381 ad
1237 4330 1416 4383 oculos
1446 4341 1773 4394 convertere,
1821 4333 1865 4385 si
1897 4332 2144 4398 paulatim

2245 3181 2360 3232 quas
2392 3181 2489 3218 una
2542 3165 2767 3232 parvulis
2805 3167 2947 3218 salus
2987 3177 3086 3227 est,
3145 3176 3197 3220 et
3239 3181 3344 3234 quo
3400 3182 3501 3218 uno
3553 3167 3675 3217 lacte
3712 3165 3762 3213 ad

2247 3253 2545 3306 ﬁrmitatem
2592 3253 2854 3308 solidioris
2898 3255 2998 3308 cibi
3047 3267 3192 3308 certo
3232 3256 3421 3308 robore
3462 3255 3757 3321 pervenitur.

2246 3343 2504 3406 Quamlibet
2533 3357 2658 3410 ergo
2695 3343 2911 3396 duarum
2952 3345 3164 3396 istarum
3195 3345 3498 3411 opinionum
3531 3360 3645 3396 vera
3684 3344 3760 3398 sit,

2248 3433 2372 3484 illud
2400 3442 2544 3485 certe
2572 3432 2903 3485 manifestum
2942 3443 3044 3495 est,
3087 3441 3139 3484 et
3172 3434 3338 3485 cuivis
3381 3434 3659 3484 advertenti
3699 3430 3761 3479 la-

2247 3522 2346 3573 cile
2373 3523 2662 3588 cognitum,
2687 3522 2821 3588 quod
2852 3523 2967 3574 luna
2999 3538 3098 3574 non
3125 3534 3377 3588 augeatur
3401 3522 3461 3574 ad
3490 3525 3660 3574 UCUlU:
3683 3537 3760 3570 nn.-

2248 3621 2408 3674 stros,
2441 3611 2537 3663 nisi
2567 3625 2593 3661 a
2624 3613 2733 3663 sole
2765 3611 3079 3673 recedendo,
3111 3628 3278 3679 neque
3321 3613 3568 3664 minuatur
3591 3613 3684 3661 nisi
3712 3609 3762 3656 ad

2248 3703 2410 3753 solem
2459 3716 2522 3754 ex
2570 3703 2666 3753 alia
2714 3712 2861 3769 parte
2916 3703 3335 3769 propinquando.
3387 3702 3592 3754 Attende
3648 3718 3760 3751 nttti;

2248 3792 2383 3858 quod
2421 3793 2470 3844 in
2516 3793 2810 3844 Proverbiis
2848 3795 3062 3859 legimus
3095 3811 3103 3843 :
3134 3794 3356 3858 Sapiens
3397 3796 3518 3845 sicut
3547 3795 3620 3844 sul
3666 3806 3760 3856 pcr-

2252 3891 2441 3945 manet,
2477 3885 2668 3934 stultus
2695 3892 2870 3935 autem
2911 3883 3043 3935 sicut
3085 3884 3230 3935 Luna
3272 3893 3513 3935 mutatur.
3565 3884 3623 3934 Et
3663 3882 3760 3946 quis

2250 3980 2329 4024 est
2374 3973 2582 4038 sapiens
2623 3973 2708 4038 qui
2751 3981 3054 4039 permanet,
3097 3975 3192 4025 nisi
3225 3976 3302 4026 sol
3346 3975 3430 4026 ille
3460 3974 3559 4038 just
3585 3973 3759 4033 tia-,dc

2249 4078 2351 4128 quo
2399 4063 2609 4124 dicitur,
2649 4062 2805 4115 Ortus
2826 4073 2905 4115 est
2932 4064 3054 4115 mihi
3079 4063 3292 4129 iustitiae
3317 4065 3413 4127 sol,
3441 4074 3488 4116 et
3512 4078 3653 4129 quem
3676 4059 3757 4110 sibi

2251 4166 2354 4202 non
2384 4151 2541 4204 fuisse
2569 4161 2739 4203 ortum
2766 4148 2816 4203 in
2849 4152 2934 4204 die
2965 4152 3248 4229 novissima
3283 4153 3573 4219 plangentes
3609 4150 3756 4215 impii,

2249 4241 2436 4293 dicturi
2477 4252 2596 4294 Sunt
2631 4259 2642 4294 :
2678 4243 2739 4294 Et
2765 4242 2984 4310 justitite
3012 4245 3184 4296 lumen
3217 4259 3318 4294 non
3349 4245 3508 4296 illuxit
3541 4244 3696 4300 nobis,
3717 4251 3754 4290 et

2249 4331 2326 4382 sol
2361 4346 2460 4382 non
2490 4340 2632 4383 ortus
2663 4340 2742 4384 est
2772 4331 2963 4386 nobis?
2990 4331 3117 4385 Nam
3143 4332 3298 4385 istum
3330 4334 3499 4386 carnis
3527 4331 3676 4384 oculis
3700 4331 3756 4378 vi-

602 4412 780 4478 iacias,
806 4416 974 4483 primo
998 4432 1191 4470 cornua
1219 4419 1464 4472 candoris
1495 4420 1718 4484 videbis,
1744 4421 1937 4476 deinde
1967 4423 2145 4489 paula-
2177 4409 2224 4466 ῐ)
2251 4420 2454 4472 sibilent
2481 4421 2642 4474 solem
2683 4422 2807 4490 oriri
2835 4419 2958 4474 facit
2979 4437 3137 4488 super
3161 4423 3328 4475 bonos
3356 4433 3408 4475 et
3437 4423 3590 4474 malos
3619 4421 3755 4471 Deus.

603 4503 693 4556 tim
714 4506 925 4570 crescit,
966 4505 1135 4560 donec
1163 4517 1266 4560 tota
1299 4523 1416 4575 pars
1441 4509 1673 4563 candens
1702 4521 1997 4577 apponatur
2024 4527 2146 4566 ocu-

603 4591 665 4646 lls
689 4602 742 4645 et
780 4594 905 4646 nihil
938 4597 1177 4651 obseura:
1201 4599 1414 4651 alterius
1445 4601 1609 4664 partis
1637 4601 1891 4653 videatur.
1921 4601 2069 4666 Quod
2103 4606 2144 4655 si

603 4697 911 4748 perseveres
933 4686 1102 4740 adhuc
1132 4689 1378 4754 paulatim
1401 4699 1730 4752 convertere,
1750 4691 1929 4757 incipit
1950 4693 2144 4744 obscu-

602 4771 729 4824 ritas
764 4786 1048 4839 apparere,
1085 4786 1137 4827 et
1178 4777 1375 4830 candor
1407 4778 1600 4838 minui,
1646 4777 1814 4832 donec
1853 4780 2040 4832 iterum
2081 4782 2144 4832 ad

600 4873 794 4911 cornua
821 4860 1018 4920 redeat,
1049 4873 1099 4913 et
1124 4875 1387 4928 postremo
1413 4875 1551 4920 totus
1574 4869 1640 4919 ab
1663 4869 1824 4920 oculis
1847 4879 2116 4923 avertatur
2133 4911 2145 4929 ,

606 4965 666 5002 ac
697 4967 879 5007 rursus
918 4955 1139 5006 obscura
1171 4955 1256 5006 illa
1288 4971 1406 5022 pars
1441 4959 1551 5010 sola
1585 4959 1750 5024 possit
1781 4960 1944 5012 videri
1973 4978 1984 5010 :
2010 4961 2147 5027 quod

608 5040 716 5092 ﬁeri
747 5043 943 5104 dicunt,
971 5057 1094 5096 cum
1117 5042 1291 5096 lumen
1325 5044 1458 5097 luna:
1487 5045 1690 5099 videtur
1717 5062 1958 5100 cre>cere
1987 5062 2150 5113 usque

606 5130 670 5182 ad
700 5132 1191 5196 quintamdecimam
1229 5134 1421 5196 lunam,
1449 5144 1501 5188 et
1547 5152 1730 5190 rursus
1767 5153 1932 5206 usque
1961 5138 2024 5190 ad
2059 5140 2150 5190 tri-

609 5220 857 5272 i-rsimam
907 5224 1069 5275 minui
1120 5231 1170 5276 et
1226 5224 1398 5276 redire
1441 5225 1504 5276 ad
1545 5241 1774 5289 cornua,
1834 5230 1999 5282 donec
2059 5245 2147 5295 t-e-

612 5309 752 5359 nitus
780 5307 906 5360 nihil
956 5309 1007 5360 in
1063 5325 1122 5362 ea
1165 5309 1298 5363 lucis
1345 5320 1614 5377 appareat.
1669 5315 1966 5368 Secundum
2017 5315 2149 5369 hanc

608 5397 910 5463 opinionem
955 5397 1073 5450 luna
1118 5402 1168 5452 in
1217 5401 1464 5469 allegoria
1517 5403 1774 5466 signiﬁcat
1840 5407 2148 5470 Eeclesiam,

610 5486 747 5551 quod
777 5502 840 5540 ex
871 5499 1016 5555 parte
1045 5489 1260 5554 spiritali
1280 5491 1435 5544 -lucet
1480 5491 1711 5543 licelesia
1745 5509 1756 5543 :
1787 5508 1849 5545 ex
1880 5505 2027 5562 parte
2055 5511 2149 5548 au-

614 5579 720 5627 tem
753 5578 946 5631 ωηωῆ
978 5577 1199 5633 obscura
1229 5590 1329 5643 est,
1361 5587 1414 5632 ct
1441 5578 1717 5648 aliquando
1747 5583 1994 5650 spiritalis
2035 5599 2151 5652 pars

2254 4510 2340 4576 qui
2372 4510 2526 4562 etiam
2572 4509 2701 4575 pluit
2739 4524 2898 4577 super
2935 4510 3105 4577 justos
3143 4519 3196 4563 et
3235 4511 3475 4576 injustos.
3524 4509 3754 4560 Ducuntur

2254 4605 2424 4650 autem
2448 4610 2653 4661 semper
2681 4613 2744 4650 ex
2767 4598 2922 4650 rebus
2949 4597 3238 4650 visibilibus
3267 4599 3330 4650 ad
3368 4598 3628 4650 invisibilia
3651 4609 3755 4646 con-

2254 4701 2394 4751 grua:
2441 4685 2834 4738 similitudines.
2867 4685 2994 4751 Quis
3032 4700 3159 4754 ergo
3201 4697 3281 4742 est
3327 4687 3411 4740 ille
3454 4687 3649 4744 stultus,
3686 4682 3754 4742 uni

2258 4786 2500 4841 tanquam
2531 4776 2646 4826 luna
2671 4784 2920 4839 mutatur,
2951 4777 3048 4828 nisi
3079 4777 3242 4827 Adam
3270 4779 3319 4828 in
3344 4793 3448 4841 quo
3469 4790 3637 4826 omnes
3658 4785 3753 4837 pec-

2255 4865 2542 4916 Caverunt?
2568 4864 2750 4917 Anima
2773 4865 2965 4931 quippe
2995 4868 3218 4916 humana
3239 4864 3491 4916 recedens
3507 4879 3532 4914 a
3551 4863 3647 4914 sole
3664 4861 3750 4925 jus-

2249 4955 2395 5016 titiae,
2427 4955 2492 5006 ab
2522 4954 2602 5006 illa
2645 4955 2845 5008 scilicet
2886 4964 3087 5006 interna
3118 4954 3556 5019 contemplatione
3588 4951 3750 5002 incon:-

2249 5045 2512 5097 mutabilis
2535 5044 2791 5106 veritatis,
2821 5057 3004 5096 omnes
3034 5044 3170 5095 vires
3197 5057 3321 5095 suas
3349 5045 3399 5094 in
3431 5055 3624 5095 terrena
3646 5053 3747 5090 con-

2249 5135 2420 5197 vertit,
2443 5145 2581 5186 eteo
2612 5133 2778 5200 magis
2805 5134 3071 5200 magisque
3100 5133 3412 5185 obscuratur
3443 5131 3491 5182 in
3525 5129 3745 5181 lnlethtl-

2251 5225 2348 5276 bus
2371 5238 2432 5276 ae
2459 5222 2816 5290 superioribus
2844 5222 2977 5273 suis:
3000 5221 3091 5272 sed
3115 5235 3232 5273 cum
3268 5221 3440 5275 redire
3477 5215 3673 5284 coeperit
3699 5213 3746 5262 ad

2252 5313 2392 5365 i'lam
2424 5310 2896 5364 incommutabilem
2937 5309 3280 5376 sapientiam,
3323 5316 3516 5375 quanto
3553 5304 3694 5372 magis
3713 5301 3747 5349 ri

2252 5402 2562 5469 propinquat
2609 5399 2799 5454 aﬂcctu
2851 5398 3089 5467 pietatis,
3147 5408 3295 5450 tanto
3349 5401 3515 5466 magis
3559 5394 3748 5450 exterior

2255 5496 2412 5543 homo
2446 5487 2946 5557 corrntnpitur,'sed
2978 5489 3196 5542 interior
3225 5504 3506 5544 renovatur
3529 5489 3592 5543 de
3615 5487 3685 5538 die
3710 5486 3746 5533 ia

2255 5578 2417 5643 dicm,
2446 5580 2718 5646 onmisquc
2745 5579 2830 5631 lux
2852 5577 2934 5632 illa
2958 5578 3150 5645 ingenti
3176 5596 3292 5648 qux
3315 5582 3378 5634 ad
3406 5581 3634 5635 inluiuu
3659 5589 3738 5625 W-
