3886 6224
558 261 661 317 759

1605 263 1664 314 D.
1713 260 2022 316 liUGYPPlI
2066 260 2352 316 ABIHTIS
2392 263 2706 319 AFRICANI
3691 273 3765 320 πθ

557 375 672 427 dies
694 411 709 439 ,
767 373 1065 427 addendum
1118 373 1298 424 Patres
1357 372 1521 424 nostri
1576 385 1913 435 censuerunt,
1965 385 2015 423 ιιι
2063 379 2115 421 et
2147 375 2188 426 Λ
2223 372 2326 424 Deo
2349 374 2557 436 dicitur,
2582 375 2700 442 quia
2730 387 2845 427 eum
2873 374 3083 430 fecisset
3109 376 3283 429 omnia
3307 390 3468 444 opera
3499 377 3642 429 bona
3671 389 3762 432 ut.

561 473 741 516 nostra
773 461 1029 515 festivitas
1058 479 1083 512 ει
1112 461 1415 514 Judatorum
1458 463 1748 517 festivitate
1779 465 2131 530 distinguere-

560 567 664 615 tur.
694 567 746 610 et
775 557 910 623 quod
941 570 1043 607 non
1077 555 1268 608 frustra
1297 554 1496 609 factum
1526 571 1648 611 esse
1675 557 1996 611 credendum
2026 564 2128 614 est,

563 646 628 697 ab
656 646 742 698 illo
771 644 856 709 qui
887 653 966 696 est
991 653 1112 697 ante
1141 653 1404 712 tempora,
1452 655 1502 699 et
1535 662 1628 713 per
1657 662 1815 716 quem
1847 645 1982 698 facta
2011 658 2130 698 sunt

563 744 820 798 tempora,
868 742 922 785 et
949 732 1036 801 qui
1072 733 1210 785 venit
1253 734 1302 787 in
1355 734 1684 801 plenitudine
1733 744 2045 801 temporum,
2079 747 2130 786 et

563 820 649 887 qui
678 831 987 885 potestatem
1019 823 1245 875 habebat
1275 825 1499 890 ponendi
1532 826 1758 877 animam
1781 839 1927 876 suam
1958 835 2003 876 et
2031 824 2130 876 ite-

559 924 674 961 rum
704 910 996 976 recipiendi
1028 927 1167 974 eam,
1200 922 1252 965 et
1279 913 1398 966 ideo
1424 929 1525 966 non
1560 914 1791 976 fatalem,
1826 914 1916 965 sed
1946 928 2132 979 oppor-

560 1008 739 1052 tunam
781 1011 1148 1068 sacramento,
1191 1003 1331 1071 quod
1383 1003 1757 1056 commendare
1803 1003 2124 1066 instituerat,

565 1088 746 1140 horam
771 1090 1111 1156 eXSpcctabat
1143 1107 1259 1144 cum
1292 1092 1512 1152 diceret,
1562 1091 1802 1144 Nondum
1835 1093 1974 1144 venit
2003 1091 2126 1144 hora

563 1192 708 1244 mea,
764 1189 818 1231 ut
860 1181 908 1231 in
951 1182 1320 1234 anniversaria
1378 1180 1641 1248 passionis
1692 1180 2052 1234 celebratione
2097 1195 2128 1232 a

561 1273 784 1333 posteris
830 1280 1154 1323 servaretur.
1205 1270 1354 1335 Quod
1401 1271 1542 1323 enim
1595 1285 1752 1332 nunc,
1787 1280 1842 1322 ut
1885 1269 2128 1336 superius

559 1361 688 1428 dixi,
737 1360 840 1415 ﬁde
871 1376 930 1414 ac
960 1376 1053 1427 Spe
1087 1359 1360 1431 [gerimus]
1420 1364 1842 1429 peregrinantur,
1874 1373 2031 1429 atque
2071 1369 2126 1413 ut

561 1448 624 1501 ad
650 1447 702 1501 id
737 1449 1099 1517 perveniamus
1131 1449 1418 1503 dilectione
1449 1455 1762 1519 satagimus,
1813 1455 2020 1520 requies
2046 1460 2126 1505 est

561 1539 801 1604 quaedam
842 1539 907 1591 ab
936 1540 1080 1592 omni
1129 1540 1310 1592 labore
1339 1539 1574 1592 omnium
1610 1541 1971 1594 mulcatiarum
2003 1555 2122 1593 δειιω

560 1638 643 1681 cta
681 1638 840 1696 atque
873 1640 1161 1696 perpetua:
1196 1630 1246 1683 iit
1295 1629 1528 1701 [eadem]
1577 1647 1692 1683 eam
1735 1631 1888 1684 nobis
1920 1646 1985 1686 ex
2026 1632 2120 1685 hac

2234 461 2321 523 de,
2350 463 2574 530 septimo
2604 463 2689 515 die
2721 463 2979 529 requievit
3012 466 3079 516 ab
3117 465 3364 518 omnibus
3406 467 3658 532 operibus
3685 485 3764 519 sa:

2233 565 2348 617 quae
2381 551 2502 604 fecit
2531 567 2544 604 :
2573 550 2795 604 futuram
2822 552 2960 604 enim
2993 554 3225 621 requiem
3254 553 3609 621 significabat,
3640 573 3764 620 ιιι-ει»,

2235 650 2348 706 post
2371 641 2504 694 bona
2523 656 2679 710 opera
2701 643 2920 696 daturus
2942 653 3054 696 erat
3078 643 3273 714 [nobis]
3297 645 3626 699 hominibus.
3649 649 3768 701 Sicci

2233 733 2371 784 enim
2397 748 2514 786 cum
2545 734 2678 788 bene
2704 751 3006 802 operamur,
3038 737 3146 801 ipse
3168 739 3361 789 dicitur
3389 741 3603 805 operari
3628 739 3675 789 in
3697 755 3766 789 ue-

2236 823 2333 884 bis,
2364 823 2515 892 cujus
2538 841 2755 879 munere
2781 826 2912 879 bene
2939 841 3231 892 ,operamur
3266 846 3278 878 :
3311 829 3380 882 ita
3411 845 3536 882 cum
3589 835 3766 893 requie-

2232 912 2449 976 scimus,
2494 915 2604 982 ipse
2654 916 2983 983 requiescere
3028 916 3242 978 dicitur,
3284 917 3410 986 [quo
3438 920 3674 971 donante
3701 935 3764 970 ie-

2232 1003 2568 1074 quiescimus]
2603 1007 2739 1072 quod
2785 1022 2887 1058 non
2933 1016 3055 1060 ante
3105 1008 3513 1074 requiescimus.
3573 1012 3766 1075 Idaque

2232 1095 2369 1146 in'er
2416 1096 2586 1148 omnia
2617 1098 2795 1150 decem
2834 1099 2916 1150 illa
2950 1109 3234 1164 praecepta,
3265 1100 3436 1152 stilum
3471 1103 3544 1152 ibi
3568 1105 3698 1166 quod
3718 1105 3768 1152 de

2229 1184 2455 1239 Subhato
2483 1188 2705 1253 positum
2737 1199 2837 1252 est,
2871 1189 3090 1256 ﬁgurate
3117 1191 3509 1243 observandum
3557 1197 3766 1256 irrciii-

2230 1284 2330 1328 tur.
2363 1276 2528 1339 Quam
2554 1277 2771 1342 figuram
2805 1295 2897 1330 uos
2943 1280 3338 1348 intelligendam
3371 1295 3473 1333 non
3507 1284 3665 1332 etiam
3695 1299 3767 1346 per

2227 1367 2390 1417 otium
2415 1368 2685 1431 corporale
2715 1368 3086 1420 celebrandam
3109 1371 3455 1435 suscepimus.
3484 1373 3620 1422 Cum
3650 1375 3763 1423 enim

2228 1452 2459 1506 Sa'bato
2516 1454 2912 1526 [signiﬁcetur]
2965 1458 3323 1512 sauctiﬁcetur
3397 1462 3656 1527 spiritalis
3703 1479 3766 1512 re-

2225 1541 2396 1606 quies,
2433 1543 2498 1595 de
2547 1558 2646 1610 qua
2691 1545 2886 1597 dictum
2933 1555 3012 1598 est
3060 1547 3110 1598 in
3135 1551 3378 1615 psalmo:
3411 1549 3607 1602 Vacate
3638 1562 3679 1602 et
3703 1555 3761 1600 vi-

2223 1633 2344 1685 dete
2369 1637 2488 1702 quia
2524 1650 2621 1701 ego
2650 1636 2916 1705 [quoniam
2954 1651 3054 1705 ego
3097 1653 3211 1690 sum
3267 1638 3429 1709 Deus]
3454 1655 3574 1692 sum
3617 1642 3764 1692 Durni-

559 1720 664 1771 vila
697 1721 753 1770 fit
783 1721 1057 1781 transitus,
1107 1735 1260 1787 quem
1298 1721 1552 1774 Dominus
1583 1733 1762 1775 noster
1787 1722 1941 1774 .lesus
1969 1721 2122 1775 Chri-
2156 1719 2198 1776 B
2227 1739 2349 1786 nus,
2379 1735 2430 1777 et
2457 1741 2560 1793 quo
2587 1737 2841 1778 vocantur
2861 1728 3098 1782 homines
3129 1731 3327 1798 ahipso
3353 1732 3578 1784 Domino
3607 1734 3760 1784 dicre-

564 1819 676 1863 stus
722 1824 816 1863 sua
857 1813 1102 1878 passione
1153 1812 1560 1882 [demonstrare]
1613 1823 2020 1881 prmmonstrare
2071 1822 2122 1866 et

562 1915 877 1954 consecrare
905 1901 1147 1969 dignatus
1196 1912 1299 1954 est.
1343 1902 1483 1971 Inest
1525 1912 1699 1955 autem
1743 1901 1794 1954 in
1825 1903 1908 1955 illa
1941 1901 2122 1970 requie

562 2003 665 2042 non
693 1988 953 2041 desidiosa
987 1989 1231 2057 segnitia,
1263 1990 1355 2042 sed
1389 1991 1628 2056 quaedam
1667 1990 1947 2044 ineffabilis
1980 1999 2120 2044 trano

559 2079 788 2146 quillitas
816 2079 1037 2132 actionis
1057 2080 1264 2133 otiosae.
1299 2081 1386 2134 Sic
1413 2083 1551 2135 enim
1573 2085 1638 2133 ali
1670 2081 1823 2149 hujus
1850 2082 1969 2134 vita:
1996 2096 2113 2148 ape-

563 2172 729 2234 iihus,
763 2172 814 2224 in
849 2171 950 2225 ﬁne
975 2171 1339 2237 requiescitur,
1366 2182 1420 2226 ut
1444 2173 1494 2226 in
1522 2174 1737 2226 alterius
1767 2170 1887 2226 vitae
1915 2171 2122 2227 actioae

561 2263 869 2324 gaudeatur.
917 2262 1020 2317 Sed
1051 2264 1169 2331 quia
1198 2263 1315 2316 talis
1345 2264 1482 2316 actio
1513 2263 1564 2316 iu
1599 2262 1690 2315 Dei
1734 2261 1888 2317 laude
1926 2263 2115 2330 agitur,

561 2355 676 2406 sine
701 2354 880 2407 labore
903 2355 1289 2418 membrorum,
1335 2354 1449 2407 sine
1476 2368 1674 2422 angore
1713 2343 1980 2417 curarum,
2014 2369 2117 2407 non

561 2446 625 2498 ad
659 2443 820 2515 [eam]
873 2446 1056 2499 eadem
1101 2446 1178 2499 sic
1211 2445 1464 2498 transitur
1499 2459 1593 2514 per
1634 2445 1884 2511 quietem,
1938 2452 1992 2496 ut
2022 2444 2118 2512 ipsi

564 2534 756 2606 llabor]
811 2534 977 2589 labori
1031 2535 1302 2597 succedat,
1352 2535 1398 2588 id
1429 2545 1508 2587 est
1539 2549 1642 2588 non
1672 2535 1751 2587 sic
1781 2548 1897 2587 esse
1938 2532 2122 2602 incipit

567 2633 732 2699 actio,
760 2640 818 2684 ut
864 2645 982 2686 esse
1021 2631 1229 2684 desinat
1253 2632 1423 2698 quies.
1453 2628 1634 2697 Neque
1661 2629 1802 2681 enim
1835 2624 2035 2680 reditur
2055 2627 2118 2679 ad

563 2723 772 2776 labores
809 2732 861 2776 et
897 2735 1073 2785 curas,
1119 2720 1212 2774 sed
1249 2727 1523 2787 permanet
1564 2719 1615 2770 in
1652 2715 1858 2770 actione
1884 2715 2023 2784 quod
2054 2716 2118 2767 ad

561 2815 792 2879 quietem
831 2813 1080 2878 pertinet,
1115 2824 1211 2864 nec
1241 2810 1292 2863 in
1328 2824 1488 2878 opere
1517 2808 1774 2868 laborare,
1817 2821 1915 2858 nec
1947 2807 1995 2856 in
2031 2819 2120 2856 co-

562 2903 813 2968 gitatione
855 2899 1129 2952 fluctuare.
1160 2898 1293 2961 Quia
1331 2911 1457 2964 ergo
1499 2911 1592 2962 per
1630 2895 1863 2961 requiem
1906 2894 1968 2945 ad
2013 2893 2118 2961 pri-

565 3007 701 3043 mam
727 2992 882 3042 vitam
914 2988 1135 3053 reditur,
1168 2988 1307 3041 unde
1336 2986 1510 3039 anima
1551 2986 1694 3053 lapsa
1725 2992 1806 3038 est
1836 2984 1886 3037 in
1930 2998 2116 3049 pecca-

2226 1821 2276 1865 te
2299 1828 2313 1872 ;
2338 1811 2524 1866 Venite
2549 1814 2612 1866 ad
2639 1830 2720 1868 me
2742 1829 2926 1870 omnes
2954 1817 3043 1885 qui
3059 1817 3312 1872 laboratis
3333 1833 3384 1873 et
3413 1826 3614 1874 onerati
3637 1823 3761 1883 estis,

2221 1913 2273 1955 et
2303 1917 2401 1970 ego
2432 1919 2524 1956 vos
2556 1904 2823 1970 reficiam;
2852 1907 3019 1962 tollite
3044 1909 3226 1978 jugurn
3258 1926 3435 1963 meum
3477 1927 3637 1978 super
3664 1928 3754 1970 res,

2221 2003 2274 2045 et
2302 1995 2486 2048 discite
2520 2011 2546 2047 a
2571 2012 2652 2050 me
2683 1996 2852 2068 [quia]
2882 2000 3127 2066 quoniam
3157 2001 3299 2054 mitis
3342 2016 3458 2052 sum
3491 2013 3546 2054 et
3574 2002 3759 2054 hullrlis

2221 2084 2400 2148 corde,
2429 2095 2482 2137 et
2501 2087 2776 2140 invenietis
2797 2090 3032 2156 requiem
3051 2090 3326 2144 animabus
3355 2092 3574 2150 vestris;
3601 2103 3760 2144 celera

2223 2178 2395 2223 tamen
2423 2173 2488 2225 ibi
2514 2188 2773 2243 praecepta
2792 2177 3003 2244 proprie
3030 2179 3165 2230 sicut
3183 2192 3442 2245 priBCCplzs
3476 2190 3621 2241 sunt,
3645 2180 3757 2251 [sim

2221 2257 2346 2328 ulla]
2368 2260 2573 2327 singula
2600 2263 2819 2330 figurata
2843 2265 3226 2333 signiﬁcatione
3248 2267 3616 2320 observamus.
3642 2274 3654 2315 t
3681 2269 3762 2318 nd:

2222 2366 2322 2402 non
2374 2353 2802 2408 inconvenienter
2843 2355 3301 2427 intelligimusrad
3349 2372 3585 2411 amorem
3635 2361 3758 2411 cui.

2222 2441 2461 2508 tandum,
2485 2434 2588 2510 quo
2616 2445 2679 2497 ad
2707 2446 2938 2513 requiem
2969 2447 3452 2511 tendimus,valere
3481 2450 3651 2501 omnia
3668 2463 3725 2514 qu
3742 2467 3761 2492 l'

2225 2531 2491 2603 [figurate]
2541 2535 2590 2586 in
2635 2533 2923 2603 Scripturis
2954 2536 3242 2601 dicuntur;
3281 2540 3696 2607 quandoquidem
3720 2537 3758 2588 iit

2221 2621 2478 2673 solum‘in
2508 2620 2764 2691 decalogo
2794 2627 3015 2693 figurate
3056 2626 3382 2693 praecipitur,
3429 2629 3514 2679 tibi
3574 2625 3760 2691 requies

2219 2711 2642 2775 commendatur,
2672 2727 2789 2780 quas
2818 2714 3013 2782 ubique
3056 2725 3284 2778 amatur,
3310 2719 3402 2770 sed
3448 2718 3499 2768 in
3541 2720 3651 2770 solo
3673 2714 3760 2766 Deo

2219 2809 2397 2851 sancta
2422 2812 2473 2853 et
2502 2808 2645 2853 certa
2678 2801 2963 2855 invenitur.
2998 2803 3120 2858 Dies
3144 2813 3317 2857 tamen
3349 2805 3652 2858 Dominicus
3676 2820 3758 2855 non

2219 2887 2442 2950 JudzeiS,
2477 2888 2567 2943 sed
2599 2890 2912 2946 Christianis
2943 2895 3333 2948 resurrectione
3358 2896 3566 2948 Domini
3615 2895 3757 2948 decla-

2223 2989 2365 3032 ratus
2394 2989 2496 3045 est,
2519 2990 2570 3034 et
2597 2997 2659 3034 ex
2692 2982 2780 3036 illo
2823 2983 3017 3036 habere
3049 2985 3208 3052 coepit
3240 2983 3583 3040 fesrivitalem
3612 2999 3757 3038 suam.

565 3090 695 3143 tum,
729 3086 1007 3147 propterea
1035 3077 1268 3131 Sabbato
1302 3077 1512 3143 requies
1545 3073 1892 3144 signiﬁcatur.
1918 3073 2004 3126 llla
2028 3088 2118 3125 au-
2148 3076 2192 3134 c
2227 3069 2428 3121 Anima:
2451 3069 2645 3136 quipie
2685 3071 2918 3123 omnium
2945 3078 3250 3124 sanctorum
3282 3086 3406 3125 ante
3436 3073 3757 3126 resurrectio-

567 3177 668 3217 tem
707 3166 873 3233 prima
904 3165 1007 3218 vita
1029 3204 1043 3230 ,
1083 3179 1200 3232 quae
1240 3161 1351 3233 [de]
1383 3178 1412 3215 a
1444 3162 1871 3230 peregrinatione
1901 3161 2123 3215 redeun-

568 3259 704 3312 tibus
751 3267 805 3312 et
850 3257 1071 3326 primam
1119 3257 1306 3310 stolam
1342 3256 1720 3324 accipientibus
1760 3257 1994 3310 redditur
2032 3271 2124 3323 per

570 3340 723 3403 uuam
757 3348 966 3404 Sabbati
994 3363 1148 3415 quem
1185 3349 1323 3402 diem
1351 3349 1675 3402 Dominicum
1707 3349 1950 3410 dicimus,
1989 3348 2120 3418 ﬁgu-

569 3448 731 3492 ratur.
765 3440 956 3503 Quaare
975 3448 1176 3505 septem
1220 3437 1369 3501 dies,
1421 3435 1667 3491 Genesim
1708 3437 1842 3504 lege,
1884 3437 2123 3489 invenies

569 3530 846 3595 septimum
871 3528 984 3580 sine
1006 3509 1271 3594 vespere,
1291 3526 1411 3592 quia
1439 3525 1670 3593 requiem
1697 3525 1811 3577 sine
1837 3525 1939 3577 ﬁne
1962 3523 2124 3590 signi-

575 3620 719 3672 ficat.
774 3617 950 3671 Prima
1004 3631 1131 3686 ergo
1171 3616 1276 3669 vita
1320 3632 1422 3669 non
1479 3617 1576 3669 fuit
1628 3616 1947 3684 sempiterna
2002 3629 2125 3682 pec-

570 3709 752 3772 canti,
786 3708 995 3777 requies
1048 3718 1224 3763 autem
1278 3709 1458 3761 ultima
1515 3709 1834 3773 sempiterna
1891 3713 2012 3769 est,
2062 3719 2124 3758 ac

571 3815 666 3868 per
729 3798 828 3853 hoc
893 3809 944 3852 et
1013 3809 1245 3852 octavus
1300 3797 1675 3864 sempiternam
1744 3781 2123 3862 beatitudinem

573 3889 822 3951 habebit,
868 3889 988 3957 quia
1043 3888 1253 3955 requies
1299 3887 1390 3940 illa
1449 3900 1570 3952 quae
1633 3884 1952 3952 sempiterna
2008 3893 2120 3946 est,

570 3980 829 4046 excipitur
897 3979 964 4033 ab
1045 3988 1251 4036 octavo.
1331 3991 1435 4028 non
1507 3975 1894 4042 exstinguitur,
1957 3988 2126 4041 neque

573 4069 714 4134 enim
746 4078 887 4122 esset
925 4068 1077 4120 aliter
1105 4066 1450 4135 sempiterna.
1494 4063 1564 4115 Ita
1597 4079 1722 4130 ergo
1763 4065 1866 4116 erit
1888 4071 2124 4124 octavus,

572 4161 657 4232 qui
693 4160 920 4228 primus,
951 4169 1009 4211 ut
1037 4158 1200 4225 prima
1236 4157 1339 4209 vita
1376 4169 1480 4208 non
1527 4155 1764 4218 tollatur,
1802 4155 1891 4207 sed
1932 4161 2126 4206 mterna

573 4247 847 4300 reddatur.
888 4244 1176 4299 Sabbatum
1218 4253 1390 4297 tamen
1413 4241 1838 4294 commendatum
1859 4249 1940 4293 est
1971 4238 2126 4304 priori

576 4334 770 4400 populo
793 4333 844 4385 in
867 4332 977 4384 alio
999 4329 1346 4396 corporaliter
1367 4328 1760 4392 celebrandum,
1787 4337 1841 4379 ut
1866 4329 2024 4391 ﬁgura
2047 4341 2129 4378 es-

2228 3173 2346 3211 nem
2392 3159 2630 3224 corporis
2660 3169 2782 3212 sunt
2811 3160 3021 3223 quidem
3054 3161 3107 3214 in
3153 3163 3358 3227 requie,
3389 3163 3481 3215 sed
3513 3163 3564 3216 in
3594 3179 3649 3215 ea
3676 3176 3759 3214 non

2226 3256 2348 3299 sunt
2377 3248 2606 3311 actioiie,
2640 3263 2738 3314 qua
2765 3262 2983 3316 corpora
3021 3262 3228 3318 recepta
3252 3261 3581 3319 regi-tantur.
3605 3253 3758 3304 Talem

2224 3338 2418 3404 quippe
2447 3336 2705 3390 actionem
2731 3338 3117 3407 signiﬁcatdies
3134 3352 3350 3393 octavus
3377 3343 3461 3408 qui
3486 3356 3540 3396 et
3565 3345 3757 3410 primus.

2223 3429 2343 3494 quia
2391 3441 2495 3480 non
2533 3428 2704 3480 aufert
2743 3429 2883 3481 illam
2942 3431 3201 3497 requiem,
3233 3431 3324 3485 sed
3365 3433 3640 3500 gloriﬁcat.
3668 3431 3760 3484 Non

2224 3518 2365 3570 enim
2398 3519 2534 3572 redit
2563 3534 2680 3572 cum
2705 3535 2929 3588 corpore
2976 3523 3258 3576 difﬁcultas
3293 3539 3355 3576 ex
3385 3539 3631 3591 corpore,
3658 3525 3756 3591 qni:

2226 3621 2322 3660 nec
2353 3611 2641 3678 corruptio.
2661 3612 2879 3678 Oportet
2909 3615 3048 3665 enim
3079 3615 3423 3680 curruptibile
3450 3617 3759 3669 h0cinduere

2225 3701 2700 3765 incorruptionem,
2733 3713 2785 3755 et
2815 3705 3038 3757 mortale
3069 3707 3170 3759 hoc
3201 3705 3422 3760 induere
3470 3706 3755 3760 immortali-

2225 3796 2407 3841 tatem.
2425 3789 2753 3857 Quapropter
2769 3800 2890 3844 ante
2910 3791 3114 3846 Domini
3131 3795 3577 3848 resurrectionem
3595 3810 3756 3863 quani-

2226 3877 2304 3928 vis
2331 3887 2543 3930 sanctos
2574 3878 2774 3943 Patres,
2808 3881 2996 3948 plenos
3029 3882 3344 3949 prophetico
3372 3884 3594 3951 Spiritu,
3613 3881 3754 3936 octavi

2227 3976 2617 4019 sacramentum
2672 3983 3002 4038 nequaquam
3032 3971 3243 4038 lateret,
3267 3987 3372 4039 quo
3399 3973 3756 4039 signiﬁcaretur

2202 4057 2541 4121 ,resurrectio
2568 4058 2709 4125 (nam
2755 4069 2807 4112 et
2845 4075 2939 4128 pro
2980 4071 3167 4116 octavo
3187 4065 3419 4130 psalmus
3439 4058 3754 4132 [inscribitur]

2228 4146 2499 4212 scribitur,
2555 4157 2608 4200 et
2657 4158 2838 4201 octava
2869 4150 2953 4203 die
2990 4152 3502 4205 cireumcidebantur
3535 4154 3753 4208 infantes.

2229 4248 2283 4294 et
2310 4240 2360 4293 in
2394 4241 2714 4296 Ecclesiaste
2740 4244 2804 4296 ad
2833 4244 3053 4298 duorum
3096 4246 3555 4299 Testamentorum
3586 4243 3753 4312 signiti-

2235 4329 2495 4383 catiouem
2518 4330 2732 4397 dicitur,
2760 4334 2829 4384 Da
2859 4334 2962 4386 illis
2988 4345 3189 4402 septem
3218 4344 3271 4388 et
3296 4336 3405 4388 illis
3431 4337 3574 4404 oet")
3614 4346 3752 4386 reser-

570 4421 1098 4478 setsanctiﬁcationis
1123 4420 1172 4471 in
1197 4420 1375 4486 requie
1391 4416 1614 4484 Spiritus
1633 4417 1817 4469 sancti.
1848 4416 2122 4483 Nunquam
2156 4406 2202 4463 Ι)
2234 4427 2407 4472 vatum
2439 4430 2520 4474 est
2544 4429 2718 4476 tamen
2751 4424 2876 4494 [illis
2914 4436 2994 4476 est
3020 4425 3364 4495 occultatum]
3388 4434 3440 4478 et
3467 4426 3750 4479 occultatum

575 4509 896 4581 [Nusquam]
925 4510 1065 4564 enim
1091 4509 1313 4580 legimus
1343 4507 1394 4559 in
1418 4504 1629 4559 Genesi.
1655 4503 2120 4558 sanctiﬁcationem

569 4601 678 4672 84
699 4616 793 4668 per
811 4616 992 4654 omnes
1024 4600 1224 4668 priores
1254 4599 1404 4662 dies;
1439 4598 1530 4650 sed
1559 4597 1623 4650 de
1646 4599 1759 4650 solo
1784 4599 2016 4649 Sahbato
2045 4598 2124 4649 di-

572 4705 713 4745 ctum
741 4701 820 4743 est
854 4709 866 4743 :
893 4690 1246 4744 Sanctiﬁcavit
1273 4686 1457 4761 [Deus]
1481 4686 1622 4740 diem
1658 4687 1959 4755 septimum.
1993 4687 2119 4751 Quia

571 4798 697 4852 ergo
725 4781 956 4836 charitas
981 4779 1283 4844 Deidilfusa
1314 4790 1394 4832 est
1424 4780 1473 4831 in
1523 4778 1770 4832 cordibus
1811 4776 2001 4829 nostris
2032 4793 2123 4844 per

571 4872 823 4938 Spiritum
846 4879 1083 4921 sanctum
1117 4869 1201 4936 qui
1232 4870 1382 4921 datus
1429 4878 1510 4922 est
1550 4868 1720 4932 nobis,
1755 4867 1869 4920 ideo
1894 4867 2124 4920 sanctiﬁ-

572 4959 708 5012 catio
739 4960 789 5011 iri
837 4958 1064 5024 septimo
1112 4957 1196 5009 die
1225 4965 1640 5009 commemorata
1670 4964 1768 5016 est,
1797 4955 1883 5007 ubi
1915 4954 2125 5020 requies

571 5045 990 5098 commendatur.
1011 5043 1140 5110 Quia
1171 5058 1296 5096 vero
1321 5058 1417 5096 nec
1438 5043 1572 5095 bene
1593 5042 1798 5107 Operari
1821 5055 2123 5109 possumus,

575 5130 672 5183 nisi
717 5133 855 5185 dono
903 5130 1019 5200 ejus
1067 5129 1250 5197 adjuti,
1297 5133 1432 5184 sicut
1479 5131 1762 5198 Apostolus
1805 5130 1952 5193 dicit,
1990 5129 2124 5180 Deus

575 5224 715 5274 enim
760 5233 859 5282 est.
904 5223 990 5293 qui
1049 5231 1299 5290 operatur
1341 5227 1388 5277 in
1421 5225 1570 5277 nobis
1598 5233 1650 5276 ct
1681 5223 1811 5274 velle
1837 5234 1884 5274 et
1917 5223 2122 5287 operari

578 5325 671 5377 pro
701 5310 836 5362 bona
869 5314 1162 5376 voluntate,
1193 5326 1291 5365 nec
1316 5312 1514 5383 [agerc,
1543 5328 1637 5364 nec
1670 5309 2020 5380 requiescere]
2049 5326 2126 5363 rc-

570 5403 847 5466 quiescere
880 5403 1166 5468 poterimus
1198 5411 1316 5469 post
1342 5403 1518 5453 omnia
1552 5402 1683 5453 bona
1736 5417 1894 5467 opera
1927 5414 2124 5465 uosm,

575 5507 688 5554 qua?
721 5491 772 5542 in
804 5490 901 5542 hac
925 5492 1026 5544 vita
1057 5495 1305 5561 gerimus,
1333 5491 1430 5547 nisi
1458 5489 1570 5559 ejus
1596 5492 1734 5543 dono
1762 5493 1822 5544 ad
1858 5494 2124 5544 tete-ruitu-

576 5585 676 5632 tem
731 5580 1038 5634 sanctiﬁcati
1097 5591 1148 5634 et
1201 5581 1461 5649 perfecti;
1539 5593 1811 5649 prapterea
1892 5581 1955 5632 de
2014 5582 2124 5649 ipso

2228 4519 2281 4564 et
2321 4511 2494 4565 solum
2524 4513 2897 4566 celebrandum
2935 4514 3222 4567 Sabbatum
3262 4516 3506 4568 traditum
3535 4526 3626 4573 e~t,
3653 4510 3746 4577 quia

2226 4607 2340 4652 erat
2368 4609 2519 4653 antea
2552 4603 2762 4667 requies
2806 4610 3133 4655 mortuorum
3167 4619 3181 4665 ;
3241 4605 3558 4656 resurrecuo
3604 4610 3748 4652 autem

2229 4687 2564 4754 nulliuserat
2610 4688 2797 4758 [donec
2828 4692 3029 4746 veniret
3057 4689 3342 4758 Chrisms],
3375 4694 3462 4755 qui
3505 4699 3744 4756 remige"!

2229 4791 2255 4827 a
2292 4781 2539 4841 mortuis,
2570 4780 2674 4846 jam
2709 4797 2810 4833 non
2842 4790 3153 4844 moreretur,
3191 4793 3244 4835 et
3274 4798 3416 4836 mors
3441 4785 3489 4836 ei
3525 4786 3642 4835 ultr:
3664 4793 3743 4830 non

2232 4867 2595 4918 dominaretur
2621 4886 2631 4916 :
2668 4879 2717 4919 ut
2752 4879 3024 4935 postquam
3052 4869 3182 4921 facta
3206 4879 3285 4923 est
3331 4873 3448 4924 talis
3469 4867 3742 4925 resurreetio

2235 4957 2283 5005 in
2321 4969 2546 5020 corpore
2580 4955 2801 5019 Domini,
2833 4957 2912 5022 (ut
2961 4959 3167 5023 praeiret
3212 4959 3260 5008 in
3309 4960 3479 5019 capite
3509 4959 3738 5012 Sci-fair.

2233 5045 2370 5109 quod
2398 5060 2586 5113 corpus
2611 5047 2854 5122 Ecclesia:
2875 5057 3112 5112 speraret
3140 5049 3190 5100 iu
3211 5049 3358 5114 ﬁne),
3375 5051 3482 5116 jam
3497 5049 3737 5104 etiamdies

2239 5137 2564 5199 Dominicus,
2598 5135 2646 5187 id
2693 5144 2795 5198 est,
2821 5148 3059 5197 octavus,
3089 5137 3174 5200 qui
3203 5147 3254 5189 et
3283 5140 3483 5204 primus
3532 5139 3738 5198 incipere!

2231 5225 2514 5279 celebrari.
2566 5223 2679 5290 lpszt
2737 5224 2892 5276 etiam
2932 5238 3086 5276 causa
3121 5224 3449 5290 intelligitur,
3479 5241 3572 5277 cur
3594 5226 3734 5277 obsrr'

2234 5314 2459 5365 vandum
2494 5312 2712 5372 Pascha,
2741 5313 2826 5365 ubi
2857 5311 3087 5382 [agnum]
3115 5329 3267 5364 ovem
3287 5315 3454 5365 occid-
3477 5331 3532 5367 re
3559 5310 3735 5367 etedcre

2227 5404 2516 5470 jubentur,
2593 5403 2730 5471 quod
2818 5402 3238 5455 manifestissime
3313 5407 3606 5469 passionem
3661 5398 3733 5450 Do-

2231 5496 2357 5547 mini
2391 5496 2683 5563 przcﬁgurat
2710 5535 2722 5556 ,
2753 5510 2853 5546 non
2878 5492 2952 5545 eis
2980 5493 3046 5544 ita
3074 5501 3394 5558 prmteptum
3418 5504 3518 5554 est,
3542 5503 3594 5545 ut
3610 5497 3733 5542 atten-

2232 5585 2418 5637 dercnt
2450 5597 2722 5638 occurrere
2754 5583 3052 5645 Sabbatum,
3078 5590 3130 5635 et
3155 5598 3270 5634 cum
3293 5597 3478 5636 mense
3507 5589 3731 5636 novorum.
