3842 6226
107 304 186 360 τει

1226 287 1655 347 TIIESAURUS.
1696 286 1845 342 CAP.
1886 290 2115 344 CXXVI.

3181 287 3282 342 7‘32

108 428 158 479 ad
186 423 378 478 tertiam
408 421 541 473 lunre
570 411 951 469 hebdomadam
996 422 1340 471 concurrere,
1377 418 1431 460 ut
1458 422 1613 459 eum-
1654 406 1703 463 Α
1731 404 1921 457 frustra
1947 406 2055 473 ipse
2082 406 2333 459 Dominus
2359 414 2413 460 et
2442 406 2780 476 quadraginta
2829 405 2942 459 dies
2964 414 3080 474 po-t
3107 404 3283 457 resur-

108 520 205 572 ἀαῃ
225 528 427 583 quoque
443 511 579 562 diem
601 506 851 559 Dominus
870 502 1045 570 potius
1072 514 1164 552 sua
1191 498 1432 567 passione
1452 498 1626 562 signa—

107 616 192 671 ret,
218 605 299 674 qtti
330 602 484 656 etiam
516 596 864 658 Dnminicum,
908 591 960 643 id
1010 599 1113 653 est,
1166 596 1430 648 octavum,
1460 584 1545 649 qui
1574 590 1625 634 et

105 700 280 769 primus
320 701 421 754 est,
448 689 807 743 declaraturus
860 684 1162 734 advenerat.
1206 675 1446 730 Adtende
1474 674 1626 741 igitur

103 767 489 843 sacratissimum
534 781 759 832 triduum
806 774 1059 835 cruciﬁxi,
1106 770 1313 837 sepulti,
1368 767 1622 821 suscitati.

108 883 278 934 llorum
305 877 459 929 trium
484 872 623 941 quod
650 854 915 938 signiﬁcat
932 880 1055 917 crux
1081 863 1133 915 in
1158 859 1400 929 pra'senti
1426 858 1626 927 agimus

106 974 210 1033 vita,
239 965 376 1033 quod
420 975 592 1017 autem
621 959 877 1024 signiﬁcat
907 953 1175 1020 sepultura
1204 960 1255 1003 et
1286 949 1624 1011 resurrectio,

104 1061 190 1115 lide
204 1073 261 1111 ac
285 1071 380 1124 spe
407 1053 655 1120 gerimus.
676 1047 822 1102 Nunc
845 1046 982 1098 enim
1010 1043 1205 1094 dicitur
1228 1039 1422 1091 homini
1447 1037 1626 1090 :Tolle

102 1163 287 1205 crucem
317 1155 456 1198 tuam
484 1150 538 1195 et
564 1151 785 1206 sequere
816 1149 923 1188 me.
969 1130 1248 1185 Cruciatur
1277 1139 1450 1181 autem
1480 1140 1624 1186 caro,

101 1255 204 1294 cum
234 1233 613 1289 mortiﬁcamur
668 1224 897 1279 membra
938 1229 1114 1274 nostra
1166 1234 1281 1285 quae
1325 1226 1446 1269 sunt
1470 1228 1624 1278 supra

103 1344 297 1391 terram,
326 1325 615 1384 fornicatio,
646 1316 993 1377 innnun'litia,
1048 1311 1273 1373 luxnria,
1310 1307 1547 1368 avaritia,
1576 1314 1630 1357 et

100 1430 273 1474 cretera
321 1411 614 1483 hnjnsmodi
671 1408 737 1460 de
783 1404 971 1473 quibus
1016 1400 1155 1454 idem
1204 1398 1330 1451 dicit
1361 1413 1377 1450 :
1404 1396 1458 1450 Si
1488 1395 1626 1447 enim

100 1510 366 1565 seiundum
417 1516 625 1558 carnem
674 1495 931 1558 vitet-itis,
984 1488 1325 1546 moriemini:
1360 1487 1405 1541 si
1451 1495 1625 1539 autem

98 1604 267 1671 spiritu
317 1578 449 1651 facta
502 1594 673 1645 carnis
723 1583 1184 1658 mortiﬁcaveritis,
1232 1579 1438 1632 vivctis.
1499 1576 1629 1628 llinc

99 1666 238 1744 etiam
284 1688 351 1741 de
380 1700 437 1738 se
463 1685 576 1751 ipso
603 1679 729 1733 dicit
760 1694 773 1729 :
804 1673 1022 1729 Mundus
1058 1670 1183 1725 mihi
1216 1666 1493 1721 cruciﬁxus
1528 1674 1625 1727 est,

1733 493 2020 547 rectionem
2047 495 2099 547 in
2132 495 2229 548 hac
2258 504 2416 559 terra,
2444 506 2493 550 et
2519 496 2569 549 itt
2598 498 2696 550 hac
2726 496 2827 549 vita
2871 509 2988 547 cum
3016 492 3284 558 discipulis

1729 592 2071 635 conversatus
2100 593 2199 647 est,
2233 592 2286 636 et
2336 593 2676 652 posteaquam
2704 582 2941 637 ascendit
2982 582 3034 635 in
3066 582 3280 644 omium,

1729 670 1909 725 decem
1938 672 2125 727 diebus
2148 674 2492 741 interpositis,
2519 673 2835 741 promissum
2860 672 3001 726 misit
3030 670 3282 739 Spiritum

1728 769 1963 814 sanctum
2006 762 2273 829 completo
2324 762 2410 816 die
2462 762 2819 816 Pentecostes.
2854 760 2951 827 Qui
2990 762 3101 814 dies
3133 758 3283 828 quin-

1731 853 2080 916 quagenarius
2103 851 2257 903 habet
2277 850 2500 904 alterum
2518 862 2926 916 sacramentum,
2941 849 3076 919 quod
3090 851 3283 916 septies

1728 949 1927 1005 septem
1959 942 2302 1009 quadraginta
2336 938 2523 993 navem
2580 942 2727 1007 ﬁunt,
2760 950 2814 994 et
2841 956 2960 994 cun.
2992 938 3193 993 reditur
3218 937 3283 991 ad

1730 1030 1957 1094 initium,
1983 1032 2120 1098 quod
2145 1041 2227 1085 est
2247 1040 2489 1094 octavus,
2511 1032 2597 1099 qui
2639 1042 2688 1085 et
2741 1033 2966 1102 primus,
2997 1031 3109 1082 dies
3136 1028 3285 1096 quin-

1728 1117 1979 1187 quaginta
2025 1120 2378 1190 complentur,
2436 1122 2524 1188 qui
2573 1120 2908 1174 celebrantur
2946 1128 3063 1186 post
3110 1132 3287 1170 resur-

1732 1209 2013 1262 rectionem
2061 1210 2286 1264 Domini.
2318 1210 2430 1264 Jam
2481 1211 2533 1263 in
2576 1211 2738 1277 ligura
2773 1223 2875 1260 non
2926 1206 3143 1266 laboris,
3190 1203 3283 1257 sed

1728 1304 1919 1367 quietis
1947 1311 2003 1355 et
2026 1302 2243 1362 latitius,
2280 1310 2495 1368 propter
2526 1304 2622 1353 hoc
2650 1298 2848 1367 jejunia
2878 1297 3203 1351 relaxantur.
3232 1301 3285 1346 et

1729 1400 1930 1441 stantes
1952 1405 2184 1452 oramus,
2215 1391 2349 1453 quod
2381 1397 2462 1441 est
2485 1389 2689 1457 signum
2710 1387 3112 1442 resurrectionis
3138 1383 3284 1437 Unde

1730 1483 1887 1533 etiam
1917 1482 2101 1534 diebus
2141 1482 2386 1535 omnibus
2426 1482 2713 1535 Dominicis
2729 1480 2778 1534 id
2810 1480 2871 1531 ad
2902 1480 3066 1531 altare
3096 1478 3281 1529 obser-

1730 1582 1899 1634 vatur,
1946 1584 1999 1625 et
2038 1574 2242 1626 alleluia
2278 1573 2506 1637 canitur,
2547 1571 2683 1640 quod
2726 1569 2987 1636 signiﬁcat
3026 1568 3285 1621 actionem

1731 1673 1961 1715 nostram
1992 1664 2241 1730 futuram,
2274 1680 2376 1718 non
2424 1679 2542 1718 esse
2588 1664 2685 1716 nisi
2718 1662 2933 1716 laudare
2964 1661 3123 1713 Deum
3154 1659 3286 1711 sicut

98 1791 143 1831 et
164 1792 256 1845 ego
282 1750 497 1828 mundo.
532 1770 647 1822 Alio
674 1763 1089 1821 Ioco:Scientes,
1113 1758 1301 1824 inquit,
1335 1757 1453 1822 quia
1480 1762 1627 1806 vetus
1664 1762 1701 1816 [ι
1736 1756 1990 1819 scriptum
2016 1763 2096 1807 est
2122 1772 2132 1804 :
2166 1754 2306 1805 Beati
2334 1754 2421 1822 qui
2447 1753 2683 1805 habitant
2712 1750 2761 1804 in
2791 1750 2948 1805 domo
2972 1760 3076 1813 ttta,
3110 1750 3159 1801 in
3190 1762 3283 1799 sa:-

101 1873 244 1924 hotno
286 1874 466 1919 noster
494 1861 651 1915 simul
683 1854 961 1911 cruciﬁxus
1009 1860 1088 1905 est
1116 1848 1259 1903 cruci
1290 1861 1407 1899 cum
1436 1845 1542 1905 illo,
1576 1853 1629 1894 ιιι

94 1963 369 2015 evacuetnr
395 1965 586 2021 corpus
616 1946 835 2017 peccati,
867 1946 1000 1998 ultra
1053 1957 1157 1995 non
1196 1938 1485 1991 serviamus
1515 1948 1631 2002 pec-

95 2056 221 2101 cato.
252 2042 493 2112 Quandiu
516 2056 641 2109 ergo
664 2038 712 2091 id
738 2044 894 2103 agunt
923 2047 1079 2100 Opera
1110 2036 1313 2088 nostra,
1337 2036 1393 2079 ut
1412 2037 1633 2077 evacue—

98 2146 173 2189 tur
198 2148 386 2202 corpus
433 2104 653 2199 peccati,
685 2124 913 2193 quandiu
945 2121 1176 2175 exterior
1207 2119 1365 2170 homo
1394 2104 1634 2181 corrum-

98 2226 245 2293 pitur,
277 2232 337 2275 ut
362 2220 579 2273 interior
606 2222 906 2276 renovetur,
935 2210 999 2264 de
1043 2209 1130 2263 die
1169 2207 1221 2260 in
1261 2206 1399 2259 diem
1429 2214 1636 2269 tempus

96 2324 168 2367 est
192 2310 385 2366 crucis.
416 2307 541 2361 llaec
566 2305 721 2359 etiam
752 2309 873 2356 sunt
918 2299 1051 2353 bona
1082 2312 1241 2366 Opera
1265 2294 1498 2363 quidem,
1549 2301 1633 2344 ta-

95 2418 204 2455 men
232 2400 406 2452 adhuc
435 2395 715 2455 laboriosa,
748 2404 968 2460 quorum
1012 2401 1217 2441 merces
1270 2383 1477 2451 requies
1530 2392 1632 2434 est.

96 2491 153 2543 Et
182 2488 234 2541 in
256 2485 531 2554 scripturis
556 2481 765 2551 quidem
792 2477 1056 2531 veteribus
1077 2475 1139 2529 ad
1156 2473 1413 2541 agendum
1436 2470 1634 2525 Past-ha

94 2593 190 2631 tton
216 2584 299 2628 est
331 2583 648 2642 prmceptum
697 2578 932 2642 tempus,
957 2565 1057 2617 nisi
1081 2578 1143 2617 er.
1176 2576 1356 2616 mense
1382 2574 1635 2613 novorum

102 2668 217 2720 luna
245 2661 636 2733 quartadecima
666 2672 829 2725 usque
869 2639 934 2709 ad
964 2655 1263 2708 vicesimam
1292 2653 1530 2720 primam.
1564 2648 1635 2702 Ea

94 2756 377 2823 Evangelio
426 2760 618 2811 tamen,
667 2748 784 2816 quia
826 2744 1173 2799 manifestum
1206 2752 1309 2803 est,
1340 2754 1441 2809 quo
1481 2742 1638 2792 etiam

94 2845 175 2899 die
211 2842 466 2898 Dominus
513 2836 796 2893 cruciﬁxus
815 2836 905 2897 sit,
937 2844 989 2888 et
1019 2833 1068 2886 in
1098 2832 1364 2897 sepultura
1406 2830 1560 2881 fuerit
1587 2838 1638 2881 et

91 2931 463 2994 resurrexerit,
498 2928 746 2997 adjuncta
772 2934 852 2980 est
866 2923 1023 2977 etiam
1056 2923 1285 2990 ipsorum
1315 2918 1517 2971 dictum
1547 2916 1641 2970 ob-

92 3024 347 3085 servatio,
369 3034 463 3088 per
494 3019 703 3071 Patrum
725 3013 969 3078 Concilia,
999 3018 1051 3062 et
1077 3008 1189 3062 orbi
1220 3006 1464 3062 universo
1486 3003 1640 3059 Citri-

1732 1844 1846 1895 Cttla
1898 1844 2213 1897 smeulnrum
2244 1842 2351 1911 85
2399 1841 2686 1895 laudabunt
2716 1848 2789 1893 te.
2834 1837 2936 1891 Sed
2989 1837 3103 1890 dies
3129 1835 3286 1903 quin-

1733 1935 2067 2001 qnagesimus
2120 1943 2174 1985 et
2237 1933 2287 1986 in
2350 1932 2641 1999 Scripturis
2689 1928 3127 1991 commendatur,
3181 1941 3285 1979 non

1736 2034 1933 2076 tantum
1963 2025 2013 2076 in
2048 2021 2351 2091 Evangelio,
2379 2023 2501 2090 quia
2543 2032 2665 2074 tunc
2704 2019 2930 2086 Spiritus
2959 2025 3172 2070 sanctus
3193 2014 3287 2070 ad-

1736 2112 2009 2177 venit,sed
2025 2112 2250 2166 etiamin
2272 2112 2534 2164 veteribus
2554 2110 2722 2164 libris.
2757 2108 2885 2162 Nam
2917 2114 2971 2160 et
2990 2104 3058 2160 ibi
3082 2111 3287 2174 postea-

1735 2218 1890 2270 quam
1920 2203 2119 2257 Pascha
2165 2203 2343 2257 occiso
2383 2216 2519 2269 agno
2560 2199 2981 2261 celebraverunt,
3031 2196 3285 2265 quinqua-

1736 2294 1875 2359 ginta
1905 2291 2019 2345 dies
2046 2300 2410 2355 numerantur,
2457 2304 2623 2357 usque
2670 2289 2721 2341 in
2749 2287 2889 2341 diem
2920 2294 3023 2355 quo
3052 2287 3130 2338 lex
3166 2284 3287 2337 data

1738 2391 1816 2434 est
1862 2384 1913 2434 in
1968 2391 2147 2434 monte
2196 2375 2339 2434 Sinai
2388 2381 2586 2433 famuio
2631 2379 2721 2431 Dei
2767 2375 2953 2445 Moysi,
2993 2375 3156 2443 digito
3194 2372 3287 2425 Dii

1739 2470 1955 2537 scripta.
2014 2469 2327 2523 Celebratur
2370 2483 2550 2521 verum
2595 2467 2818 2528 Pascha,
2869 2473 2921 2517 et
2970 2462 3289 2529 interpositis

1740 2561 2113 2630 quinquaginta
2164 2560 2372 2624 diebus,
2425 2552 2587 2613 datur
2609 2559 2673 2611 ad
2715 2557 3020 2609 cbaritatem
3063 2554 3290 2622 Spiritus

1740 2662 1974 2714 sanctus,
2004 2652 2091 2719 qui
2131 2662 2211 2705 est
2251 2650 2446 2719 digitus
2493 2650 2608 2713 Dei,
2655 2646 2951 2700 contrarius
2992 2643 3290 2697 hominibus

1740 2761 1834 2800 sua
1858 2747 2235 2815 qumrentibus,
2287 2754 2340 2799 et
2362 2744 2480 2798 ideo
2502 2744 2682 2812 jugum
2700 2756 2941 2808 asperum
2964 2751 3015 2793 et
3031 2739 3289 2791 sarcinam

1740 2850 1953 2902 gravem
1982 2834 2329 2903 portantibus,
2357 2847 2457 2886 nec
2496 2830 2884 2885 invenientbns
2913 2827 3144 2895 requiem
3175 2825 3293 2878 ani-

1742 2923 1927 2975 mabus
1953 2923 2091 2983 suis;
2123 2923 2245 2990 quia
2273 2921 2505 2974 eharitas
2532 2933 2635 2972 non
2664 2916 2852 2986 quxrit
2880 2930 2995 2983 qua:
3020 2930 3113 2967 sua
3143 2922 3286 2966 sunt.

1743 3012 1865 3066 ldeo
1912 3011 2219 3065 animositas
2262 3010 2630 3064 haereticorum
2680 3021 2887 3076 semper
2934 3006 3159 3073 inquieta
3189 3013 3293 3066 est,

91 3114 257 3167 stiano
311 3122 617 3180 persuasum
662 3113 762 3167 est.
810 3117 875 3158 eo
920 3100 1076 3155 mOdO
1126 3098 1325 3153 Pascha
1376 3093 1634 3151 celebrari
1663 3098 1710 3161 C
1741 3114 1874 3169 quos
1902 3100 2169 3168 Magorum
2212 3098 2507 3152 Pharaonis
2534 3098 2728 3151 habere
2769 3104 3013 3149 conatum
3060 3093 3293 3146 declarat

92 3213 359 3270 oportere.
407 3198 819 3267 Quadragesima
871 3208 998 3247 sane
1025 3190 1344 3261 jejuniorum
1373 3188 1530 3242 habet
1556 3202 1641 3240 au-

93 3296 424 3357 ctoritatem,
454 3300 506 3345 et
536 3290 589 3347 in
618 3286 886 3343 veteribus
915 3282 1146 3340 librisex
1176 3279 1380 3347 jejunio
1407 3277 1568 3340 Moysi
1589 3285 1644 3331 et

95 3385 276 3450 llelir,
304 3393 358 3439 et
386 3399 449 3439 ex
480 3378 767 3448 Evangelio
796 3375 915 3444 quia
944 3371 1157 3426 totidem
1178 3370 1364 3423 diebus
1391 3367 1641 3420 Dominus

92 3476 373 3545 jejunavit,
395 3475 764 3527 demonstrans
795 3463 1132 3535 Evangelium
1163 3476 1265 3514 non
1306 3456 1588 3511 dissentire
1614 3471 1643 3508 a

94 3542 206 3633 lege
232 3575 289 3619 et
323 3561 621 3630 Prophetis.
654 3558 708 3611 ltt
751 3568 972 3624 persona
1002 3550 1193 3619 quippe
1218 3547 1380 3616 Moysi
1422 3544 1551 3611 Lex,
1590 3542 1642 3596 in

95 3668 320 3721 persona
354 3652 516 3706 Helia:
566 3647 842 3716 PrOpheta:
883 3643 1232 3710 accipiuntur,
1276 3639 1411 3691 inter
1437 3650 1567 3705 quos
1594 3636 1645 3688 in

95 3751 285 3799 moute'
317 3741 586 3810 gloriosus
634 3734 894 3804 apparuit,
948 3741 1004 3786 ut
1056 3729 1347 3784 evidentius
1390 3726 1645 3781 emineret

92 3833 231 3901 quod
263 3832 334 3887 de
368 3831 459 3885 illo
484 3828 612 3883 dicit
636 3823 914 3893 Apostolus
947 3839 960 3875 ε
992 3818 1373 3875 Testimonium
1398 3816 1597 3869 habens
1619 3829 1647 3866 a

94 3926 232 3993 Lege
262 3931 321 3975 et
354 3918 650 3985 PrOphetis.
673 3915 726 3968 In
746 3928 847 3980 qua
879 3926 1003 3980 ergo
1032 3918 1178 3979 parte
1209 3907 1332 3961 anni
1360 3921 1651 3974 congruen-

95 4016 196 4068 tius
217 4010 527 4067 observatio
546 4005 958 4075 quadragesima:
980 4002 1386 4056 constitueretur
1406 3996 1503 4050 nisi
1522 4012 1650 4050 con-

95 4104 215 4156 ﬁnis
258 4110 425 4167 atque
460 4098 703 4163 contigua
747 4092 1032 4145 Dominicae
1082 4090 1308 4158 passioni
1346 4088 1465 4155 quia
1508 4085 1650 4138 inea

94 4192 431 4259 signiﬁcatur
480 4185 591 4238 haec
631 4184 733 4236 vita
780 4179 1069 4243 laboriosa,
1099 4178 1185 4232 cui
1223 4191 1352 4247 opus
1380 4186 1461 4230 est
1485 4174 1654 4227 conti-

93 4282 301 4345 nentia,
338 4287 397 4328 ut
437 4276 504 4327 ab
550 4274 712 4341 ipsius
740 4268 919 4324 mundi
966 4267 1193 4321 amicitia
1222 4266 1507 4336 jejuuetur,
1536 4279 1653 4332 qure

92 4370 277 4435 utique
300 4361 563 4417 fallaciter
602 4357 851 4422 blandiri,
880 4366 934 4410 et
978 4356 1341 4409 illecebrarum
1373 4353 1519 4406 fucos
1547 4352 1651 4405 cir-

1745 3198 2026 3265 Apostolus
2066 3196 2293 3250 dicens:
2326 3195 2473 3250 Sicut
2517 3196 2658 3249 enim
2708 3193 2903 3248 Jannes
2943 3201 2997 3244 et
3039 3189 3297 3243 Mambres

1744 3290 2051 3342 restiterunt
2098 3287 2282 3355 Moysi,
2307 3287 2385 3339 sic
2426 3295 2480 3340 et
2510 3286 2561 3338 hi
2589 3285 2844 3349 resistunt
2875 3266 3103 3343 veritati,
3130 3278 3297 3331 humi-

1745 3392 1839 3431 nes
1867 3388 2044 3430 mente
2072 3376 2331 3441 corrupti,
2376 3374 2587 3441 reprobi
2634 3374 2773 3425 circa
2822 3360 2998 3433 ﬁdem,
3044 3368 3133 3421 sed
3165 3368 3300 3420 ultra

1746 3483 1849 3522 non
1908 3465 2204 3535 proﬁcient.
2256 3461 2605 3536 [lnsipientia]
2655 3459 2927 3514 Dementia
2957 3458 3094 3514 enim
3117 3470 3300 3509 eorum

1747 3557 2020 3612 manifesta
2052 3556 2150 3611 erit
2176 3556 2444 3621 omnibus,
2493 3554 2632 3608 sicut
2688 3562 2743 3606 et
2789 3551 2997 3604 illorum
3030 3548 3154 3611 fuit;
3182 3546 3301 3614 quia

1746 3652 1885 3703 enim
1916 3663 2008 3717 per
2029 3649 2195 3717 ipsam
2222 3646 2614 3714 corruptionem
2664 3643 2857 3697 mentis
2883 3635 3300 3712 [jnquietissimi]

1748 3737 2065 3807 iniquissimi
2092 3737 2321 3800 luerunt,
2342 3736 2393 3787 in
2422 3734 2573 3801 signo
2602 3733 2756 3786 tertio
2776 3729 3102 3790 defecerunt,
3131 3727 3301 3779 laten-

1750 3837 1829 3882 tes
1854 3826 1956 3882 sibi
1979 3827 2260 3880 adversum
2293 3839 2412 3878 esse
2440 3823 2692 3889 Spiritum
2732 3827 2972 3872 sanctum
3000 3816 3085 3886 qui
3115 3823 3228 3869 erat
3250 3813 3301 3865 in

1750 3916 1950 3985 Moyse.
1996 3915 2150 3968 Nam'
2204 3911 2517 3967 deﬁcientes
2583 3909 2878 3963 dixerunt:
2949 3904 3152 3973 Digitus
3208 3900 3303 3953 Dei

1750 4015 1834 4059 est
1861 4004 1966 4057 hic.
2018 4002 2167 4058 Sicut
2211 4011 2385 4053 autem
2425 3998 2736 4052 conciliatus
2793 4003 2848 4048 et
2899 3993 3134 4060 placatus
3186 3988 3303 4056 Spi-

1752 4094 1883 4148 ritus
1916 4100 2132 4147 sanctus
2178 4090 2410 4157 requiem
2464 4094 2674 4155 praestat
2720 4083 2933 4138 mitibus
2981 4091 3035 4135 et
3090 4078 3303 4132 humili-

1756 4184 1850 4236 hus
1876 4181 2039 4234 corde
2071 4196 2082 4231 :
2118 4180 2193 4236 ita~
2208 4175 2507 4231 contrarius
2534 4183 2587 4228 et
2610 4174 2862 4226 adversus
2886 4170 3114 4221 immites
3142 4174 3196 4219 et
3210 4168 3302 4219 su-

1755 4273 1945 4341 perbos
1976 4267 2336 4338 inquietudine
2381 4267 2631 4332 exagitat.
2680 4263 2845 4327 Quam
2890 4256 3301 4326 inquietudinem

1757 4373 1949 4412 musca
1994 4358 2099 4411 illa:
2154 4354 2480 4410 brevissimae
2504 4351 2954 4419 signilicaverunt,
2990 4346 3089 4399 sub
3117 4345 3306 4413 quibus

89 4466 478 4525 cnntspargere
504 4460 660 4516 atque
680 4449 886 4517 jactare
933 4461 1035 4499 tton
1074 4454 1265 4497 cessat.
1300 4440 1525 4496 Numero
1553 4456 1640 4493 au-

1758 4449 1887 4517 Hagi
1919 4446 2211 4502 Pharaonis
2235 4443 2544 4497 defecerunt
2568 4442 2805 4494 dicentes
2836 4454 2851 4491 :
2877 4438 3075 4506 Digitus
3108 4435 3198 4487 Dei
3225 4441 3307 4485 est

91 4561 198 4600 tem
248 4542 674 4615 quadragenario
720 4539 877 4605 vitam
924 4538 1077 4589 istam
1124 4544 1403 4602 prOpterea
1444 4533 1654 4600 ﬁgurari

88 4640 351 4701 arbitror,
381 4635 500 4703 quia
532 4631 777 4704 denarius
807 4630 857 4681 in
887 4642 990 4696 quo
1031 4637 1111 4679 est
1144 4625 1395 4692 perfectio
1426 4624 1651 4676 beatitu-

89 4728 232 4781 diuis
254 4735 461 4777 nostra:
478 4722 615 4773 sicut
638 4722 687 4771 in
711 4716 1001 4778 octonario,
1026 4713 1147 4781 quia
1171 4712 1304 4764 redit
1324 4711 1386 4763 ad
1412 4711 1656 4776 primum.

91 4818 165 4869 Ita
226 4815 284 4868 in
349 4812 453 4865 hoc
502 4807 629 4861 mihi
678 4807 882 4859 videtur
934 4803 1178 4870 exprimi,
1220 4802 1342 4869 quia
1395 4811 1653 4865 creatura,

90 4919 209 4969 qua:
252 4894 564 4966 septenario
610 4894 878 4961 ﬁguratur,
906 4887 1424 4952 adltzeretCreatori,
1475 4889 1528 4940 in
1556 4904 1658 4954 quo

92 4993 413 5045 declaratur
439 4985 609 5037 unitas
635 4981 928 5043 Trinitatis,
961 4993 1053 5047 per
1083 4976 1383 5030 universum
1410 4976 1657 5029 mundum

90 5076 471 5148 πειιψοηιῐιθι-
522 5070 897 5130 annuntianda,
949 5067 1035 5135 qui
1089 5068 1315 5119 mundus
1360 5075 1412 5119 et
1458 5080 1487 5117 a
1531 5081 1660 5133 qua-

92 5189 213 5229 tuor
256 5172 439 5225 ventis
476 5167 776 5228 delimatur,
814 5172 866 5217 et
921 5172 1145 5231 quatuor
1172 5162 1448 5214 elementis
1503 5162 1663 5230 erigi-

90 5278 198 5328 tur,
263 5271 323 5315 et
384 5266 607 5326 quatuor
646 5255 795 5307 annis
835 5264 1124 5317 temporum
1172 5252 1370 5304 vicibus
1408 5253 1656 5303 variatur.

91 5356 294 5407 Decem
326 5358 505 5400 autem
533 5353 714 5412 quater
743 5343 793 5395 in
830 5339 1173 5408 quadraginta
1201 5349 1657 5400 consummantur,

86 5438 563 5513 quadragenarius
610 5447 783 5486 autem
843 5430 1078 5499 partibus
1135 5432 1245 5482 suis
1293 5438 1654 5496 computatus,

86 5526 293 5601 [addit]
316 5526 527 5578 addidit
555 5525 723 5590 ipsum
747 5520 1018 5587 denarium
1041 5529 1092 5570 et
1118 5520 1240 5570 ﬁunt
1260 5519 1657 5587 quinquaginta,

87 5632 354 5689 tanquam
391 5630 594 5669 merces
626 5610 818 5665 laberis
849 5620 897 5663 et
927 5608 1281 5660 ωυιιιιοιιιὶω.
1315 5607 1491 5676 Neque
1519 5608 1656 5661 enim

1758 4536 1888 4609 [hic]
1912 4537 2030 4590 hoc.
2062 4536 2291 4590 Numera
2310 4535 2482 4602 itaque
2503 4548 2531 4583 a
2558 4539 2739 4600 quarta
2761 4529 2962 4581 decima
2985 4525 3136 4594 primi
3160 4538 3307 4575 men-

1756 4608 1849 4693 sis,
1867 4642 1970 4695 quo
1985 4627 2175 4679 factum
2188 4634 2267 4678 est
2287 4622 2507 4685 Pascha,
2525 4632 2689 4688 usque
2705 4616 2770 4671 ad
2783 4617 2923 4670 diem
2940 4616 3148 4669 tertium
3164 4608 3305 4664 tertii

1759 4716 1976 4776 mensis,
1989 4728 2042 4768 et
2060 4714 2295 4767 invenies
2310 4713 2487 4765 decem
2502 4720 2551 4763 et
2569 4718 2771 4776 septem
2786 4705 2901 4759 dies
2920 4701 3072 4772 primi
3088 4701 3304 4761 mensis,

1761 4806 1974 4874 triginta
2020 4804 2254 4864 secundi,
2290 4810 2397 4854 tres
2442 4799 2603 4867 tertii,
2632 4796 2719 4867 qui
2751 4798 2879 4849 ﬁunt
2908 4791 3303 4862 quinquaginta.

1763 4897 1868 4949 Lex
1896 4895 1947 4948 in
1978 4909 2097 4947 arca
2125 4902 2207 4946 est
2237 4890 2584 4945 sanctiﬁcatio
2620 4888 2673 4939 in
2705 4898 2925 4951 corpore
2954 4878 3176 4939 Domini,
3214 4889 3306 4943 per

1761 4985 1911 5053 Cujus
1932 4982 2374 5037 resurrectionem
2406 4977 2556 5031 nobis
2606 4976 2815 5043 requies
2852 4975 3018 5025 lutura
3050 4965 3307 5037 promitti-

1764 5088 1865 5131 tur.
1907 5077 1984 5129 Ad
2020 5091 2175 5144 quam
2226 5071 2610 5139 percipiendam
2642 5078 2827 5122 sancto
2850 5066 3046 5133 Spiritu
3076 5059 3307 5115 Charitas

1764 5164 2066 5230 inspiratur.
2086 5161 2317 5231 Spiritus
2345 5171 2518 5213 autem
2547 5159 2778 5212 nondum
2807 5164 2922 5209 erat
2940 5154 3112 5211 datus,
3142 5149 3305 5222 [cutnj

1764 5258 1883 5323 quia
1913 5257 2064 5310 Jesus
2093 5254 2321 5308 nondum
2370 5262 2485 5306 erat
2519 5250 2853 5303 clariﬁeatus.
2883 5246 3004 5300 Inde
3035 5244 3302 5313 prophetia

1763 5347 1849 5397 illa
1882 5354 2089 5397 cantata
2114 5353 2235 5397 est:
2272 5343 2497 5408 Exurge,
2528 5339 2765 5401 Domine,
2799 5338 2850 5389 in
2875 5338 3105 5403 requiem
3138 5347 3301 5395 tuam,

1766 5445 1816 5486 tu
1848 5444 1897 5487 rt
1921 5449 2038 5486 arca
2063 5432 2491 5486 sanetiﬁcation's
2510 5438 2629 5480 tuas.
2658 5426 2752 5480 Ubi
2778 5427 3006 5491 requies,
3031 5422 3100 5475 ibi
3119 5436 3163 5473 ιει
3186 5436 3307 5472 san-

1764 5522 2028 5577 cnticatio.
2057 5522 2201 5575 Unde
2230 5536 2365 5573 nunc
2395 5529 2452 5571 ut
2479 5530 2711 5569 amemus
2734 5526 2785 5568 et
2814 5512 3194 5567 desideremus,
3221 5508 3302 5573 pi-

1765 5629 1893 5678 gltlh
1912 5616 2082 5681 accepi
2094 5628 2223 5665 tnUs.
2246 5610 2506 5664 Vocantur
2518 5615 2689 5660 autem
2710 5602 2771 5658 ωι
2787 5599 3064 5673 Lt'eqnietnj
3082 5612 3295 5666 regnum
