3886 6224
568 290 673 346 763

572 501 854 572 signiﬁcat,
892 518 1074 556 omnes
1105 503 1156 555 in
1188 502 1403 557 nomine
1433 503 1604 560 Patris
1634 518 1687 561 et
1718 506 1833 561 Filii
1863 517 1915 561 et
1951 507 2117 576 Spiri-

575 604 657 644 tus
684 595 876 647 sancti.
904 581 1194 659 Propterea
1229 595 1712 665 quinquagenarius
1739 613 2011 661 numerus,
2039 608 2121 653 ter

572 681 966 747 multiplicatus,
990 682 1169 736 addito
1196 684 1261 737 ad
1291 685 1630 740 eminentiam
1655 688 1968 741 sacramenti
1992 689 2105 755 ipso

568 771 820 833 ternario,
848 780 904 825 et
942 771 994 826 in
1023 772 1125 826 illis
1163 776 1369 843 magnis
1409 776 1636 843 piscibus
1667 776 1954 843 invenitur,
1984 794 2118 845 quos

569 854 824 912 Dominus
842 858 951 927 jam
982 870 1104 929 post
1129 858 1592 927 resurrectionem,
1623 879 1811 919 novam
1842 868 1998 921 vitam
2025 868 2120 924 de-

561 957 885 1016 monstrans,
914 966 945 1005 a
961 952 1145 1007 dextra
1170 962 1319 1021 parte
1347 954 1505 1007 levari
1540 955 1839 1023 imperavit,
1861 971 1961 1011 nec
1985 962 2115 1013 retia

560 1046 713 1103 rupta
756 1048 900 1104 sunt,
934 1042 1053 1105 quia
1104 1052 1227 1097 tunc
1268 1042 1636 1096 hmreticorum
1685 1044 1987 1114 inqu'etudu
2013 1064 2116 1102 non

559 1126 683 1181 erit.
715 1127 861 1183 Tunc
892 1130 1053 1183 immo
1084 1132 1351 1199 perfectus
1402 1142 1455 1184 et
1512 1133 1743 1200 quietus,
1784 1148 2036 1205 purgatus
2065 1137 2116 1191 in

561 1213 742 1267 anima
786 1227 837 1269 ct
868 1232 1109 1285 corpore,
1141 1233 1233 1285 per
1262 1219 1467 1289 eloquia
1501 1222 1706 1276 Domini
1734 1237 1901 1289 casta,
1932 1242 2118 1297 argen-

560 1310 672 1354 tum
705 1302 823 1370 igne
852 1306 1209 1359 examinatum
1246 1316 1429 1371 terrae,
1473 1323 1747 1379 purgatum
1798 1319 2115 1385 scptupltnn,

562 1393 787 1459 accipiet
806 1396 1100 1448 mercedem
1124 1396 1396 1451 denarium
1425 1411 1476 1451 ut
1492 1400 1594 1454 sint
1613 1404 1797 1456 decem
1817 1413 1870 1457 et
1890 1414 2113 1473 septem.

562 1480 690 1533 Nam
722 1492 775 1535 et
803 1483 853 1534 in
881 1482 981 1536 hoc
1012 1501 1233 1540 numero
1264 1489 1402 1542 sicut
1428 1491 1478 1543 in
1506 1492 1624 1546 aliis
1647 1496 1963 1563 multiplices
1986 1498 2117 1566 ligu-

559 1582 645 1620 ras
672 1570 1068 1641 exhibentibus,
1100 1588 1496 1632 sacramentum
1546 1582 1787 1637 mirabile
1831 1586 2111 1652 reperitur.

558 1657 663 1710 Nec
693 1659 956 1715 immerito
1005 1665 1164 1719 etiam
1203 1666 1434 1733 psalmus
1474 1671 1729 1735 septimus
1775 1672 2014 1729 decimus
2058 1677 2111 1731 in

1575 299 1635 351 Ι).
1679 297 1989 355 Βυῦγιψιι
2008 299 2303 355 ᾹΒΒΑΤΙΒ
2349 304 2662 365 .XFlilCANl
3672 320 3748 374 iiii

567 413 787 477 al'etius
815 416 953 480 vita,
977 431 1080 484 quo
1107 415 1173 468 ab
1192 416 1290 467 ista
1322 416 1426 467 vita
1455 416 1724 481 transitur,
1752 418 1893 486 quod
1917 418 2113 472 Pascha
2149 417 2190 475 Α

2726 432 2949 489 carur
2987 434 3267 511 cxxvnt.

2227 514 2373 590 Quod
2400 518 2448 567 in
2479 518 2659 572 Genesi
2684 522 2789 573 dies
2820 538 2850 573 α
2874 524 2985 576 luce
3012 531 3272 590 (ceperint,
3300 538 3348 580 et
3395 543 3537 579 nunc
3565 542 3595 576 α
3623 528 3751 578 auai-

2293 587 2380 666 lztts
2395 596 2767 666 romputmlur,
2796 606 2859 643 ea:
2886 587 3115 648 sermone
3142 598 3208 648 ad
3249 587 3499 665 pupulum
3525 597 3578 648 in
3600 598 3751 666 σίςλωι

2295 654 2521 708 l’asrhw.

2276 764 2576 818 ’Diceudum
2606 774 2710 832 est,
2749 782 2843 821 cur
2870 778 3014 823 tanta
3046 772 3363 828 celebritate
3403 773 3658 828 hodierna
3678 789 3750 842 pn-

2221 851 2316 905 tiss
2341 868 2482 906 tuum
2514 864 2666 909 nocte
2683 855 2987 924 vigilemus,
3013 860 3155 927 quod
3184 861 3269 913 die
3294 864 3457 916 tertio
3488 863 3751 916 resurrexit

2220 957 2250 995 a
2280 944 2502 998 mortuis
2525 943 2781 999 Dominus
2805 944 3048 1002 Christus
3092 953 3267 1005 nullus
3291 955 3514 1022 ambigit
3536 952 3749 1007 christia-

2217 1044 2339 1084 uus.
2395 1029 2503 1084 Hac
2549 1040 2730 1085 autem
2774 1044 2932 1088 nocte
2960 1035 3059 1090 hoc
3098 1034 3291 1092 factum
3328 1054 3455 1093 esse
3484 1043 3747 1094 secundum

2222 1119 2561 1188 Evangelium
2585 1132 2932 1179 contestatur.
2960 1124 3150 1179 Totum
3173 1129 3317 1180 enim
3342 1127 3493 1204 diem
3518 1144 3547 1181 a
3579 1143 3747 1195 precs-

2217 1208 2377 1264 deute
2404 1219 2559 1265 nocte
2584 1214 2879 1281 computari
2906 1229 3012 1269 non
3046 1215 3265 1270 dubium
3308 1226 3417 1282 est,
3450 1234 3562 1271 nou
3589 1234 3749 1273 ecus-

2218 1298 2342 1352 dum
2377 1299 2580 1354 dierum
2614 1303 2991 1371 ordinem,qui
3036 1316 3528 1362 commemorantur
3574 1309 3626 1360 iu
3665 1309 3747 1361 Cc-

2218 1390 2355 1454 nesi,
2377 1405 2678 1459 quanquam
2718 1403 2772 1445 et
2803 1394 2911 1446 illic
2937 1380 3167 1459 tenebrae
3202 1408 3610 1463 praecesserunt.
3641 1397 3746 1449 Nam

2217 1480 2451 1533 tenebrat
2478 1489 2631 1533 erant
2653 1494 2813 1549 super
2840 1481 3111 1552 abyssum,
3141 1498 3260 1537 cum
3301 1484 3434 1538 dixit
3464 1484 3626 1547 Deus,
3655 1486 3749 1537 Fiat

2217 1568 2329 1633 lux,
2360 1579 2416 1623 et
2437 1569 2573 1623 facta
2600 1578 2683 1623 est
2712 1570 2820 1634 lux,
2848 1571 2941 1624 sed
2968 1572 3089 1640 quia
3140 1572 3243 1625 illa:
3272 1573 3511 1626 tenebra:
3541 1574 3744 1627 nonduin

2214 1667 2366 1713 erant
2393 1672 2520 1721 nox,
2556 1658 2790 1712 nondum
2833 1660 2974 1714 enim
3021 1672 3367 1727 praecesserat
3408 1662 3551 1717 dies.
3590 1662 3746 1715 Ditisit

559 1745 857 1833 Regnorum
916 1751 1067 1805 libris
1097 1755 1246 1807 solus
1274 1755 1476 1822 integer
1509 1757 1719 1827 legitur,
1748 1763 1866 1829 quia
1890 1777 2109 1833 regnum

2216 1747 2410 1816 quippe
2436 1746 2552 1801 dies
2582 1749 2719 1801 inter
2740 1747 2911 1802 lucem
2935 1759 2988 1804 et
3022 1750 3294 1814 tenebras,
3326 1761 3379 1806 et
3422 1752 3570 1820 prius
3599 1752 3744 1805 luceat

558 1832 683 1887 illttd
708 1826 991 1914 signiﬁcat,
1013 1843 1098 1894 ubi
1126 1844 1484 1898 adversarium
1513 1826 1617 1900 non
1651 1826 1986 1909 habebimus:
2018 1853 2107 1907 Tl-

562 1924 704 1978 tulus
730 1930 869 1980 enim
895 1930 1008 1997 ejus
1036 1941 1118 1985 est
1148 1934 1195 1984 iu
1219 1933 1305 1987 die
1331 1950 1431 2002 qua
1459 1941 1595 1991 eruit
1610 1942 1739 1992 'eum
1772 1940 2024 1995 Dominus
2044 1944 2111 1997 de

564 2030 721 2069 manu
748 2019 980 2071 omnium
1034 2021 1365 2077 inimicorum
1420 2025 1559 2095 o-jus,
1614 2031 1754 2083 etde
1782 2045 1937 2083 manu
1963 2030 2107 2087 Saul.

557 2104 683 2168 Quis
712 2108 848 2159 enim
890 2108 1144 2176 ﬁguratur
1184 2112 1234 2164 in
1265 2113 1452 2179 David,
1486 2118 1583 2171 nisi
1623 2119 1709 2175 ille
1736 2121 1824 2189 qui
1854 2121 1999 2176 venit
2027 2137 2111 2177 se-

557 2194 784 2248 cundum
810 2212 1021 2253 carnem
1047 2218 1106 2254 ex
1141 2204 1345 2258 semine
1372 2207 1572 2262 David?
1594 2211 1682 2277 qui
1707 2212 1886 2280 utique
1914 2212 1962 2265 in
1993 2229 2111 2268 cor-

559 2299 686 2350 pare
705 2301 821 2351 suo,
849 2292 988 2355 quod
1020 2304 1098 2345 est
1133 2294 1390 2361 Ecclesia,
1422 2299 1595 2354 adhuc
1622 2303 1817 2369 patitur
1846 2304 2107 2359 inimicos.

563 2372 709 2428 l'mte
735 2377 808 2431 illi
836 2385 1181 2447 persecutori,
1209 2401 1363 2453 quem
1387 2403 1515 2443 voce
1544 2393 1792 2447 mactavit
1816 2404 1868 2449 et
1892 2396 1941 2449 in
1960 2410 2108 2450 suum

557 2475 750 2527 contus
794 2467 1059 2535 trajit-icns
1106 2474 1499 2539 quodammodo
1540 2482 2112 2555 manducavit,[sunuit

558 2550 626 2640 de
653 2550 811 2640 ctelo]
837 2557 1016 2608 sonuit
1050 2575 1062 2608 :
1089 2559 1267 2625 Saule,
1287 2562 1466 2630 Saule,
1489 2568 1613 2634 quid
1638 2584 1722 2623 me
1747 2550 2113 2640 persequeris?

558 2638 781 2701 Quando
812 2651 986 2695 autem
1011 2658 1224 2701 eruetur
1251 2650 1351 2705 hoc
1380 2668 1573 2723 corpus
1593 2658 1708 2726 ejus
1733 2638 1798 2715 de
1820 2638 1976 2717 manu
2000 2681 2112 2718 um-

560 2739 704 2777 mutn
735 2726 1064 2785 inimicorum
1092 2735 1238 2803 ejus,
1271 2740 1373 2794 nisi
1422 2757 1542 2797 cum
1590 2756 1647 2800 et
1682 2749 1767 2802 illa
1827 2752 2110 2808 uovi~sima

560 2813 769 2870 inimica
825 2819 1123 2877 destruetur
1178 2831 1359 2882 mors?
1428 2835 1505 2887 Ad
1561 2835 1662 2890 hoc
1719 2848 1925 2907 tempus
1996 2860 2115 2912 per-

561 2911 692 2959 tinet
760 2925 1011 2967 nnmerus
1065 2917 1153 2971 ille
1227 2931 1437 2975 centum
1508 2928 1886 2999 quinqttagin'a
1955 2911 2112 2990 trium

560 2996 798 3060 plscium.
829 2999 955 3053 Nam
1007 3012 1063 3058 et
1113 3008 1226 3072 ipse
1262 3023 1513 3067 tmtuerus
1563 2996 1820 3083 septimus
1876 3020 2115 3079 decimus

2216 1836 2423 1891 vocavit
2443 1836 2606 1899 diem.
2629 1836 2822 1892 deinde
2851 1840 3098 1892 tenebras
3126 1849 3357 1904 noctem,
3397 1851 3455 1894 et
3491 1840 3625 1894 facta
3652 1840 3745 1891 lucc

2212 1941 2378 1996 usque
2402 1926 2467 1979 ad
2497 1926 2718 1980 alterum
2745 1941 2900 1981 mane
2914 1940 3364 1983 commemoratus
3378 1938 3463 1983 est
3484 1930 3599 1983 dies
3613 1942 3741 1981 unus.

2211 2015 2545 2069 Manifestum
2576 2026 2657 2068 est
2686 2016 2805 2069 illos
2826 2016 2940 2070 dies
2960 2032 2988 2069 a
3022 2016 3140 2072 luce
3165 2019 3393 2086 coepisse
3421 2027 3479 2073 et
3509 2028 3743 2070 transacu

2213 2108 2331 2161 lure
2362 2121 2526 2175 usque
2553 2107 2618 2159 ad
2648 2122 2801 2161 mane
2826 2108 3063 2176 singulos
3089 2109 3533 2171 terminatos,sed
3565 2117 3742 2176 postea-

2212 2211 2367 2263 quam
2397 2206 2606 2249 creatus
2637 2196 2796 2248 humo
2825 2210 2851 2247 a
2878 2196 2996 2249 luce
3036 2196 3255 2264 justitize
3299 2196 3365 2249 ad
3394 2197 3595 2264 peccati
3623 2207 3742 2247 teuc-

2215 2284 2337 2337 bras
2364 2283 2669 2350 declinavit,
2698 2298 2727 2335 a
2755 2284 2944 2350 quibus
2971 2299 3089 2338 cum
3121 2284 3316 2338 Christi
3356 2286 3526 2354 gratia
3553 2285 3741 2343 liberat,

2214 2371 2409 2426 factum
2454 2381 2557 2435 est,
2599 2380 2652 2425 ut
2703 2385 2845 2426 nunc
2876 2373 2987 2427 dies
3033 2388 3063 2426 a
3110 2374 3353 2427 noctibus
3378 2382 3739 2441 computemus.

2214 2465 2335 2532 quia
2367 2478 2470 2517 non
2504 2478 2533 2516 a
2566 2465 2681 2519 luce
2712 2465 2776 2518 ad
2808 2466 3079 2529 tenebras,
3121 2467 3215 2520 sed
3252 2482 3282 2519 a
3316 2467 3552 2521 tenebris
3582 2466 3641 2519 ad
3682 2466 3742 2519 luo

2215 2568 2330 2608 cem
2354 2555 2538 2607 venire
2566 2568 2852 2608 conamur:
2880 2565 2933 2609 et
2955 2555 3182 2608 Domino
3205 2556 3491 2625 adjuvante
3514 2557 3622 2609 fieri
3640 2570 3739 2619 spc-

2216 2658 2413 2708 ramus,
2458 2642 2597 2695 sicut
2624 2642 2909 2711 Apostolus
2946 2643 3095 2697 dicit.
3152 2642 3267 2697 Nox
3322 2646 3617 2711 praeessit,
3648 2645 3742 2695 dies

2214 2743 2392 2788 autem
2421 2735 2880 2801 appmpinquavit,
2910 2732 3217 2801 abjiciamus
3244 2733 3418 2801 itaque
3445 2748 3602 2803 Opera
3627 2743 3737 2787 teuc-

2215 2826 2429 2879 brarutn
2459 2835 2514 2877 et
2539 2824 2820 2877 induamus
2851 2838 2947 2877 nos
2977 2838 3121 2878 arma
3146 2824 3301 2881 lucis.
3329 2824 3450 2879 Dies
3494 2827 3641 2893 igitur
3666 2826 3741 2876 do-

2217 2915 2424 2969 minicae
2448 2912 2710 2982 passionis
2729 2929 2837 2982 quo
2863 2913 3142 2967 crucifixus
3182 2923 3284 2979 est,
3310 2915 3417 2981 jam
3448 2923 3738 2967 transactam

2219 3013 2425 3058 noctem
2453 3000 2717 3071 propriam
2748 3002 3089 3070 sequebatur,
3114 3002 3337 3070 ideoque
3357 3002 3566 3055 clausus
3587 3012 3636 3055 et
3655 3008 3739 3052 ter-

561 3099 781 3153 smgens
842 3089 894 3143 in
952 3090 1237 3161 Trigouum
1262 3136 1278 3162 ,
1323 3110 1535 3156 centum
1593 3108 1965 3178 quinquaginta
2015 3114 2115 3168 πίε
2150 3093 2191 3149 C
2220 3096 2447 3148 minatus
2474 3101 2574 3155 est,
2605 3107 2773 3160 usque
2800 3092 2866 3144 ad
2895 3091 3185 3145 Parasceve
3214 3106 3372 3159 quam
3416 3089 3737 3145 Judtietiaut

563 3190 781 3263 summae
833 3182 1081 3248 complet.
1132 3186 1214 3239 Ab
1262 3204 1366 3242 uno
1410 3194 1603 3262 quippe
1642 3212 1807 3265 usque
1840 3201 1904 3253 ad
1933 3203 2114 3257 decent

561 3262 834 3335 t-fseptem
863 3288 1086 3339 surgens
1141 3293 1328 3333 omnes
1359 3284 1559 3337 medios
1597 3289 1731 3341 adde
1760 3299 1814 3342 et
1845 3290 2113 3347 invenies:

562 3354 626 3406 ad
670 3372 828 3409 unum
870 3360 1072 3414 SCliiCt‘l
1100 3364 1234 3419 adde
1270 3368 1396 3432 dun,
1429 3372 1561 3425 tiunt
1598 3377 1779 3444 utique
1817 3383 1911 3431 tria
1940 3396 1952 3443 ;
1980 3382 2115 3433 addc

563 3442 661 3496 tria
689 3483 703 3506 ,
738 3444 871 3499 ﬁunt
898 3462 989 3501 sex
1018 3467 1029 3513 ;
1075 3453 1209 3506 adde
1251 3466 1492 3522 quatuor.
1551 3442 1703 3515 liunt_
1724 3466 1907 3519 decem
1936 3483 1949 3532 ;
1981 3470 2116 3522 adde

562 3534 816 3601 qaiuque,
850 3538 980 3591 liuut
1024 3542 1358 3609 quindecim;
1403 3550 1536 3602 addc
1587 3566 1700 3615 sex,
1757 3552 1885 3606 liunt
1932 3558 2114 3622 viginti

564 3636 748 3685 unum;
773 3624 907 3677 adde
929 3626 996 3678 ita
1018 3640 1260 3694 exteros,
1275 3642 1327 3685 et
1344 3633 1512 3699 ipsum
1530 3640 1807 3704 septimum
1826 3642 2111 3710 decimum,

566 3710 698 3765 tittnt
754 3722 963 3767 centum
1016 3719 1386 3788 quinquaginta
1426 3726 1541 3777 tria.
1578 3727 1698 3781 lla-c
1726 3729 1794 3782 de
1830 3732 2113 3799 Scripturis

565 3803 866 3857 lirmissime
909 3816 1175 3874 tenentur,
1210 3812 1257 3864 id
1305 3825 1403 3879 est,
1449 3815 1642 3870 Pascha
1674 3830 1725 3872 et
1779 3820 2106 3879 Pentecoste.

564 3889 690 3942 Nam
716 3895 1131 3965 utquadraginta
1162 3901 1235 3951 illi
1264 3903 1376 3955 dies
1400 3916 1519 3957 ante
1549 3906 1750 3959 Pascha
1767 3910 2146 3966 obscrventur'

568 3980 821 4036 Ecclesia:
844 3988 1123 4041 consensio
1152 3991 1435 4057 roboravit,
1467 3994 1542 4047 sic
1589 3998 1748 4048 etiam
1773 4008 1830 4051 ut
1855 4008 1943 4052 oct
1964 4024 1974 4045 ι
1998 4002 2110 4057 dies

566 4071 958 4141 Neophyturutn
988 4076 1375 4147 disninguantur
1399 4098 1427 4134 a
1455 4086 1682 4151 caeteris,
1710 4086 1761 4139 id
1785 4098 1865 4141 est
1892 4100 2110 4143 octavus

564 4158 731 4227 ptimo
768 4164 1035 4218 concinat.
1082 4168 1149 4219 Ut
1185 4180 1357 4223 autem
1396 4172 1602 4226 alleluia
1650 4189 1744 4242 per
1792 4175 1911 4229 illos
1966 4180 2107 4232 solos

562 4251 674 4303 dies
694 4252 1068 4322 quinquaginta
1083 4257 1134 4308 in
1162 4258 1396 4313 Ecclesia
1414 4271 1675 4328 cantetur,
1697 4279 1799 4319 non
1825 4280 2109 4335 uSquequa-

559 4353 664 4406 que
690 4340 1037 4397 observatur:
1068 4359 1185 4399 nam
1217 4357 1269 4400 et
1300 4349 1417 4402 aliis
1459 4350 1643 4405 diebus
1696 4354 1836 4407 varie
1858 4365 2105 4408 cantatur

2217 3198 2425 3239 cauam
2457 3196 2643 3251 puram
2673 3192 2882 3235 vocant.
2916 3181 2997 3234 Ab
3026 3181 3141 3248 ejus
3194 3182 3362 3233 noctis
3393 3183 3609 3234 exordio
3630 3180 3738 3232 iaci-

2219 3275 2423 3342 pieutes
2450 3271 2667 3326 Sabbati
2701 3270 3147 3335 observationem,
3169 3270 3360 3324 deinde
3405 3270 3620 3324 Sabhati
3646 3269 3737 3321 dies

2215 3381 2242 3417 a
2270 3379 2361 3417 sua
2392 3373 2549 3416 nocte
2575 3363 2833 3428 incipiens
2864 3361 3040 3415 [initus
3087 3372 3168 3415 est
3213 3376 3432 3428 vespere
3464 3359 3737 3427 incipienti!

2218 3456 2411 3517 noctis,
2441 3468 2559 3523 quae
2590 3454 2821 3519 pertinet
2847 3458 2909 3505 ad
2938 3453 3142 3505 initium
3175 3453 3429 3505 Dominici
3478 3454 3605 3517 diei,
3631 3466 3735 3517 quo-

2216 3548 2355 3599 niam
2378 3559 2497 3598 cum
2531 3544 2783 3597 Dominus
2814 3557 2922 3595 sure
2952 3542 3359 3595 resurrectionis
3382 3542 3547 3609 gloria
3578 3555 3734 3594 consc-

2214 3634 2405 3689 cravit.
2437 3632 2582 3685 Illius
2607 3632 2788 3697 itaque
2818 3630 2985 3682 noctis
3038 3630 3100 3681 ad
3132 3630 3339 3681 initium
3370 3629 3472 3683 diei
3507 3625 3735 3681 Dominici

2214 3722 2550 3791 pertinentis,
2580 3733 2721 3772 nunc
2752 3718 2850 3772 ista
2888 3717 3226 3770 solemnitate
3252 3720 3500 3771 memoria
3529 3720 3618 3769 culi
3637 3718 3732 3766 bra-

2214 3829 2351 3867 tnus.
2392 3813 2534 3867 Illam
2577 3820 2783 3863 noctem
2821 3808 3025 3875 agimus
3054 3808 3325 3875 vigilando
3369 3824 3466 3875 qua
3510 3809 3733 3860 Dominus

2212 3908 2521 3970 resurrexit,
2554 3915 2600 3959 et
2628 3905 2766 3956 illam
2793 3903 2951 3955 vitam
2980 3902 3047 3954 de
3076 3915 3175 3969 qua
3223 3900 3378 3967 paulo
3406 3912 3527 3952 ante
3552 3897 3727 3949 dicata-

2214 4016 2331 4053 mus
2353 3998 2689 4059 metlitamur,
2719 3996 2805 4048 ubi
2830 4010 2924 4048 nec
2955 4009 3096 4047 mors
3131 3993 3255 4059 ulla,
3290 4008 3389 4046 nec
3407 4005 3617 4047 semitas
3644 4002 3727 4043 est.

2209 4092 2318 4159 86
2348 4104 2503 4155 quam
2538 4088 2588 4138 in
2612 4100 2703 4137 sua
2743 4097 2905 4138 carne
2951 4083 3100 4136 nobis
3140 4082 3421 4143 inchoavit,
3476 4094 3620 4147 quam
3666 4078 3726 4128 sic

2212 4180 2465 4233 escitavit
2493 4193 2522 4227 a
2549 4173 2795 4238 mortuis,
2825 4182 2879 4224 ttt
2907 4172 3015 4240 jam
3048 4187 3151 4223 non
3186 4172 3457 4235 moriatur,
3484 4186 3581 4225 nec
3608 4180 3726 4222 mors

2211 4272 2255 4325 ei
2288 4271 2422 4322 ultra
2446 4267 2767 4320 dominetur.
2799 4264 2924 4316 Nam
2960 4264 3204 4331 quoniam
3258 4264 3529 4316 venientes
3565 4259 3621 4311 ad
3654 4270 3723 4308 sc-

2209 4358 2450 4426 pulcrtnn
2468 4355 2603 4423 ejus,
2630 4370 2657 4405 a
2681 4356 2870 4421 quibus
2897 4352 3236 4419 diligentibus
3261 4352 3591 4418 qttmrebatur
3609 4348 3721 4399 dilu—

560 4428 683 4481 althi
706 4439 861 4497 atque
881 4433 1026 4499 alibi,
1057 4436 1183 4498 ipsis
1207 4448 1382 4493 tamen
1420 4440 1607 4495 diebus
1629 4441 1862 4511 [ubique]
1899 4446 2097 4511 utique.
2135 4421 2179 4477 υ
2211 4421 2351 4507 culo,
2375 4421 2564 4512 corpus
2590 4460 2693 4496 non
2720 4444 3049 4502 invenerunt,
3082 4455 3497 4507 responsumque
3532 4448 3718 4499 accepe-

567 4515 633 4571 Ut
650 4529 823 4574 autem
844 4532 1045 4579 stantes
1065 4527 1190 4580 etin
1216 4530 1316 4583 illis
1346 4532 1553 4596 diebus,
1574 4543 1629 4587 et
1652 4537 1702 4586 in
1742 4536 1986 4588 omnibus
2009 4537 2104 4589 do-

564 4605 771 4662 minicis
786 4626 1013 4677 oremus,
1031 4624 1204 4670 utrum
1225 4618 1423 4687 ubique
1441 4631 1680 4675 servetur
1696 4623 1907 4691 ignoro:
1928 4634 2100 4679 tamen

560 4696 683 4763 quid
708 4698 757 4751 in
781 4716 845 4753 eo
866 4716 1115 4771 sequatur
1143 4709 1378 4763 Ecclesia
1406 4712 1511 4766 dixi
1541 4722 1595 4766 ut
1618 4715 1845 4782 potui,et
1872 4716 2103 4771 arbitror

560 4801 683 4842 esse
722 4792 1076 4851 manifestum.

1069 4931 1288 4988 CAPUT
1325 4933 1577 4989 CXXVII.

558 5031 636 5085 De
682 5033 759 5087 Itis
788 5036 875 5103 qui
917 5036 1000 5119 de.
1026 5043 1221 5119 paginis
1274 5045 1585 5119 Evangelia}
1624 5058 1782 5119 sortes
1818 5053 2016 5119 legunt,
2042 5066 2105 5104 ex

905 5108 1230 5163 eodcm’libro
1256 5128 1287 5166 ll
1324 5118 1390 5165 ad
1413 5108 1756 5170 'Januurt'um.

628 5209 727 5275 Qui
758 5211 824 5265 dc
853 5215 1054 5283 paginis
1076 5217 1406 5286 Evangelicis
1447 5233 1617 5279 sortes
1647 5224 1849 5295 legunt,
1872 5226 1986 5282 etsi
2009 5240 2103 5294 op-

559 5302 773 5354 tandum
801 5314 903 5369 est,
930 5315 987 5359 ut
1017 5306 1118 5362 boc
1147 5310 1322 5376 potius
1350 5311 1545 5367 iaciant
1569 5330 1725 5383 quam
1765 5315 1867 5388 [ut]
1895 5317 1959 5370 ad
1987 5317 2098 5371 diB-
2183 5382 2187 5387 ε

558 5392 736 5443 monia
771 5396 1094 5452 consuleuda
1130 5410 1471 5467 concurrant,
1528 5411 1700 5461 tamen
1734 5417 1793 5461 et
1830 5407 1934 5461 ista
1970 5409 2097 5460 mihi

558 5479 803 5548 displicet
822 5488 1174 5556 consuetudo,
1190 5491 1261 5545 ad
1285 5493 1496 5560 negotia
1526 5494 1797 5574 spcularia
1814 5505 1867 5550 et
1889 5496 1954 5551 ad
1981 5498 2102 5550 vita:

561 5570 715 5637 inIlus
744 5577 1028 5633 vanitatem
1050 5594 1269 5651 propter
1284 5583 1448 5639 aliam
1481 5570 1661 5649 vitam,
1692 5585 1955 5656 loquentia
1983 5602 2099 5642 ora-

556 5660 677 5714 cula
703 5664 881 5721 divina
900 5672 1040 5728 wtulit:
1054 5686 1382 5731 convertere.

2211 4544 2333 4591 runt
2355 4536 2420 4588 ab
2447 4534 2649 4603 angelis
2691 4533 2829 4599 quod
2856 4532 2961 4596 jam
3012 4538 3394 4593 resurrexerat,
3423 4530 3715 4580 manifestum

2209 4638 2289 4682 est
2314 4626 2453 4694 quod
2505 4640 2564 4675 t-a
2597 4632 2751 4675 nocte
2794 4622 3078 4674 resurrexit
3108 4620 3255 4683 cujus
3281 4618 3578 4670 extremitas
3611 4610 3714 4664 illud

2207 4718 2489 4773 diluculum
2518 4712 2630 4765 fuit.
2662 4712 2857 4765 Deinde
2890 4709 2972 4762 cui
3018 4706 3307 4773 πεδία-εμπιιί
3348 4705 3501 4771 mulo
3552 4699 3711 4755 diutius

2211 4806 2477 4878 vigilando
2498 4804 2794 4857 coinsiniutn
2849 4796 3147 4865 praestabat,
3174 4806 3225 4846 ut
3248 4810 3367 4846 cum
3401 4794 3487 4844 ιΙΙο
3505 4792 3611 4845 sine
3629 4789 3712 4840 luto

2206 4896 2430 4951 vivendo
2463 4904 2761 4960 regnetnus.
2811 4886 2912 4941 Sed
2950 4896 3003 4938 et
3032 4885 3075 4937 si
3112 4884 3243 4935 [orte
3276 4882 3355 4959 ιιίκ
3386 4884 3525 4933 horis
3551 4879 3709 4949 quibus

2208 5000 2302 5039 nos
2324 4982 2568 5037 ducimus
2593 4980 2744 5031 istam
2769 4974 2991 5042 vigiliam
3021 4971 3158 5022 illius
3182 4971 3351 5020 adhuc
3370 4983 3559 5034 corpus
3578 4971 3620 5017 iu
3639 4978 3707 5015 se-

2208 5058 2548 5145 pulcro‘erat,
2581 5070 2912 5131 nondumque
2940 5070 3323 5122 resurrexerat,
3355 5074 3474 5127 nec
3506 5058 3579 5111 sic

2205 5141 2357 5220 laudo
2381 5177 2561 5216 sumus
2592 5154 2884 5224 iucungrni,
2912 5152 3035 5221 quia
3066 5151 3157 5204 ille
3182 5148 3440 5202 dormivit
3482 5158 3535 5202 ut
3562 5141 3709 5213 vigile-

2205 5269 2341 5320 mus,
2373 5253 2461 5323 qui
2490 5261 2572 5305 est
2594 5257 2829 5303 mortuus
2856 5253 2913 5297 ut
2931 5242 3249 5295 viveremus.

2724 5333 2945 5390 CAPUT
2991 5329 3222 5385 CXXIX.

2208 5438 2493 5503 Quomodo.
2540 5429 2809 5485 secundum
2844 5426 3057 5504 ﬁgurant
3082 5419 3252 5481 laute,
3280 5426 3382 5470 tres
3405 5417 3508 5469 dies
3549 5416 3702 5529 aut;

2282 5512 2451 5529 -ηιμ
2471 5504 2521 5529 λ..
2545 5501 2776 5529 -..αξη-ι.
2820 5493 3019 5529 Danaa“
3058 5498 3410 5529 tamn-untur
3503 5498 3562 5529 α

2280 5512 2451 5560 nocte:
2471 5504 2521 5554 in
2545 5501 2776 5569 passione
2819 5493 3020 5569 Doti-itii
3058 5498 3410 5569 computentur
3435 5529 3450 5553 ,
3503 5498 3562 5537 τε
3604 5493 3719 5553 utra

2278 5558 2611 5643 questionibus
2644 5563 2902 5633 Euangelii
2918 5562 3105 5629 pri-to,
3132 5560 3213 5611 tis.
3236 5558 3291 5609 7.
3568 5637 3596 5646 υ

2260 5630 2417 5721 »ἐξω
2438 5661 2583 5717 cuitu
2615 5656 2707 5711 fuit
2735 5630 2893 5708 Jonas
2926 5654 2977 5704 iu
3024 5659 3202 5705 ventre
3230 5650 3333 5705 ceti
3348 5644 3526 5702 uibus
3553 5630 3696 5690 dictis
