3886 6224
131 324 255 379 765

1347 320 1516 375 TllES
1534 321 1763 379 \URL'S.
1804 323 1954 379 CAP.
1996 324 2198 383 CXXX.

3255 330 3357 382 7t36

135 445 195 487 et
223 436 410 491 tribus
439 435 697 498 noctibus,
725 433 800 486 sic
828 432 925 486 erit
945 440 1000 487 ct
1029 432 1187 503 Filius
1213 417 1436 484 hominis
1465 430 1516 483 in
1546 429 1705 482 corde
1733 432 1779 488 Α
1810 438 1912 482 tttr.
1949 429 2126 484 Gloria
2159 436 2315 500 igitur
2357 436 2407 487 in
2462 436 2686 489 cxcel~is
2720 436 2855 502 Deo,
2899 446 2953 490 ct
2993 440 3042 491 in
3086 449 3221 492 terra
3254 456 3352 506 pax

137 534 319 580 terra:
353 528 515 579 tribus
544 525 726 577 diebus
770 530 826 577 et
862 524 1027 576 tribus
1054 522 1306 576 noctibus.
1342 523 1515 576 Sexta:
1562 519 1706 573 feriae

136 614 257 667 diei
323 627 525 683 partem
565 627 666 680 qua
718 613 950 681 sepultus
993 624 1075 666 est
1102 628 1217 666 cum
1261 612 1520 681 praeterita
1554 619 1705 664 nocte

135 715 245 771 pro
279 716 446 759 nocte
471 714 524 754 et
552 704 635 758 die
661 705 884 772 accipies
904 744 920 770 ,
966 703 1065 758 hoc
1090 714 1188 766 est,
1221 719 1312 770 pro
1344 713 1452 755 toto
1474 702 1556 755 die
1584 702 1705 753 sab-

135 809 286 847 nato
342 804 495 847 nocte
528 801 581 846 et
607 794 726 857 die,
759 800 814 847 et
859 801 1062 847 noctem
1109 794 1423 846 dominicam
1465 807 1584 845 cum
1613 805 1704 845 co-

132 883 271 935 dem
326 884 417 936 die
449 883 821 945 illucescente,
870 882 931 935 ac
977 896 1068 949 per
1109 883 1208 935 hoc
1249 880 1553 949 accipiendo
1585 895 1704 947 par-

135 982 257 1026 tem
295 987 399 1040 pro
445 981 554 1026 toto
600 971 760 1026 habes
812 973 1034 1027 triduum
1077 979 1131 1025 et
1176 981 1281 1027 tres
1321 981 1522 1026 noctes.
1551 970 1701 1035 Quod

135 1060 297 1113 enim
356 1062 599 1115 dicuntur
637 1061 816 1115 decem
864 1075 1072 1114 menses
1117 1060 1471 1129 praegnantis,
1514 1073 1699 1111 novem

138 1156 276 1201 sunt
313 1149 481 1217 pleni,
518 1149 608 1204 sed
637 1150 839 1204 initium
861 1150 1051 1204 decimi
1079 1164 1175 1216 pro
1206 1159 1314 1203 toto
1345 1151 1616 1218 accipitur,
1649 1158 1704 1202 et

137 1239 293 1305 quod
330 1253 391 1293 se
422 1239 670 1294 Dominus
714 1240 939 1294 ostendit
968 1240 1020 1294 in
1051 1249 1258 1305 monte,
1299 1248 1417 1308 post
1463 1254 1554 1294 sex
1587 1237 1702 1292 dies

139 1325 358 1379 factum
388 1327 514 1381 dicit
552 1343 684 1381 unus
730 1328 1047 1397 evangelista
1070 1369 1083 1391 ,
1112 1329 1243 1381 alter
1272 1343 1398 1381 vero
1428 1335 1546 1395 post
1584 1336 1702 1380 octo

139 1414 266 1468 dies
292 1457 309 1479 ,
349 1416 479 1470 dicit
507 1428 707 1485 partem
740 1419 1081 1485 posteriorem
1123 1419 1280 1486 primi
1314 1418 1419 1471 diei
1442 1456 1457 1480 ,
1503 1418 1554 1470 in
1599 1432 1702 1484 quo

140 1503 393 1557 futurum
421 1505 519 1559 hoc
547 1508 779 1572 promisit
810 1507 1081 1571 Dominus,
1124 1517 1178 1561 et
1217 1518 1423 1574 partem
1470 1506 1698 1574 priorem

144 1595 437 1648 novissimi
464 1595 591 1660 diei,
623 1597 672 1649 in
698 1613 801 1663 quo
829 1598 1140 1664 completum
1169 1605 1248 1650 est
1274 1596 1411 1665 quod
1439 1597 1699 1664 promisit,

142 1695 243 1749 pro
277 1682 412 1736 totis
436 1693 593 1751 atque
632 1685 846 1754 integris
884 1686 1069 1739 diebus
1096 1700 1448 1739 annumerans
1474 1725 1489 1748 ,
1521 1694 1581 1737 ut
1624 1685 1701 1737 in-

1812 518 2110 575 hominibus
2157 524 2307 575 boum
2347 525 2651 578 voluntatis.
2678 526 2864 581 -—-Cur
2888 529 2968 580 ln'c
3005 530 3138 581 man
3164 532 3353 583 lionn'm'

1807 607 1927 661 bene
1970 610 2054 674 ait,
2085 613 2159 663 vel
2187 612 2315 664 bono
2358 612 2508 666 male.
2555 613 2637 666 Ex
2681 631 2903 670 sermone
2933 618 2994 669 de
3023 615 3351 671 Providentia

1805 698 1920 751 Dei.
1967 729 2035 739 —
2066 701 2200 755 llinc
2247 704 2478 757 maxime
2508 704 2829 758 credendum
2877 718 2951 758 est
2993 708 3130 775 quod
3184 709 3352 774 pietas

1806 789 2053 856 prtedicat
2083 792 2417 846 manifestum
2471 792 2699 848 futurum
2745 811 2862 849 esse
2902 798 3179 864 judicium,
3229 801 3349 867 quia

1806 891 1943 932 nunc
1980 878 2220 933 videmus
2251 881 2507 935 humanas
2552 883 2827 937 felicitates
2872 893 2928 937 et
2970 886 3145 939 clades
3192 890 3353 941 indis-

1802 978 1946 1023 crete
1976 968 2127 1023 bonis
2150 979 2204 1022 et
2226 973 2376 1025 malis
2392 974 2536 1027 velut
2561 973 2677 1026 sine
2708 975 2815 1025 ullo
2838 975 3037 1042 judicio
3064 991 3183 1029 esse
3205 992 3350 1048 com-

1803 1071 1991 1111 manes
2012 1096 2029 1122 ,
2079 1073 2198 1112 cum
2231 1060 2320 1115 Dei
2346 1060 2575 1130 juStitia,
2607 1062 2757 1130 cujus
2784 1064 2860 1116 sic
2883 1065 3082 1119 eminet
3112 1067 3163 1118 in
3193 1068 3351 1121 rebus

1804 1146 2009 1215 exiguis
2039 1148 2395 1216 providentia,
2439 1151 2583 1204 nullo
2614 1150 2770 1204 modo
2817 1152 3076 1220 relinquat
3103 1155 3217 1209 sine
3248 1157 3353 1209 ullo

1798 1235 1997 1304 judicio
2026 1239 2219 1304 passim
2254 1239 2461 1294 ﬂuitare
2474 1238 2694 1307 majora.
2718 1240 2852 1306 Quid
2874 1254 3047 1295 autem
3072 1245 3350 1312 majusest,

1802 1340 1904 1380 non
1932 1327 2099 1381 silum
2128 1332 2179 1382 in
2209 1330 2306 1384 ista
2333 1331 2582 1395 humana,
2614 1346 2795 1385 verum
2826 1334 2983 1387 etiam
3033 1335 3082 1386 in
3114 1337 3350 1403 angelica

1802 1424 2007 1480 natura,
2035 1431 2191 1485 quam
2237 1428 2296 1473 ut
2320 1420 2443 1472 mali
2485 1418 2626 1488 justa
2656 1421 2867 1474 miseria
2901 1422 3203 1488 puniantur,
3231 1424 3355 1478 boui

1802 1520 1927 1559 vero
1956 1507 2281 1563 beatitudine
2304 1510 2676 1575 perfruantur?
2701 1511 2848 1577 Quod
2880 1526 3005 1580 ergo
3047 1529 3186 1569 nunc
3214 1516 3355 1568 mulo

1805 1596 2001 1648 homini
2056 1600 2205 1663 quasi
2238 1600 2374 1654 bene
2412 1612 2526 1665 est,
2558 1602 2763 1676 occulta
2814 1617 2963 1670 pmna
2990 1612 3098 1667 est,
3135 1605 3357 1660 felicitas

1807 1685 1968 1748 falsa;
2000 1686 2137 1753 quod
2165 1697 2339 1741 autem
2384 1688 2581 1743 homini
2618 1691 2758 1743 bono
2788 1694 2924 1746 male
2955 1702 3054 1757 est,
3087 1710 3188 1747 non
3223 1710 3355 1762 pra:-

148 1772 375 1838 telligas
402 1786 521 1825 eum
552 1775 637 1841 qui
666 1774 797 1827 dixit
826 1784 941 1842 post
986 1790 1077 1828 sex
1116 1774 1231 1828 dies
1252 1814 1265 1838 ,
1313 1776 1453 1827 solos
1501 1774 1702 1828 medios
1730 1767 1779 1828 Β
1808 1775 1964 1827 inium
1996 1776 2175 1842 pietati
2197 1786 2436 1846 negatur,
2454 1779 2545 1833 sed
2578 1780 2641 1832 ad
2670 1780 2867 1847 majora
2898 1783 3112 1849 praemia
3144 1787 3352 1849 patien-

145 1873 647 1926 oommemorasse,
680 1864 766 1930 qtti
797 1879 918 1917 vero
948 1865 1041 1916 toti
1065 1874 1219 1931 atque
1240 1864 1423 1932 integri
1452 1863 1700 1931 completi

148 1961 269 1999 sunt
297 1965 313 2011 ;
347 1949 397 2001 in
432 1949 622 2004 Genesi
672 1953 807 2004 cnim
837 1968 864 2003 a
894 1953 1089 2005 lumine
1119 1952 1296 2019 incipit
1333 1952 1476 2017 dies,
1510 1961 1564 2005 et
1592 1952 1706 2005 finit

147 2036 214 2087 ad
251 2039 506 2091 tenebras
534 2040 595 2091 ad
627 2040 1017 2109 significandum
1051 2045 1248 2108 lapsum
1280 2042 1533 2105 hominis;
1565 2056 1702 2093 nunc

150 2135 337 2176 autem
370 2139 397 2177 a
424 2127 653 2180 tein-bris
675 2129 736 2180 ad
764 2131 957 2192 lucem,
984 2132 1115 2181 sicut
1146 2130 1341 2182 dictaui
1373 2142 1449 2183 est
1478 2131 1540 2181 de
1559 2142 1703 2182 tene-

154 2215 269 2266 bris
305 2214 478 2267 lucem
505 2217 867 2284 splendescere
894 2217 1243 2288 [clarescere],
1276 2220 1396 2284 quia
1427 2234 1453 2270 a
1479 2220 1703 2286 peccatis

154 2302 320 2357 homo
352 2304 605 2358 liberatus
624 2307 941 2373 pervenitad
966 2298 1128 2360 lucem
1156 2308 1397 2374 justitim.

704 2434 924 2489 CAPUT
964 2435 1165 2491 CXXX.

650 2549 725 2601 De
758 2547 1075 2600 Providentia
1100 2549 1213 2601 Dei.

225 2656 374 2711 Fieri
408 2667 579 2726 potest
610 2668 663 2711 ut
690 2673 778 2726 per
809 2660 999 2711 malum
1032 2658 1291 2712 hominem
1324 2660 1495 2715 divina
1528 2663 1702 2728 provi-

156 2745 341 2797 dentia
371 2754 427 2798 et
472 2746 643 2813 puniat
690 2757 743 2800 et
770 2748 1070 2813 epituletur.
1103 2747 1230 2801 Nam
1273 2750 1571 2803 Judworum
1602 2751 1699 2802 ἰιιι-

157 2832 331 2901 pietas
358 2843 412 2886 et
437 2834 620 2887 Judam
651 2837 1014 2903 Supplantavit,
1049 2846 1102 2890 et
1129 2838 1368 2904 gentibus
1399 2840 1550 2891 saluti
1581 2837 1699 2890 fuit.

160 2919 285 2975 Item
316 2920 432 2974 fieri
465 2931 636 2989 potest
667 2934 721 2976 ut
747 2924 919 2976 divina
959 2924 1280 2992 providentia
1312 2940 1406 2992 per
1434 2925 1700 2979 hominem

161 3010 356 3065 bonum
388 3021 442 3064 et
470 3013 681 3065 damnet
724 3024 772 3067 et
818 3014 1061 3081 adjuvet,
1092 3016 1226 3067 sicut
1264 3018 1337 3068 ait
1372 3016 1651 3083 Apostolus
1686 3034 1698 3067 :

161 3099 293 3152 Aliis
337 3114 520 3153 sumus
546 3102 674 3154 odor
720 3103 839 3154 vitae
884 3104 931 3154 in
965 3104 1148 3167 vitam,
1194 3094 1307 3157 aliis
1349 3115 1524 3157 autem
1568 3098 1769 3158 odorC

162 3190 347 3243 mortis
403 3192 452 3242 in
503 3201 747 3244 martem.
791 3193 890 3245 Sed
938 3208 1056 3247 cum
1105 3196 1273 3246 omnis
1319 3195 1583 3248 tribulatio
1612 3206 1701 3248 aut

162 3290 311 3339 paruo
344 3278 621 3343 impiorum
654 3281 741 3341 sit,
791 3290 878 3331 aut
925 3281 1236 3333 exercitatio
1258 3283 1552 3349 justorum;
1580 3284 1696 3351 quia

165 3364 342 3416 eadem
401 3366 589 3417 tributa
641 3375 693 3419 et
742 3369 913 3433 paleas
955 3369 1208 3432 concidit,
1264 3380 1316 3422 et
1362 3370 1621 3423 frumenta
1670 3385 1698 3422 a

165 3451 326 3515 paleis
356 3454 526 3516 exuit,
556 3458 690 3506 unde
721 3456 982 3508 tribulatio
1014 3472 1199 3509 nomen
1231 3459 1463 3524 accepit;
1490 3474 1693 3509 rursum

167 3554 275 3590 cum
324 3556 421 3606 pax
469 3554 520 3593 et
547 3544 690 3610 quies
717 3560 743 3594 a
792 3545 1046 3597 molestiis
1074 3548 1410 3599 saecularibus
1438 3557 1490 3599 et
1535 3549 1699 3600 bonos

170 3625 439 3689 lucretur,
477 3639 527 3681 et
574 3642 867 3698 corrumpat
920 3634 1115 3699 malos,
1166 3636 1337 3686 omnia
1386 3634 1496 3689 haec
1527 3637 1695 3689 divina

167 3714 492 3777 providentia
548 3730 639 3781 pro
688 3719 888 3770 meritis
923 3719 1218 3770 moderatur
1262 3721 1575 3787 animarum,
1606 3724 1697 3775 sed

169 3809 336 3852 tatncn
372 3818 473 3852 non
508 3803 606 3854 sibi
646 3806 839 3869 el'gnnt
868 3806 983 3858 botti
1020 3808 1363 3861 ministerium
1403 3812 1697 3864 tribulatio-

167 3888 272 3953 nis,
303 3906 400 3943 nec
443 3891 561 3941 ntali
593 3905 765 3943 amant
798 3909 997 3957 pacem.
1027 3900 1196 3955 Quare
1225 3898 1319 3962 ipsi
1350 3913 1555 3965 quoque
1604 3916 1694 3966 per

166 3989 291 4043 quos
316 3978 364 4029 id
396 3979 567 4044 agitur
593 3980 728 4044 quod
758 3980 1016 4046 ignorant,
1040 3998 1139 4034 non
1161 3983 1372 4049 justitiae
1403 4002 1514 4053 qua:
1544 3988 1698 4040 refer-

170 4075 249 4117 tur
277 4067 338 4118 ad
373 4068 533 4119 Deum
553 4108 567 4131 ,
596 4067 684 4120 sed
711 4069 1078 4125 malivolenticc
1107 4087 1211 4125 sine
1240 4076 1531 4128 mercedem
1562 4078 1698 4131 acci-

171 4161 337 4226 piunt;
370 4164 809 4230 quemadmodum
842 4180 936 4219 nec
966 4167 1114 4221 bonis
1146 4169 1427 4236 imputatur
1452 4173 1586 4238 quod
1619 4174 1697 4239 ip—

170 4248 237 4299 sis
280 4252 528 4316 pri-desse
568 4252 861 4304 volentibus
917 4263 1131 4307 nocetur
1177 4257 1363 4320 alicui,
1410 4259 1499 4312 sed
1560 4260 1696 4311 bono

170 4336 334 4389 animo
381 4340 757 4393 benevolentiae
806 4343 1069 4408 praemium
1118 4345 1381 4400 tribuitur.
1416 4347 1485 4399 lta
1536 4351 1691 4401 etiam

1806 1865 1874 1917 tia
1923 1862 2133 1930 pietatis
2160 1876 2401 1933 augetur.
2436 1866 2565 1921 Item
2590 1869 2729 1936 quod
2758 1869 3036 1937 aliquando
3080 1882 3134 1925 et
3171 1874 3221 1926 iu
3255 1876 3354 1928 hac

1804 1953 1907 2002 vita
1923 1953 2061 2004 malo
2076 1954 2273 2007 homini
2290 1957 2424 2008 mala
2438 1958 2945 2023 est,autemendatio
2960 1970 3057 2023 est,
3081 1972 3162 2015 aut
3183 1964 3351 2016 afflic-

1808 2038 1877 2091 tio
1908 2051 2267 2106 peccatorum.
2300 2043 2520 2107 Quando
2561 2054 2735 2099 autem
2786 2046 2924 2099 bono
2971 2049 3166 2102 homini
3218 2051 3352 2104 bene

1805 2140 1904 2194 est,
1940 2146 2041 2184 non
2085 2141 2163 2185 est
2194 2133 2335 2188 illius
2365 2149 2605 2203 superna:
2636 2138 2817 2204 patria:
2846 2141 3193 2193 certissimum
3224 2159 3354 2209 gan-

1805 2218 1985 2285 dium,
2034 2222 2124 2274 sed
2160 2222 2314 2290 hujus
2353 2226 2659 2291 periculosa:
2693 2230 3125 2297 peregrinationis
3173 2234 3353 2300 quale-

1804 2323 2025 2377 cumque
2054 2312 2318 2365 solatium.
2353 2314 2475 2367 ll.ee
2520 2326 2674 2384 atque
2703 2317 2999 2385 hujnsmodi
3030 2322 3072 2373 si
3097 2325 3352 2389 cogitaret

1806 2402 2031 2456 intidelis
2062 2403 2329 2469 impietas,
2365 2407 2416 2457 in
2449 2406 2803 2472 gubernandis
2826 2411 2982 2464 rebus
3011 2413 3251 2464 humanis
3274 2416 3352 2466 di-

1806 2492 1977 2541 vinam
2008 2492 2387 2557 providentiam
2431 2511 2533 2548 non
2580 2508 2819 2565 negaret,
2865 2515 2959 2553 nec
3002 2502 3051 2553 in
3078 2502 3183 2554 suis
3212 2513 3353 2557 tene-

1811 2580 1979 2630 brOsiS
2009 2589 2061 2632 et
2103 2584 2385 2637 mortiferis
2429 2585 2626 2638 viribus
2655 2598 2836 2640 contra
2876 2590 3048 2642 lumen
3090 2601 3142 2643 ct
3195 2594 3350 2644 vitam

1808 2670 2079 2734 sapientia:
2109 2672 2438 2737 perduraret.
2471 2674 2597 2726 Illud
2624 2690 2749 2745 ergo
2779 2680 3015 2729 attendat
3047 2679 3202 2731 homo
3236 2681 3350 2731 inti-

1806 2759 1956 2825 delis,
1985 2761 2123 2826 quod
2169 2762 2346 2816 dicere
2386 2779 2488 2816 non
2519 2775 2689 2830 potest
2717 2768 2782 2817 ab
2814 2767 3113 2822 hominibus
3146 2770 3350 2822 institu-

1806 2858 1936 2911 tum,
1968 2863 2034 2903 ne
2084 2851 2244 2904 Deum
2286 2864 2442 2920 neget
2486 2856 2640 2907 rebus
2671 2857 2910 2909 humanis
2937 2859 3171 2912 ordinem
3200 2862 3347 2925 dare,

1803 2938 1889 3003 qtti
1935 2938 2112 2991 docuit
2140 2942 2374 3006 apiculas
2420 2944 2587 2997 cellas
2618 2944 2856 2999 favorum
2890 2957 2991 3000 tant
3043 2951 3348 3003 mirabiliter

1802 3025 2049 3080 ordinare
2085 3045 2095 3077 :
2132 3029 2229 3095 ipsi
2260 3034 2454 3097 quippe
2479 3032 2677 3086 homini
2707 3036 2823 3100 quis
2854 3037 2994 3088 dedit
3036 3038 3347 3091 inordinatis

1802 3116 1956 3169 rebus
1984 3116 2174 3170 nﬂcndi
2198 3160 2211 3181 ,
2236 3131 2286 3171 et
2314 3134 2489 3174 rerum
2519 3124 2701 3178 ordine
2729 3126 3008 3179 delectari?
3039 3128 3217 3189 Nonne
3250 3120 3347 3183 Ιιιιά

1801 3203 1850 3253 in
1875 3218 1983 3255 suae
2012 3208 2198 3258 anima:
2234 3220 2414 3261 natura
2445 3212 2660 3276 invenit,
2690 3230 2845 3280 quam
2877 3216 2976 3267 sibi
3001 3218 3111 3282 ipse
3142 3232 3243 3269 non
3275 3219 3348 3271 fe-

1800 3292 1904 3342 cit?
1931 3292 2060 3344 Nam
2092 3310 2255 3359 quare
2283 3299 2470 3350 ordine
2509 3314 2609 3351 ttOtt
2658 3304 2867 3354 invento
2897 3306 2946 3355 in
2980 3305 3136 3357 rebus
3168 3306 3347 3358 huma-

1801 3380 1879 3429 nis
1913 3381 2071 3432 Deum
2122 3398 2207 3435 res
2251 3385 2504 3438 humanas
2549 3390 2840 3455 gubernare
2872 3407 2972 3443 nun
3004 3396 3171 3447 credit
3201 3433 3213 3455 ,
3248 3398 3344 3448 nisi

1800 3466 1919 3531 quia
1968 3469 2123 3520 rebus
2157 3472 2464 3524 inordinatis
2495 3477 2762 3530 ordinatas
2795 3494 3097 3545 prmpmiere
3138 3491 3345 3534 natura-

1801 3557 1917 3609 liter
1948 3560 2122 3610 πιονὶι7
2176 3563 2379 3628 Ergone
2425 3565 2579 3617 homo
2607 3567 2806 3633 judiCat
2836 3571 3218 3624 ordinationem
3252 3588 3343 3638 p0-

1802 3647 1903 3699 tius
1930 3664 2082 3714 quam
2130 3654 2576 3715 perturbationem
2608 3659 2849 3721 opt-ribus
2889 3662 3173 3715 convenire
3203 3662 3336 3713 divi—

1800 3736 1917 3787 Itis?
1948 3739 2008 3788 lit
2040 3738 2176 3789 Dcus
2206 3742 2500 3793 ordinatum
2530 3745 2784 3809 judicium
2816 3761 2915 3797 non
2950 3748 3104 3799 habet
3131 3750 3195 3801 de
3246 3750 3341 3799 Itu-

1800 3826 2026 3878 tninibus
2059 3828 2337 3889 universis,
2371 3833 2455 3897 qui
2487 3834 2687 3887 ordinis
2710 3850 2920 3887 sensum
2938 3839 3132 3890 creavit
3163 3839 3213 3890 in
3236 3840 3343 3890 sin-

1798 3915 1964 3981 gulis?
1996 3916 2162 3968 llabt-t
2192 3918 2361 3984 plane,
2400 3921 2584 3981 ltubt‘l,
2632 3938 2734 3975 non
2762 3924 2961 3977 dubitet
2992 3929 3175 3991 pietas,
3207 3942 3257 3980 et
3298 3929 3341 3982 si

1801 4020 1903 4057 non
1951 4008 2348 4071 comprehcndit
2397 4011 2687 4064 inﬁrmitas.
2742 4014 2908 4079 Opera
2963 4016 3224 4068 fabrorum
3280 4036 3341 4071 ea

1800 4108 1983 4159 nempe
2014 4095 2314 4157 laudamus,
2347 4114 2463 4165 qua:
2508 4098 2767 4165 iuSpicere
2798 4115 3093 4166 possumus,
3132 4105 3341 4156 mecha-

1800 4183 2033 4235 nicorunt
2064 4193 2235 4236 autem
2266 4196 2535 4253 stupemus
2560 4226 2575 4251 ,
2605 4196 2660 4242 et
2688 4190 2785 4242 nisi
2810 4199 2986 4256 aperta
3009 4202 3165 4259 atque
3192 4208 3340 4245 mon-

1798 4278 1961 4322 strata
2003 4271 2234 4335 fuerint,
2284 4287 2376 4325 eos
2406 4273 2748 4341 impossibilia
2785 4280 3017 4341 potuisse
3062 4280 3334 4333 miramur.

1796 4354 1900 4408 Cur
1942 4370 2067 4423 ergo
2095 4358 2159 4408 de
2200 4358 2412 4424 judiciis
2443 4360 2533 4413 Dei
2564 4371 2662 4413 tam
2696 4375 2897 4417 temere
2927 4365 3245 4433 judicamus,
3284 4384 3338 4424 et

171 4433 348 4477 cetera
414 4436 654 4479 creatura
716 4443 809 4496 pro
856 4432 1054 4484 meritis
1110 4433 1399 4486 animarum
1467 4436 1692 4490 raliona-
1727 4428 1955 4499 Ddivini
2004 4448 2174 4513 operis
2225 4451 2463 4503 ordinem
2512 4452 2599 4503 ubi
2640 4469 2741 4504 non
2785 4458 3105 4520 potuerimus
3135 4460 3333 4521 videre,

174 4507 289 4563 lium
318 4516 670 4580 velsentitur,
702 4518 780 4570 vel
817 4518 975 4583 latet,
1025 4522 1106 4573 vel
1136 4523 1352 4576 molesta
1374 4564 1388 4588 ,
1434 4526 1514 4578 vel
1544 4541 1691 4578 com-

172 4600 313 4652 moda
342 4613 444 4657 est.
498 4604 712 4658 Summo
760 4608 896 4660 enim
930 4608 1035 4663 Deo
1064 4623 1248 4665 cuncta
1280 4614 1411 4668 bene
1439 4616 1692 4670 adminis-

174 4691 356 4741 strante
376 4706 492 4757 qua:
513 4692 654 4756 fecit,
677 4695 806 4747 nihil
826 4696 1175 4753 inordinatum
1201 4701 1250 4753 iu
1278 4704 1519 4757 universo
1543 4706 1693 4758 nihil-

174 4786 265 4836 que
290 4777 535 4845 injnstum
561 4792 674 4845 est,
714 4783 825 4836 sive
856 4786 1137 4839 scientibus
1160 4830 1173 4852 ,
1207 4793 1317 4845 sive
1343 4795 1692 4849 nescientibus

174 4864 331 4920 nobis.
362 4869 465 4922 Sed
494 4871 542 4921 in
578 4880 721 4937 parte
750 4873 1027 4928 offenditur
1056 4880 1222 4931 anima
1270 4885 1551 4947 peccatrix.
1582 4887 1681 4937 Ta-

175 4966 281 5005 men
310 4960 423 5023 quia
452 4974 543 5025 pro
570 4962 768 5014 meritis
793 4962 859 5015 ibi
888 4975 987 5027 est,
1014 4969 1095 5020 ubi
1124 4984 1238 5023 esse
1264 4973 1416 5025 talem
1440 4976 1610 5038 decet,
1636 4988 1687 5029 ιιι

175 5053 228 5090 ea
256 5046 444 5107 patitur
482 5064 598 5115 qua:
638 5051 792 5103 talem
836 5056 935 5119 pati
984 5072 1186 5122 acquum
1228 5072 1342 5126 est,
1390 5066 1683 5119 univcrsum

179 5126 259 5181 Dei
302 5149 513 5205 regnum
565 5139 700 5190 nulla
751 5155 841 5192 sua
890 5141 1124 5198 fmditate
1171 5149 1441 5202 deformat.
1486 5152 1680 5217 Quam-

176 5215 340 5273 obrem
371 5225 619 5291 quoniam
649 5243 749 5280 non
797 5232 967 5284 omnia
1014 5236 1251 5289 novimus
1296 5255 1410 5304 quze
1440 5241 1505 5293 de
1535 5245 1687 5298 nobis

180 5300 295 5358 bene
315 5312 415 5376 agit
440 5314 569 5365 ordo
593 5315 815 5380 divinus,
845 5318 895 5371 in
916 5321 1025 5373 sola
1055 5323 1189 5377 bona
1210 5326 1471 5380 voluntate
1500 5344 1686 5383 seruo-

177 5390 285 5445 dntn
307 5396 469 5465 legem
496 5403 697 5469 agimus
721 5394 751 5467 ,i
779 5406 829 5459 in
856 5410 1059 5462 caeteris
1094 5422 1266 5466 autem
1296 5417 1581 5469 secundum
1604 5420 1683 5472 le-

180 5490 280 5545 gem
302 5487 519 5552 agimur,
552 5505 669 5543 cum
692 5491 771 5544 lex
792 5494 908 5560 ipsa
928 5496 1360 5553 incommutabilis
1382 5500 1611 5568 maneat,
1630 5518 1684 5560 et

179 5570 330 5625 catini:
360 5576 623 5630 mutabilia
666 5580 1012 5646 pulcherrima
1040 5586 1415 5654 gubernatione
1444 5594 1681 5651 modere-

1792 4534 2102 4588 festiuamus
2133 4553 2346 4604 negare,
2383 4538 2656 4593 laudantes
2688 4545 2968 4606 potentiam
2996 4546 3256 4598 Creatoris
3284 4548 3335 4600 in

1794 4623 2037 4676 arborum
2072 4625 2209 4677 foliis
2233 4667 2247 4689 ,
2280 4638 2332 4679 et
2362 4644 2475 4680 eam
2532 4644 2633 4681 non
2669 4641 2907 4696 putantes
2935 4648 3054 4685 esse
3096 4635 3145 4686 in
3174 4637 3333 4688 rebus

1794 4712 2056 4776 humanis,
2090 4728 2185 4766 nec
2218 4717 2389 4782 potius
2421 4716 2852 4785 investigabihter
2899 4730 2951 4772 et
2992 4722 3220 4776 latenter
3250 4742 3333 4776 or-

1794 4801 1969 4855 dinem
2000 4818 2172 4855 rerum
2216 4808 2559 4859 humanarum
2598 4824 2813 4862 currere
2841 4812 3105 4863 credimus
3129 4852 3142 4872 ,
3176 4830 3331 4879 quem

1794 4894 1873 4945 vel
1905 4894 2213 4948 immensum
2247 4886 2731 4962 comprelien'dcrc,
2764 4902 2840 4951 vel
2878 4903 3138 4953 occultum
3173 4903 3332 4970 insp-

1792 4995 1911 5032 cere
1938 4997 2038 5033 non
2070 4984 2336 5035 valemus?
2363 4985 2466 5036 Sed
2499 5000 2671 5039 rerum
2702 4987 2949 5040 divinitus
2976 4989 3326 5043 institutarum

1791 5066 2033 5132 ordines,
2059 5068 2397 5122 manifestiex
2429 5073 2617 5136 quibus
2646 5074 2987 5141 conjiciantur
3015 5079 3224 5138 occulti,
3256 5083 3328 5129 lc-

1794 5156 1931 5207 t'iunt
1960 5158 2115 5208 etiam
2147 5160 2326 5210 oculos
2371 5162 2667 5227 impiorum.
2692 5192 2758 5201 —
2780 5166 2913 5226 Quid
2958 5167 3007 5215 in
3066 5166 3190 5217 libro
3227 5167 3325 5219 Ec~

1790 5245 2042 5297 clcsiastes
2076 5244 2318 5298 Salomon
2344 5248 2405 5298 de
2453 5249 2530 5300 liis
2580 5251 2629 5300 in
2682 5251 2776 5302 huc
2808 5255 2901 5303 vim
2930 5253 3069 5305 bonis
3113 5267 3157 5305 et
3180 5257 3325 5307 malis

1786 5347 1897 5399 qua:
1922 5335 2019 5385 sint
2046 5337 2332 5386 communia
2357 5338 2639 5401 dispulerit.
2672 5339 2747 5391 (2'1:
2774 5341 2896 5393 libro
2918 5343 2978 5393 de
3002 5342 3209 5394 Civitale
3231 5344 3324 5396 Dei

1786 5437 1876 5474 xx.
1907 5451 1973 5461 —
2004 5422 2149 5475 Nunc
2190 5424 2397 5491 quando
2424 5441 2525 5475 non
2557 5428 2722 5477 solum
2767 5423 2817 5475 in
2856 5430 2991 5480 malo
3016 5440 3137 5482 Sunt
3176 5430 3317 5495 boni,
3350 5422 3365 5453 “

1784 5522 1836 5563 et
1862 5512 1913 5563 in
1944 5513 2080 5565 bono
2109 5515 2252 5576 mali,
2278 5515 2415 5582 quod
2441 5516 2642 5567 videtur
2669 5518 2937 5579 iniustum,
2964 5534 3139 5571 verum
3163 5522 3316 5573 etiam

1786 5600 2094 5670 plerumque
2138 5613 2192 5659 et
2221 5604 2373 5657 malis
2410 5604 2547 5658 mala
2582 5604 2827 5689 eveniunt
2852 5644 2868 5670 ,
2912 5616 2963 5659 et
3007 5607 3155 5663 bouis
3182 5610 3319 5665 bona
