3886 6224
546 266 649 320 767

550 468 936 535 iuvestigabiles
982 466 1080 518 via:
1123 464 1259 532 ejus.
1329 464 1581 529 Quamvis
1629 479 1757 533 ergo
1805 464 2099 516 nesciamus

545 559 651 627 87
686 574 787 625 quo
812 556 1009 622 judicio
1052 554 1188 608 Deus
1219 555 1313 606 ista
1358 557 1435 607 vel
1476 552 1655 616 faciat,
1686 554 1765 605 vel
1796 554 1908 607 licri
1940 554 2097 615 sinat,

545 649 680 708 apud
706 661 861 713 quem
908 659 1114 697 summa
1142 645 1310 695 virtus
1338 653 1419 697 est
1445 685 1459 704 ,
1506 654 1555 695 et
1585 658 1786 696 summa
1818 642 2095 708 sapientia,

544 749 747 786 summa
800 734 1027 801 justitia,
1081 733 1220 785 nulla
1253 733 1564 795 inlirmitas,
1617 733 1754 783 nulla
1794 730 2096 792 temeritas,

548 822 684 872 nulla
710 821 977 889 iniquitas,
1009 820 1292 873 salubriter
1321 829 1495 873 tamen
1510 820 1763 871 discimus
1791 833 1893 870 non
1925 816 2098 884 magni

548 910 813 976 pendere,
840 924 933 962 seu
969 910 1128 975 bona,
1155 924 1246 961 seu
1279 912 1433 967 mala,
1455 923 1570 969 qua:
1601 907 1841 959 videmus
1870 920 1987 959 esse
2018 907 2101 959 bo

547 1001 630 1050 nis
658 1000 915 1067 malisque
946 1001 1245 1051 comnmnia
1265 1040 1278 1058 ,
1310 1008 1381 1051 et
1412 999 1494 1049 illa
1529 1000 1661 1048 bona
1716 1011 1955 1061 quietem
1981 1011 2099 1063 quze

545 1090 822 1152 honorum,
845 1099 1001 1156 atque
1036 1089 1121 1141 illa
1152 1089 1376 1140 maxime
1399 1087 1578 1153 fugere
1600 1102 1717 1154 qua:
1740 1087 1947 1154 pmpria
1978 1096 2101 1138 sunt

545 1179 822 1228 malorum.
842 1178 968 1227 Cum
991 1191 1115 1227 vero
1131 1177 1191 1225 ad
1217 1177 1341 1227 illud
1357 1174 1612 1242 judicium
1629 1176 1924 1227 venerimus
1950 1175 2099 1241 cujus

546 1276 751 1331 tempus
794 1266 899 1332 jam
933 1267 1143 1332 proprie
1173 1265 1286 1318 dies
1312 1265 1495 1334 judicii
1521 1306 1536 1331 ,
1577 1277 1628 1319 et
1660 1267 1943 1333 aliquando
1985 1267 2099 1319 dies

548 1354 750 1404 Domini
786 1364 1132 1420 nuncupatur.
1170 1370 1272 1406 non
1305 1357 1472 1407 Sttllllll
1504 1370 1829 1423 qumcunque
1871 1365 1992 1407 tunc
2016 1356 2097 1422 jn-

540 1444 871 1507 dicabuntur,
905 1460 1081 1496 verum
1128 1445 1282 1496 etiam
1309 1460 1634 1513 quaecunque
1666 1446 1733 1498 ab
1786 1446 1936 1499 initio
1962 1445 2097 1512 judi-

540 1545 696 1600 cata,
727 1545 779 1586 et
809 1548 1134 1601 qtta‘cunqtte
1183 1549 1347 1602 usque
1393 1535 1458 1587 ad
1510 1535 1636 1587 illud
1673 1546 1875 1602 tempus
1926 1534 2097 1588 adhuc

537 1626 815 1692 judicanda
845 1636 965 1678 sunt
985 1666 998 1687 ,
1028 1625 1355 1691 apparebunt
1383 1640 1501 1679 esse
1523 1624 1833 1693 justissima.
1870 1626 1965 1679 Ubi
1997 1627 2096 1679 hoc

540 1731 747 1781 quoque
769 1716 1209 1773 manili-stabitur,
1239 1730 1392 1782 quam
1415 1714 1557 1782 jnStu
1578 1714 1779 1783 judicio
1804 1716 1893 1768 Dei
1929 1716 2017 1767 liat
2039 1725 2093 1767 ut
2128 1710 2171 1765 Β

541 1820 680 1857 nunc
711 1814 814 1857 tant
848 1806 1006 1856 multa
1050 1819 1110 1856 ac
1150 1820 1283 1872 pene
1305 1805 1476 1856 omnia
1505 1806 1645 1870 justa
1672 1803 1870 1870 judicia
1905 1804 1993 1857 Dei
2028 1806 2092 1858 la-

541 1902 685 1945 teant
713 1906 901 1945 sensus
953 1902 1258 1961 mentesque
1305 1894 1604 1945 mortalium
1630 1933 1645 1957 ,
1678 1908 1798 1946 cum
1831 1902 2003 1946 tamen
2042 1895 2089 1945 in

542 1984 640 2036 hac
668 1997 724 2034 re
754 1984 956 2048 piorum
990 1982 1144 2035 tidem
1202 1998 1304 2035 non
1353 1983 1532 2047 lateat,
1561 1982 1758 2050 justum
1788 1998 1908 2037 esse
1953 1984 2091 2052 quod

542 2074 684 2125 latet.
709 2073 907 2140 Nempe
930 2074 1355 2139 sapientissimus
1386 2073 1637 2127 Salomon
1670 2089 1758 2127 rex
1792 2075 1971 2136 lsrael,
2004 2077 2090 2140 qui

540 2164 772 2230 regnavit
805 2164 854 2214 in
880 2163 1198 2224 Jerusalem,
1225 2163 1415 2217 librum
1437 2165 1523 2232 qui
1551 2177 1765 2219 vocatur
1796 2166 2091 2220 Ecclesias-

541 2264 653 2316 ως..
670 2266 715 2307 et
747 2269 776 2307 a
802 2253 996 2308 ludatis
1028 2270 1236 2322 quoque
1266 2254 1489 2309 habetur
1518 2256 1567 2308 in
1594 2269 1862 2308 sacrarum
1890 2271 2093 2308 canone

538 2344 851 2408 litterarum,
874 2339 949 2397 sic
968 2359 1191 2397 exorsus
1214 2353 1295 2397 est
1319 2345 1559 2397 :Vanitas
1584 2346 1899 2407 vanitatum,
1916 2346 2091 2397 omnia

542 2430 767 2483 vanitas.
792 2432 920 2497 Quae
949 2433 1266 2485 abundantia
1293 2432 1489 2487 homini
1521 2435 1570 2486 itt
1607 2434 1780 2485 omnia
1811 2434 1893 2504 [ex
1928 2433 2091 2501 omni]

539 2517 716 2571 labore
746 2534 840 2572 suo
866 2535 969 2588 quo
1000 2521 1201 2573 laborat
1229 2520 1329 2573 sub
1354 2523 1501 2573 Sole?
1539 2530 1592 2574 et
1612 2536 1729 2573 cum
1758 2538 1819 2574 ex
1856 2524 1951 2573 lac
1974 2536 2095 2573 sen-

539 2615 697 2665 tentia
728 2625 1064 2667 connecteret
1110 2626 1301 2668 cetera
1327 2656 1340 2679 ,
1372 2629 1795 2668 eomtnemorans
1826 2632 2091 2669 a‘rttmnas

538 2716 846 2769 erroresque
876 2701 994 2753 vita!
1025 2704 1209 2770 hujus,
1253 2713 1307 2758 et
1338 2713 1685 2756 vanescentes
1716 2705 1911 2758 interea
1946 2716 2084 2757 tem-

539 2806 723 2857 porum
751 2792 925 2859 lapsus
950 2834 964 2855 ,
997 2792 1082 2845 ubi
1127 2794 1253 2846 nihil
1286 2795 1507 2847 solidum
1530 2836 1543 2858 ,
1591 2796 1717 2848 nihil
1751 2796 1937 2850 Stabth
1969 2799 2095 2850 reti-

540 2891 730 2945 netur,
784 2882 833 2935 in
881 2897 939 2935 ea
983 2899 1158 2937 rerum
1206 2885 1436 2938 vanitate
1481 2885 1581 2937 sub
1622 2885 1736 2939 sole
1780 2885 1903 2938 illud
1935 2890 2091 2939 etiam

538 2970 782 3036 deplorat
832 2972 1256 3039 quodammodo,
1311 2974 1449 3040 quod
1503 2990 1623 3028 cum
1656 2977 1724 3027 sit
1772 2977 2090 3029 abundantia

1622 261 1683 313 Ι).
1728 259 2037 314 EUGYPPII
2077 264 2093 313 Α

2196 258 2362 313 ιΑτιε
2400 259 2709 314 AFRICANI
3657 270 3739 319 Μ

460 371 470 385 “
548 378 882 442 proveniunt,
916 376 1080 443 magis
1112 371 1467 427 inscrutabilia
1502 371 1627 425 tlunt
1656 372 1853 440 judicia
1904 372 2014 435 Dei,
2046 380 2098 425 et
2127 375 2175 431 Α
2201 371 2451 438 despecto
2482 410 2495 429 ,
2543 371 2655 423 sive
2682 371 2909 437 bonum,
2941 373 3058 427 sive
3087 375 3304 428 malum.
3356 375 3493 441 Quid
3527 375 3732 433 brevius.

2204 461 2379 511 verius
2400 498 2415 520 ,
2437 459 2696 513 salubrius
2722 460 2823 513 dici
2851 463 3013 530 potuit
3040 464 3062 513 ἐ
3106 464 3294 526 Deum,
3329 465 3517 531 inquit,
3552 465 3668 517 time
3692 480 3732 517 et

2202 549 2442 600 inundata
2495 548 2614 615 ejus
2644 552 2890 611 custodi,
2921 552 3041 617 quia
3087 552 3187 605 hoc
3232 564 3312 606 est
3352 555 3528 605 otnnis
3574 555 3725 605 homo.

2200 624 2506 705 Qu-cunqne
2532 638 2675 691 enim
2714 646 2832 701 est,
2866 640 2965 693 hoc
2993 651 3095 702 est,
3126 654 3305 696 custos
3333 644 3511 707 utique
3540 647 3729 695 manda-

2202 738 2373 781 torum
2406 729 2527 792 Dt-i,
2557 731 2806 797 quoniam
2840 734 2924 798 qui
2959 732 3057 785 hoc
3088 748 3190 786 non
3221 743 3323 794 est,
3356 736 3481 787 nihil
3511 747 3607 787 est.
3633 736 3725 787 hort

2199 818 2337 869 enim
2366 818 2429 868 ad
2459 816 2693 872 Veritatis
2721 819 3001 889 imaginem
3028 821 3363 886 reformatur,
3393 840 3662 876 remaneas
3685 830 3725 875 in

2198 908 2543 959 similitudine
2593 908 2833 960 vanitatis
2857 949 2871 973 ,
2901 911 3021 978 quia
3049 927 3206 966 omne
3249 912 3348 965 hoc
3389 929 3539 979 opus,
3573 917 3619 966 id
3640 928 3721 973 est,

2199 999 2339 1063 quod
2371 998 2438 1050 ab
2471 999 2685 1053 homine
2718 1001 2773 1053 lit
2820 1000 2868 1052 in
2908 1001 3006 1053 hac
3036 1003 3139 1054 vita
3169 1042 3181 1066 ,
3215 1002 3327 1055 sive
3374 1004 3594 1065 bonum,
3632 1005 3723 1056 sive

2201 1088 2419 1151 malum,
2454 1089 2589 1140 heus
2619 1088 2907 1141 adducetin
2933 1089 3189 1156 judicium
3221 1092 3272 1142 in
3303 1094 3443 1145 omni
3473 1095 3719 1159 despecto,

2201 1178 2248 1230 id
2275 1187 2374 1240 est,
2394 1178 2442 1229 in
2466 1180 2784 1231 omnietiant
2813 1180 2896 1244 qui
2920 1181 3332 1247 contemptibilis
3349 1184 3429 1233 bic
3444 1183 3657 1241 videtur,
3680 1194 3720 1232 rt

2202 1267 2320 1318 ideo
2354 1282 2451 1320 nec
2481 1268 2703 1330 videtur,
2731 1267 2980 1333 quoniam
3016 1269 3154 1321 Deus
3181 1280 3235 1323 et
3258 1270 3430 1335 ipsum
3462 1271 3612 1331 videt,
3640 1286 3720 1322 nec

2199 1374 2319 1411 eum
2347 1358 2590 1425 despicit,
2626 1374 2719 1412 nec
2751 1374 2867 1410 Cttltl
2912 1359 3116 1425 judicat
3144 1362 3395 1426 pra-terit.

2728 1468 2953 1521 CAPUT
2991 1468 3221 1523 CXXXI.

2202 1556 2391 1618 Quibus
2412 1556 2664 1608 sententis
2699 1556 2901 1625 Domini
2926 1558 3176 1624 judicium
3202 1559 3249 1607 in
3289 1558 3383 1617 ﬁne
3406 1558 3618 1625 futurum
3638 1574 3714 1610 sa"—

2269 1626 2371 1674 culi
2407 1624 2711 1678 declaretur.
2758 1624 2887 1678 Item
2931 1642 2993 1679 ea:
3045 1626 3219 1680 eodem
3259 1624 3491 1680 libro’de
3532 1629 3714 1680 Cit-uate

2271 1694 2367 1747 Dei
2399 1710 2486 1747 xx.
3149 1762 3164 1779 δ

2264 1805 2505 1857 Salvator
2533 1820 2650 1857 cum
2679 1806 2977 1874 objurgaret
3001 1807 3241 1861 civitates
3272 1807 3323 1860 iu
3354 1809 3534 1876 quibus
3563 1810 3703 1859 virtu-

2196 1902 2274 1945 tes
2298 1908 2511 1961 magnas
2554 1895 2748 1947 fecerat
2774 1936 2787 1959 ,
2818 1910 2986 1960 neque
3018 1896 3381 1959 crediderant,
3415 1906 3464 1949 et
3490 1899 3562 1949 eis
3596 1898 3708 1949 alie-

2195 1983 2412 2048 nigenas
2433 1991 2778 2047 anteponeret
2809 2000 2822 2033 :
2857 1982 3257 2047 Verumtamen,
3286 1986 3464 2051 inquit,
3494 1987 3603 2037 dizo
3632 1999 3707 2035 vo-

2195 2073 2293 2137 bis,
2321 2074 2462 2142 Tyro
2488 2084 2539 2126 et
2566 2073 2746 2125 Sidoni
2777 2074 3047 2127 remissius
3076 2076 3176 2127 erit
3206 2074 3257 2127 in
3281 2076 3551 2143 diejudicii
3575 2092 3705 2143 quam

2193 2163 2358 2213 Vobs.
2396 2162 2458 2213 Et
2488 2162 2641 2228 paulo
2688 2172 2804 2227 post
2839 2160 2992 2213 alteri
3034 2162 3235 2214 civitati
3264 2179 3277 2214 :
3314 2166 3491 2225 Anien,
3524 2164 3670 2230 inquit
3693 2204 3704 2219 .

2192 2250 2314 2302 dico
2347 2249 2517 2311 vobis,
2550 2251 2668 2313 quia
2710 2259 2864 2303 terra:
2884 2250 3237 2303 Sodomorum
3273 2252 3531 2304 remisstu-
3557 2254 3641 2303 erit
3664 2253 3705 2302 in

2194 2339 2474 2405 diejudicii
2498 2355 2651 2407 quam
2677 2339 2791 2393 tibi.
2815 2340 2907 2393 llic
2929 2340 3328 2394 evidentissime
3344 2342 3703 2407 pnedicatdie-m

2189 2430 2369 2497 judicii
2404 2446 2522 2484 esse
2553 2440 2853 2482 venturum.
2903 2414 3100 2483 Et'alio
3131 2434 3284 2484 loco:
3325 2432 3425 2484 Viri
3454 2432 3702 2489 Ninivitz.

2196 2522 2398 2588 inquit,
2423 2531 2637 2587 surgent
2668 2522 2716 2573 in
2754 2521 2957 2588 judicio
2993 2537 3112 2575 cum
3158 2525 3487 2591 generatione
3512 2522 3603 2573 ista
3624 2561 3635 2579 ,
3659 2535 3701 2571 et

2192 2612 2616 2663 Conlcmnabuut
2659 2627 2813 2673 eam,
2856 2611 2971 2679 quia
3022 2613 3383 2679 pacttiteutiatn
3420 2624 3620 2681 egerunt
3660 2614 3698 2659 iu

2194 2702 2561 2768 praedicatione
2601 2703 2777 2767 Junte,
2801 2710 2856 2753 et
2882 2716 3006 2755 ecce
3030 2703 3305 2769 plusquam
3335 2702 3459 2753 Jona
3493 2703 3585 2755 hic.
3620 2702 3702 2753 lie.

2191 2791 2312 2856 gina
2355 2792 2529 2843 Austri
2559 2801 2737 2859 surget
2776 2791 2824 2843 in
2853 2790 3052 2857 judicio
3078 2808 3196 2845 cum
3232 2794 3552 2860 generatione
3574 2794 3657 2843 ista
3683 2831 3694 2847 .

2191 2889 2245 2931 et
2283 2880 2657 2933 condemnabit
2685 2894 2800 2932 eam
2824 2920 2837 2942 ,
2872 2880 2991 2946 quia
3024 2884 3168 2934 venit
3192 2896 3219 2932 a
3251 2883 3436 2933 ﬁnibus
3464 2892 3596 2931 tt-rmv
3619 2894 3703 2928 au-

2192 2967 2304 3019 dire
2327 2968 2639 3034 sapientiam
2664 2968 2966 3021 Salomonis
2988 3010 3001 3031 ,
3026 2978 3081 3023 et
3114 2985 3240 3023 ecce
3280 2971 3536 3037 plusquam
3572 2969 3701 3019 Satu-

540 3061 814 3129 sapientia:
845 3078 1005 3129 super
1052 3065 1404 3133 insipientiam
1438 3067 1570 3120 sicut
1603 3066 1725 3137 [est]
1772 3069 2085 3122 abundantia
2115 3061 2159 3119 Ο
2196 3072 2314 3107 ιιιοη
2348 3056 2450 3107 1³ῖο-
2486 3056 2623 3129 Duas
2651 3071 2735 3109 res
2771 3058 2873 3110 hoc
2904 3058 3019 3110 Ιοεο
3058 3059 3311 3111 ἀῑδείηιυε
3333 3101 3346 3119 ν
3386 3069 3435 3109 ει
3460 3070 3700 3110 νεινυτιιω

541 3152 672 3203 lucis
699 3167 857 3219 super
905 3154 1171 3215 tenebras,
1204 3156 1566 3223 sapientisque
1596 3157 1733 3210 ocu!i
1762 3158 1867 3210 sint
1911 3159 1961 3210 in
2005 3174 2094 3211 ca-

540 3244 647 3307 pite
678 3244 862 3309 ipsius,
895 3253 946 3295 et
977 3245 1170 3297 stultus
1200 3245 1250 3296 in
1298 3246 1529 3298 tenebris
1555 3246 1820 3311 ambulet,
1854 3263 1987 3299 unus
2018 3258 2093 3299 ta-

539 3350 658 3385 men
690 3334 929 3386 incursus
979 3345 1229 3389 occurrat
1267 3337 1530 3399 munibus,
1560 3338 1741 3403 utique
1782 3339 1831 3388 in
1864 3337 1961 3390 hac
1988 3338 2091 3390 vita

538 3438 654 3488 quae
674 3422 773 3475 sub
795 3424 905 3475 sole
928 3424 1115 3491 agitur,
1141 3425 1446 3491 signiﬁcans
1470 3425 1711 3479 videlicet
1734 3441 1792 3478 ea
1819 3427 1953 3478 mala
1977 3441 2093 3492 qua:

542 3513 693 3564 bonis
720 3521 775 3565 et
804 3514 955 3565 malis
995 3514 1235 3565 videmus
1261 3529 1378 3567 esse
1407 3514 1724 3567 communia.
1771 3513 1907 3567 Dicit
1934 3515 2091 3567 etiam

544 3600 673 3653 illud
724 3601 863 3667 quod
920 3611 971 3654 et
1014 3602 1131 3654 boni
1180 3603 1442 3667 patiantur
1484 3603 1616 3654 mala
1664 3612 1910 3668 tanquam
1970 3602 2091 3654 mali

540 3695 646 3745 sint
670 3733 685 3755 ,
717 3702 772 3746 et
801 3695 921 3747 mali
956 3705 1200 3762 tanquam
1242 3695 1365 3747 boni
1417 3695 1523 3746 sint
1550 3693 1907 3759 adipiscantur
1936 3694 2091 3757 bona,

541 3785 611 3837 i'a
646 3784 866 3853 loquens
890 3801 905 3838 :
928 3786 1044 3851 Est,
1070 3787 1258 3853 inquit,
1287 3788 1490 3838 vanitas
1517 3800 1634 3852 qua:
1665 3784 1798 3838 facta
1827 3793 1910 3838 est
1936 3799 2017 3845 sui
2036 3800 2097 3839 er

554 3885 787 3937 terram,
842 3875 961 3941 quia
1012 3886 1130 3927 sunt
1176 3874 1304 3939 justi
1352 3889 1513 3937 super
1563 3888 1691 3942 quos
1741 3873 1904 3936 venit,
1963 3872 2097 3926 sicut

544 3962 741 4035 [quasi]
789 3964 985 4018 factum
1018 3964 1300 4031 impiorum
1328 4005 1341 4028 ,
1372 3974 1423 4017 et
1452 3972 1573 4015 sunt
1603 3964 1744 4029 impii
1777 3978 1939 4025 super
1964 3976 2096 4027 quos

548 4054 691 4106 venit
719 4053 857 4106 sicut
889 4052 1077 4106 factum
1106 4053 1386 4122 justornm.
1425 4053 1535 4105 Dixi
1568 4051 1812 4118 quoniam
1839 4053 1937 4104 hoc
1968 4067 2096 4119 quu-

544 4157 648 4207 que
679 4143 901 4196 vanitas.
948 4142 1003 4195 ln
1035 4143 1132 4195 bac
1162 4144 1396 4201 vanitate
1425 4142 1542 4206 cui,
1569 4151 1820 4207 quantum
1852 4141 1985 4193 satis
2015 4141 2096 4192 vi-

541 4246 656 4283 sum
688 4240 797 4294 est,
831 4230 1134 4283 intitnandat
1166 4237 1329 4283 totum
1362 4232 1516 4282 istum
1549 4229 1735 4282 librtnn
1778 4231 1857 4281 vir
1882 4232 2095 4297 sapien-

543 4320 778 4373 t'ssimus
806 4319 1097 4388 deputavit,
1133 4336 1234 4373 non
1268 4321 1445 4386 utique
1472 4319 1541 4372 ob
1571 4321 1732 4383 aliud,
1766 4322 1864 4372 nisi
1898 4333 1950 4372 ut
1978 4336 2094 4374 eam

2192 3159 2310 3197 esse
2333 3144 2607 3213 judicium,
2636 3156 2689 3200 et
2714 3161 2832 3199 cum
2854 3161 3178 3199 mortuorum
3208 3147 3572 3199 resurrectione
3595 3161 3698 3196 ven-

2194 3244 2387 3286 turum.
2425 3235 2496 3286 De
2527 3234 2771 3287 Ninivitis
2802 3236 2941 3289 enim
2961 3275 2975 3298 ,
3010 3245 3062 3288 et
3090 3237 3267 3304 regina
3305 3236 3499 3295 Austri,
3524 3236 3701 3300 quando

2196 3322 2290 3373 ista
2324 3322 2554 3384 dicebat,
2585 3323 2651 3375 de
2680 3325 2900 3375 mortuis
2924 3324 3039 3376 sine
3068 3324 3225 3376 dubio
3259 3324 3569 3391 loquebatur.
3588 3336 3699 3388 ques

2196 3420 2369 3461 tamen
2396 3410 2445 3465 in
2469 3411 2554 3464 die
2578 3410 2761 3477 judicii
2795 3423 3186 3465 resurrecturos
3206 3428 3325 3465 esse
3350 3414 3594 3479 prutdixit,
3620 3427 3697 3461 uec

2196 3497 2318 3550 ideo
2344 3498 2476 3550 dixit
2499 3499 2927 3551 condetnnalmnt
2947 3540 2962 3563 ,
2992 3502 3114 3567 quia
3148 3503 3243 3568 ipsi
3266 3502 3561 3569 judicalmut
3583 3542 3595 3563 ,
3622 3500 3695 3550 ςιιά

2193 3585 2312 3651 quia
2336 3600 2400 3637 ex
2424 3587 2657 3653 ipsorum
2680 3590 3074 3655 comparatione
3096 3589 3180 3642 isti
3204 3591 3394 3643 merito
3417 3590 3697 3642 daumalum-

2196 3684 2298 3727 tur.
2340 3675 2540 3728 Rursus
2569 3675 2670 3727 alio
2712 3677 2826 3729 loco
2853 3692 2973 3730 cum
3004 3677 3071 3730 de
3100 3680 3381 3731 hominum
3408 3681 3633 3731 bonorum
3656 3687 3695 3728 et

2195 3767 2454 3821 malorum
2480 3785 2618 3823 nunc
2642 3771 3012 3837 permixtione,
3047 3782 3228 3838 postea
3252 3774 3587 3841 separatione,
3607 3787 3698 3837 qua:

2197 3859 2376 3923 utique
2400 3860 2485 3911 die
2503 3860 2685 3927 judicii
2716 3860 2885 3913 futura
2914 3871 3019 3924 est,
3051 3864 3373 3926 loqueretur,
3405 3862 3619 3915 adhibuit
3640 3862 3700 3911 si-

2198 3948 2548 4001 militudinetu
2597 3950 2664 4002 de
2699 3950 2874 4003 tritico
2911 3951 3170 4004 setninato
3194 3993 3210 4016 ,
3242 3963 3296 4005 et
3322 3948 3700 4020 supcraetninatis

2199 4038 2454 4103 zizaniis,
2479 4054 2703 4108 eamque
2735 4041 2843 4093 suis
2880 4054 3154 4109 exponens
3192 4044 3461 4111 disripulis
3491 4060 3502 4093 :
3529 4044 3612 4104 Qui
3637 4056 3701 4090 sc-

2198 4131 2389 4193 minat,
2422 4130 2589 4197 inquit
2615 4169 2633 4195 ,
2685 4130 2877 4183 bonum
2908 4145 3087 4184 semen
3115 4172 3128 4195 ,
3167 4143 3250 4184 est
3282 4132 3443 4185 Filius
3471 4130 3698 4185 hominis;

2197 4233 2324 4286 ager
2351 4227 2526 4270 autem
2556 4229 2634 4271 est
2654 4216 2783 4287 [hic]
2811 4220 3033 4272 mundus
3056 4259 3071 4281 ,
3100 4230 3153 4274 et
3174 4230 3364 4273 caetera
3387 4236 3540 4289 usque
3561 4218 3615 4269 ad
3642 4218 3698 4267 lo-

2200 4322 2317 4359 cum
2348 4322 2448 4373 qno
2479 4309 2550 4359 ait
2585 4326 2596 4357 ;
2622 4307 2720 4371 Qui
2750 4308 2908 4360 habet
2936 4324 3090 4363 aures
3114 4310 3360 4362 audiendi
3387 4351 3399 4368 ,
3428 4309 3603 4359 audiat.
3626 4304 3697 4355 lltc

544 4412 703 4464 vitam
729 4411 1215 4478 (jegiderpmusqun)
1236 4412 1519 4463 vanjlajcm
1543 4426 1645 4463 non
1672 4410 1847 4473 habet,
1876 4412 1971 4462 gul.
1994 4411 2093 4463 hoc
2129 4395 2174 4452 ί)
2194 4397 2451 4465 judicium
2475 4400 2686 4463 quidem
2711 4400 2791 4451 vel
2807 4401 2943 4453 diem
2962 4399 3145 4467 judicii
3173 4416 3276 4451 IIOII
3304 4401 3601 4455 nominavit,
3624 4395 3695 4443 δτι]

546 4502 687 4562 sole,
714 4501 804 4552 sed
835 4501 1109 4554 veritatem
1132 4501 1228 4554 sub
1256 4501 1343 4552 illo
1373 4499 1460 4567 qui
1485 4500 1607 4553 fecit
1648 4500 1786 4553 ltunc
1814 4501 2005 4563 solem;
2039 4502 2090 4553 in

548 4588 643 4640 hic
670 4604 793 4656 ergo
822 4591 1051 4643 vanitate
1100 4589 1333 4656 nunquid
1385 4591 1481 4643 nisi
1522 4596 1668 4657 justo
1711 4591 1803 4644 Dei
1847 4600 2089 4658 rectoque

542 4678 762 4745 judicio,
793 4680 977 4731 similis
1000 4683 1170 4735 eidem
1216 4683 1431 4735 vanitati
1464 4682 1632 4736 factus
1660 4692 1965 4736 vanesceret
1995 4684 2085 4734 bo-

547 4769 673 4819 ιιιοῖ
703 4767 754 4820 in
786 4767 968 4822 diebus
1008 4779 1180 4822 tamen
1230 4771 1474 4824 vanitatis
1514 4788 1652 4833 sum,
1678 4773 1892 4824 interest
1930 4772 2091 4837 pluri-

556 4872 697 4909 tuum
755 4868 927 4909 utrum
985 4861 1194 4913 resistat
1243 4876 1308 4914 an
1377 4862 1706 4929 obtemperet
1757 4862 1988 4918 veritati.
2041 4872 2092 4915 ct

552 4958 723 5000 utrum
780 4948 847 5001 sit
892 4963 1078 5014 expers
1108 4965 1245 5002 verae
1288 4952 1494 5018 pietatis
1541 4946 1943 5017 an‘particeps,
1989 4969 2090 5004 non

551 5047 761 5103 propter
791 5039 909 5088 vita:
943 5038 1125 5102 hujus,
1160 5040 1240 5091 vel
1276 5042 1408 5092 bona
1440 5042 1753 5108 acquirenda
1781 5083 1796 5105 ,
1847 5042 1926 5093 vel
1960 5043 2091 5093 mala

550 5128 757 5179 vitanda
786 5129 1113 5181 vanesci-ndo
1142 5130 1592 5194 trauseuntia,sed
1620 5142 1831 5198 propter
1863 5132 2090 5182 biturum

546 5215 798 5281 judicium
829 5232 919 5283 per
947 5220 1085 5285 quod
1116 5228 1265 5271 erunt
1292 5259 1306 5282 ,
1356 5232 1401 5270 et
1455 5220 1605 5272 bonis
1637 5222 1769 5273 bona
1790 5260 1802 5279 ,
1850 5231 1901 5273 et
1946 5222 2094 5272 tllﬂl'S

546 5308 677 5361 mala
710 5306 823 5359 sine
854 5308 952 5359 line
998 5323 1261 5361 mansura.
1298 5310 1531 5375 Denique
1565 5311 1661 5361 iste
1693 5312 1904 5376 sapiens
1952 5311 2093 5361 hunc

547 5404 734 5453 librum
783 5398 861 5453 sic
909 5400 1178 5461 conclusit,
1231 5402 1559 5453 utilict-rct:
1612 5400 1771 5452 Deum
1824 5402 1947 5453 tiutc
1977 5443 1990 5461 ,
2043 5413 2092 5453 et

551 5492 788 5543 mandata
821 5491 933 5555 t-jus
949 5490 1172 5548 Ctts'ndi,
1206 5507 1271 5552 qn
1298 5506 1321 5540 τι
1352 5491 1446 5541 Ιιοι·
1471 5502 1547 5542 est
1579 5493 1747 5540 munis
1773 5494 1946 5545 homo.
1973 5493 2089 5557 quia

548 5594 701 5635 omne
752 5583 847 5636 hoc
877 5602 1004 5653 epos
1036 5585 1169 5638 Ucu>
1217 5586 1279 5638 ad
1305 5587 1439 5635 iutft'l
1494 5601 1540 5636 ιιι
1586 5584 1835 5651 judicium
1870 5590 1916 5637 in
1952 5603 2088 5638 omni

2197 4504 2315 4541 eum
2347 4492 2509 4541 ιιιιιΙιο
2552 4490 2744 4543 clarius
2777 4493 2901 4558 ipsis
2934 4494 3089 4543 rebus
3118 4494 3415 4559 expressit,
3454 4501 3503 4542 et
3537 4490 3581 4539 in
3616 4487 3696 4535 line

2197 4581 2373 4631 :{Bt'tlll
2408 4578 2636 4632 futurum
2685 4595 2802 4632 esse
2832 4580 3092 4647 pne-dixit.
3134 4581 3264 4632 ltem
3292 4580 3548 4645 discipulis
3573 4577 3691 4628 suis:

2198 4672 2380 4728 Arnen,
2416 4671 2583 4735 inqutit
2606 4710 2619 4731 ,
2653 4670 2770 4721 dico
2799 4671 2978 4733 vobis,
3013 4671 3152 4737 quod
3185 4686 3276 4721 vos
3302 4671 3386 4735 qui
3409 4677 3559 4721 seCutt
3594 4666 3696 4715 estis

2199 4780 2279 4815 tne
2315 4763 2366 4814 in
2401 4766 2827 4832 regeneratiOne.
2859 4781 2976 4818 cum
3007 4768 3205 4819 sederit
3237 4767 3396 4819 Filius
3426 4763 3624 4818 hominis
3647 4759 3686 4811 in

2196 4857 2319 4907 sede
2362 4857 2651 4921 maiestatis
2701 4871 2810 4907 sua:
2836 4896 2850 4916 ,
2896 4857 3146 4907 sedebits
3182 4866 3236 4909 et
3278 4871 3371 4907 vos
3398 4870 3543 4921 super
3572 4852 3694 4903 sedes

2193 4943 2489 5006 dumb-cini,
2521 4943 2816 5010 judicantes
2836 4943 3107 4995 duodecim
3142 4944 3309 4996 tribus
3339 4944 3505 4996 l~r.iel.
3537 4942 3612 4993 llic
3627 4940 3689 4987 di-

2196 5033 2393 5083 seinms
2425 5049 2541 5083 cum
2573 5035 2683 5083 suis
2715 5033 2986 5099 discipulis
3008 5032 3364 5097 judicaturutn
3401 5029 3694 5089 Jesnut.uttilc

2197 5134 2247 5174 et
2269 5123 2393 5175 ilillll
2425 5122 2622 5173 .ltttltuis
2644 5124 2773 5174 dixit
2804 5140 2817 5175 :
2848 5123 2899 5174 Si
2932 5138 3028 5188 ego
3064 5126 3113 5173 in
3145 5123 3181 5173 Β
3218 5120 3693 5187 elzeltuhejicmdr-

2199 5216 2368 5266 monia
2389 5258 2400 5277 ,
2432 5215 2521 5266 lilii
2565 5218 2722 5268 vestri
2774 5216 2821 5266 in
2862 5230 2963 5277 quo
2993 5214 3243 5278 ejiciunt?
3272 5216 3388 5266 ideo
3415 5216 3503 5281 ipsi
3532 5211 3693 5278 jmlit‘es

2200 5307 2355 5357 ινα-ειτί
2376 5317 2556 5358 erunt.
2580 5306 2683 5357 Nec
2706 5306 2946 5371 quoniam
2973 5321 3131 5368 super
3152 5305 3427 5355 duodecim
3451 5306 3586 5354 sedes
3606 5312 3691 5348 aer-

2197 5414 2347 5449 snros
2380 5414 2496 5448 es~e
2525 5398 2618 5454 ait,
2652 5395 2926 5447 dumb-ritu
2959 5395 3102 5445 solos
3128 5394 3368 5445 homines
3396 5407 3504 5443 cum
3536 5386 3688 5449 iliojn-

2196 5489 2458 5537 ,ιδιτκιυτιις
2498 5496 2679 5547 putare
2721 5484 3003 5537 debemus,
3044 5483 3367 5532 duodenaro
3413 5481 3584 5543 quippe.
3612 5488 3683 5521 nu-

2198 5594 2339 5631 lllClU
2375 5592 2613 5630 universa
2657 5575 2889 5641 quxdatn
2938 5588 3049 5636 szgn
3079 5573 3227 5624 licata
3285 5583 3363 5623 est
3394 5562 3680 5635 judicautina
