3886 6224
160 285 258 336 7CD

1292 277 1716 334 TllES.\llRL‘S.
1759 278 1907 334 CAP.
1949 282 2129 336 CXXX
2144 285 2200 335 ll.

3242 295 3343 347 770

158 397 367 449 nudtitu
391 398 439 447 Eo
463 436 476 458 ,
528 412 585 463 pr
623 409 725 464 pter
766 396 891 447 duas
924 404 1095 464 partes
1139 398 1339 448 natncri
1380 395 1689 464 septenarii,
1722 399 1767 457 Α
1799 399 1950 450 ricn'.
1979 398 2086 452 lloc
2112 401 2263 466 plane
2289 401 2519 467 piissime
2540 412 2591 456 et
2614 406 2883 461 verissime
2905 407 3341 473 dicis,commcn-

156 503 261 551 quo
312 488 628 554 significatur
678 485 983 554 plenumque
1033 486 1365 549 universitas,
1412 502 1526 553 qua:
1580 485 1694 537 dum:

158 591 365 643 partes,
398 578 447 629 id
493 587 571 629 est
595 615 609 638 ,
642 578 734 626 tria
768 585 817 628 et
844 583 1068 641 quttuor
1090 617 1103 637 ,
1138 575 1299 627 altera
1345 590 1435 642 per
1478 577 1693 626 alti-ram

156 668 539 733 multiplicate,
567 665 837 716 duodecim
865 664 1075 717 faciunt.
1107 664 1231 715 Nam
1260 674 1308 717 et
1333 673 1517 729 quater
1546 675 1623 715 ter
1645 670 1697 715 et

157 759 251 810 tria
283 768 471 827 quater
498 754 773 808 duodrcim
801 764 943 818 sunt,
971 763 1023 808 et
1050 754 1090 807 si
1122 769 1219 819 qua
1247 754 1344 807 alia
1379 750 1534 821 hujus
1568 754 1697 803 duo-

154 849 355 901 denarii
403 846 603 899 numeri
647 860 761 911 qua:
792 845 855 896 ad
900 844 997 897 ltoc
1044 845 1211 908 valeat
1260 845 1391 895 ratio
1420 845 1693 910 reperitur.

156 937 404 1002 Alioquin
433 939 677 1003 quaniam
718 935 766 985 in
798 935 967 986 locum
1007 933 1155 986 .ludae
1201 934 1466 985 traditoris
1490 946 1699 1000 aposto—

156 1033 260 1081 lum
302 1028 568 1079 Mattliiam
610 1025 829 1092 legimus
878 1025 1177 1078 Ordinatur“
1205 1064 1220 1087 ,
1259 1025 1527 1091 apostolus
1566 1024 1696 1075 Pau-

158 1122 258 1182 lus,
288 1117 378 1182 qui
405 1116 519 1183 plus
548 1117 793 1168 omnibus
822 1115 923 1167 illis
951 1114 1226 1177 laboravit,
1257 1114 1343 1167 ubi
1373 1114 1436 1166 ad
1456 1113 1697 1181 judican-

156 1210 276 1257 itmn
319 1206 503 1257 sedeat
548 1219 651 1257 non
697 1203 952 1256 habebit?
1006 1205 1093 1271 qui
1151 1203 1383 1270 profecto
1430 1219 1548 1257 eum
1579 1204 1695 1255 aliis

156 1295 354 1348 sanctis
389 1296 453 1347 ad
478 1310 750 1348 numerum
784 1294 1019 1362 judicum
1060 1308 1117 1348 se
1145 1294 1408 1363 pertinere
1448 1296 1698 1348 demons-

158 1397 255 1436 trat
291 1400 414 1437 cum
448 1383 612 1436 dicit:
640 1382 862 1437 Nescitis
900 1383 1020 1449 quia
1060 1383 1278 1451 angelos
1303 1380 1696 1449 judicabimus?

158 1476 228 1528 lle
257 1475 385 1541 ipsis
413 1488 618 1542 quoque
644 1472 944 1541 iudicandis
964 1473 1014 1525 in
1040 1473 1138 1526 hoc
1169 1488 1388 1527 numero
1422 1473 1691 1525 duodena-

158 1568 234 1619 rio
257 1565 446 1618 similis
475 1579 626 1617 causa
657 1575 755 1616 est.
778 1562 890 1616 Non
919 1555 1059 1616 enim
1088 1564 1204 1629 quia
1229 1564 1427 1635 dictum
1451 1572 1531 1617 est
1559 1562 1694 1628 judi-

158 1665 337 1709 cantes
362 1655 640 1709 duodecim
673 1655 838 1707 tribus
862 1653 1043 1717 Israel,
1076 1644 1240 1707 tribus
1270 1655 1411 1720 Levi,
1443 1670 1561 1719 quin
1594 1664 1696 1709 ter-

159 1753 224 1804 tia
253 1750 459 1803 decima
490 1760 569 1803 est
600 1749 664 1801 ab
697 1749 772 1801 eis
798 1747 1083 1816 judicanda
1117 1762 1219 1801 non
1251 1749 1370 1811 erit,
1407 1755 1498 1801 aut
1524 1749 1690 1801 solum
1728 1725 1767 1781 Β

159 1842 299 1893 ilum
325 1839 569 1907 populum
595 1852 696 1889 non
726 1838 880 1890 etiam
908 1844 1091 1903 gentes
1120 1844 1337 1888 exteras
1357 1836 1692 1904 judicabunt'.

160 1928 305 1995 Quod
346 1940 520 1981 autem
575 1926 648 1978 ait
700 1925 753 1978 lo
815 1924 1253 1991 regeneratione,
1313 1925 1491 1988 procul
1538 1925 1696 1977 dubio

160 2025 484 2068 mortuorum
511 2010 944 2067 resurrectionem
980 2012 1189 2063 nomine
1220 2010 1381 2062 voluit
1411 2024 1694 2076 regenera-

162 2104 317 2156 tioiiis
347 2101 585 2169 intelligi.
624 2100 725 2155 .Sic
760 2099 897 2152 enim
923 2113 1047 2150 caro
1102 2108 1275 2150 nostra
1306 2098 1697 2163 regemrabitur

163 2192 733 2261 perincorruptionem,
759 2188 1196 2256 quemadmodum
1220 2196 1300 2242 est
1321 2189 1491 2241 anima
1518 2198 1693 2240 nostra

164 2293 467 2351 ri-gunerata
485 2296 572 2347 per
597 2278 931 2332 fidem.Multa
956 2286 1205 2346 przetcreo
1220 2293 1333 2346 qua:
1348 2278 1413 2330 de
1426 2278 1604 2329 ultimo
1618 2277 1637 2343 j
1649 2294 1699 2329 n-

162 2372 295 2425 dicio
311 2374 382 2424 ita
395 2371 493 2423 dici
508 2370 616 2438 88
630 2368 883 2432 videntur,
905 2376 959 2419 ut
976 2367 1248 2434 diligenter
1264 2366 1589 2420 considerata
1609 2382 1694 2419 re-

164 2464 431 2528 periantur
460 2459 697 2526 ambigua
723 2494 738 2520 ,
765 2455 845 2509 vel
874 2456 1038 2524 magis
1068 2456 1132 2509 ad
1163 2456 1303 2509 aliud
1341 2457 1649 2523 pertinentia
1678 2499 1691 2521 ,

163 2554 269 2605 sive
287 2551 489 2604 scilicet
517 2548 579 2602 ad
602 2562 719 2601 eum
750 2546 1038 2601 SalvatOris
1064 2547 1364 2611 adventum,
1385 2532 1485 2612 quo
1499 2562 1589 2614 per
1622 2556 1696 2596 to-

163 2651 268 2693 tum
300 2640 400 2691 lioe
441 2647 644 2705 tempus
673 2636 722 2688 in
762 2636 993 2688 Ecclesia
1030 2649 1121 2687 sua
1151 2636 1321 2697 venit,
1356 2635 1455 2688 hoc
1485 2645 1565 2687 est
1587 2674 1601 2696 ,
1645 2634 1694 2687 in

166 2729 409 2783 membris
430 2728 537 2780 suis
570 2714 913 2793 particulatim
939 2736 1096 2792 atque
1126 2725 1373 2791 paulatim
1400 2766 1412 2785 ,
1446 2725 1694 2791 quoniam

166 2829 265 2871 tota
296 2830 487 2889 corpus
513 2824 591 2868 est
618 2814 764 2880 ejus,
794 2815 904 2865 siVe
930 2812 993 2865 ad
1022 2813 1275 2865 excidium
1301 2822 1521 2866 terrente
1548 2811 1695 2865 Jeru-

165 2909 317 2959 salem
339 2948 353 2969 ,
381 2908 500 2973 quia
528 2914 579 2958 et
612 2904 677 2957 de
711 2904 798 2955 illo
831 2917 948 2956 cum
982 2904 1241 2969 loquitur,
1274 2903 1588 2970 plerumque
1620 2903 1698 2956 sic

166 2996 389 3060 loquitur
420 3005 660 3060 tanquam
682 2994 746 3045 de
773 2992 873 3045 ﬁne
902 2992 1075 3043 saeculi
1104 3000 1263 3059 atque
1290 2991 1379 3043 illo
1404 2991 1487 3044 die
1509 2992 1693 3059 judieii

167 3085 448 3135 novissimo
489 3089 543 3133 et
573 3095 759 3148 magno
810 3079 1052 3146 loquatur
1075 3120 1089 3143 ,
1124 3080 1189 3131 ita
1224 3088 1278 3131 ut
1314 3081 1545 3145 dignosci
1592 3097 1692 3133 non
1720 3060 1766 3121 (ἶ

169 3172 319 3238 possit
366 3167 615 3233 omnino,
658 3170 755 3239 nisi
785 3183 844 3220 ea
882 3182 998 3236 qua:
1042 3169 1175 3236 apud
1210 3178 1317 3231 tres
1346 3172 1695 3236 evangelista:

169 3260 465 3312 Matlllalttm
492 3300 507 3322 ,
534 3258 759 3311 Marcum
784 3268 833 3311 et
873 3257 1100 3319 Lucam,
1141 3258 1204 3309 de
1242 3259 1335 3310 hac
1361 3274 1416 3311 re
1454 3259 1697 3314 similiter

170 3351 295 3401 dicta
319 3362 435 3401 sun:
459 3348 593 3401 inter
615 3361 670 3400 se
691 3348 862 3399 omnia
888 3344 1244 3400 conferantur.
1277 3346 1524 3413 Qumdam
1549 3350 1698 3417 quip-

169 3454 227 3502 pe
252 3441 382 3490 alter
404 3437 699 3500 obscurius,
723 3437 855 3490 alter
889 3438 1108 3500 explicat
1139 3439 1371 3505 planius,
1402 3449 1459 3491 ut
1489 3455 1547 3493 ea
1580 3456 1697 3509 qua:

170 3530 229 3580 ad
257 3544 408 3582 unam
441 3543 548 3579 rem
579 3527 887 3593 pertinentia
926 3527 1166 3600 dicuntur
1189 3539 1434 3596 appareat
1456 3531 1597 3583 unde
1620 3530 1699 3583 di-

172 3628 378 3682 cantur,
425 3615 567 3684 quud
613 3615 784 3668 facere
834 3626 1094 3681 utcunque
1150 3616 1327 3669 curavi
1383 3616 1431 3669 in
1474 3619 1696 3686 quadam

172 3707 382 3771 epistola
431 3721 586 3773 quam
634 3704 878 3771 rescripsi
917 3704 981 3757 ad
1005 3705 1168 3757 beatae
1212 3707 1478 3757 memoriae
1526 3709 1695 3761 virum

178 3794 449 3865 Esycliium
465 3796 777 3847 Salonitana;
796 3794 939 3846 urbis
959 3794 1280 3861 episcopum,
1298 3794 1443 3861 cujus
1461 3795 1699 3863 epistola:

175 3882 347 3936 titulus
378 3891 462 3936 est
490 3899 504 3933 :
535 3882 607 3934 De
638 3880 765 3933 Fine
795 3880 989 3932 saeculi.

681 3986 903 4042 CAPIT
926 3986 1181 4042 CXXXII.

175 4077 244 4130 De
270 4080 460 4131 divertio
488 4078 772 4144 apt'uatiune
801 4077 950 4128 trium
982 4077 1203 4137 ﬁdelium
1235 4094 1484 4131 servorum
1509 4082 1699 4132 adven-

238 4159 313 4198 tus
361 4145 566 4197 Domini
612 4155 803 4213 tempus
860 4148 1243 4214 arlu'lrantium,
1273 4163 1333 4197 ea:
1381 4150 1588 4214 epistola
1634 4152 1700 4200 ad

238 4214 511 4282 anchium
550 4215 827 4280 episcopum
868 4213 1215 4265 Salonilauum
1249 4216 1309 4267 de
1343 4213 1469 4268 Fine
1502 4222 1692 4270 mundi.

240 4323 539 4392 Diligendns
568 4338 694 4390 ergo
715 4330 815 4383 est,
838 4332 885 4375 et
910 4325 1285 4389 exspectandus
1310 4327 1534 4391 Domini,
1566 4331 1700 4383 sicut

1799 493 1929 543 dans
1954 506 2133 544 eorum
2166 494 2539 547 beatitudinem
2569 498 2656 563 qui
2685 498 2905 565 diligunt
2928 504 3205 551 advrtitum
3234 501 3337 552 Do-

1798 586 1943 649 nviui,
1973 588 2063 639 sed
2090 598 2138 639 et
2164 588 2237 639 illi
2268 590 2454 653 quibus
2501 589 2711 643 dieebat
2746 570 3057 657 Apostolus:
3092 593 3204 645 Non
3236 594 3337 643 cito

1799 670 2108 723 mmeamiui
2140 683 2335 737 mente,
2369 674 2514 741 quasi
2548 675 2704 729 inStet
2746 676 2860 729 dies
2895 678 3116 742 Dom'ni,
3151 680 3335 746 dilige-

1798 762 1920 813 bant
1951 764 2127 829 utique
2163 763 2446 815 adventurm
2495 764 2720 828 Domini,
2762 781 2857 819 nec
2902 782 2992 819 eos
3020 767 3128 819 lucc
3158 770 3336 820 dicens

1798 850 1987 902 Doctor
2009 852 2239 918 gentium
2269 852 2334 904 ab
2366 851 2451 904 illa
2496 852 2777 906 dileCIione
2814 854 3097 920 frangebat,
3143 869 3240 920 qua
3283 866 3336 905 nt

1798 940 2247 993 iiiﬁaii-ntarentur
2274 942 2500 1005 volebat,
2534 951 2584 994 et
2615 943 2732 994 idio
2750 945 2951 996 nolebat
2984 954 3037 995 nt
3065 945 3337 996 crederent

1795 1032 1872 1085 eis
1901 1047 1928 1085 a
1956 1032 2148 1100 quibus
2176 1032 2457 1085 audiebant
2484 1031 2679 1085 instare
2697 1032 2834 1084 diem
2862 1034 3083 1094 Domini,
3117 1048 3181 1085 ne
3207 1034 3337 1084 forte

1794 1135 1912 1173 cum
1965 1122 2238 1173 transisset
2288 1130 2493 1188 tempus
2543 1136 2645 1190 quo
2694 1137 2812 1175 eum
2853 1124 3181 1175 crediderant
3220 1138 3248 1176 e
3279 1137 3336 1175 se

1795 1218 2100 1275 venturum,
2128 1220 2181 1262 et
2224 1214 2431 1263 venisse
2470 1226 2572 1263 non
2613 1221 2913 1275 cernerent,
2952 1213 3107 1263 etiam
3148 1218 3334 1263 caetera

1793 1300 2050 1353 fallaciter
2076 1303 2175 1353 sibi
2210 1302 2439 1367 promitti
2470 1302 2807 1363 arbitrantes,
2843 1314 2892 1355 et
2927 1304 2991 1356 de
3040 1304 3145 1370 ipsa
3194 1318 3333 1353 mer-

1792 1388 1922 1443 cede
1949 1388 2066 1442 ﬁdei
2096 1390 2457 1457 desperarent.
2480 1389 2594 1443 Non
2614 1405 2735 1459 ergo
2764 1392 2852 1443 ille
2875 1392 3034 1458 diligit
3054 1392 3332 1443 adventum

1796 1479 2022 1541 Domini,
2055 1480 2142 1544 qui
2184 1495 2302 1531 eum
2339 1480 2527 1532 asserit
2573 1482 2941 1547 prop'nquare,
2984 1488 3075 1531 aut
3113 1479 3199 1531 ille
3246 1481 3331 1545 qui

1792 1586 1910 1625 eum
1939 1571 2127 1625 asserit
2158 1586 2259 1623 non
2283 1571 2653 1638 propinquare,
2678 1570 2770 1623 sed
2795 1568 2880 1622 ille
2905 1570 3077 1636 potius
3098 1570 3183 1635 qui
3215 1582 3333 1619 eum

1794 1661 1905 1714 sive
1935 1674 2119 1727 prope,
2147 1660 2259 1712 sive
2290 1659 2443 1726 longe
2469 1659 2557 1721 sit,
2583 1660 2882 1711 sinceritate
2922 1657 3064 1719 ﬁdei,
3090 1656 3334 1708 ﬁrmitate

1794 1751 1929 1816 spei,
1957 1750 2145 1803 ardore
2165 1749 2436 1802 cbarltatis
2461 1757 2755 1816 exspectat;
2787 1762 2903 1799 nam
2927 1747 2967 1799 si
3000 1754 3144 1797 tanto
3170 1745 3335 1811 magis

1794 1841 2024 1907 diligitur
2048 1840 2301 1892 Dominus
2322 1848 2517 1906 quanto
2538 1837 2701 1905 magis
2730 1836 2979 1898 creditur,
3001 1844 3054 1888 et
3081 1834 3331 1903 praedica-

1795 1936 1879 1979 tur
1922 1928 2075 1980 citius
2103 1942 2223 1980 esse
2251 1937 2524 1989 venturus,
2569 1924 2734 1993 magis
2772 1939 2890 1977 eum
2924 1923 3202 1993 diligebant
3247 1922 3332 1987 qui

1793 2017 1908 2082 ejus
1938 2016 2216 2068 adventura
2242 2016 2348 2083 jam
2396 2017 2591 2069 instate
2620 2014 2884 2077 dicebant,
2926 2028 3078 2081 quam
3113 2012 3162 2063 bi
3202 2025 3332 2078 quc-I

1794 2104 2077 2172 Apostolus
2101 2106 2178 2155 cis
2208 2104 2422 2156 credere
2441 2103 2768 2169 prohibebat,
2796 2103 2875 2155 vel
2898 2103 3007 2167 ip~e
3033 2101 3334 2167 Apostolus,

1794 2193 1879 2261 qui
1908 2192 2006 2244 boc
2030 2192 2208 2253 utique
2230 2207 2330 2243 non
2353 2191 2617 2243 credebat.
2644 2191 2696 2243 Si
2722 2206 2844 2257 ergo
2865 2192 2988 2243 latet
3008 2191 3214 2258 quando
3238 2191 3333 2242 Ec-

1794 2281 1951 2334 clesia
1983 2280 2328 2332 fructilii-ante
2349 2288 2507 2346 atque
2534 2289 2803 2332 crescente
2826 2281 3094 2333 universus
3121 2280 3333 2332 omnino

1794 2369 1978 2421 amari
2004 2382 2165 2436 u-que
2192 2369 2254 2421 ad
2286 2383 2429 2420 mare
2454 2368 2596 2421 orbis
2624 2368 2943 2435 implebitur,
2979 2369 3154 2434 procul
3177 2369 3335 2421 dubio

1798 2459 1923 2512 latet
1951 2459 2160 2522 quando
2186 2456 2304 2511 ﬁnis
2333 2458 2449 2521 erit,
2482 2466 2603 2510 ante
2624 2460 2815 2525 quippe
2841 2472 2941 2509 non
2972 2459 3088 2511 erit.
3136 2457 3203 2510 Ut
3236 2471 3330 2508 au-

1799 2557 1902 2600 tem
1937 2549 2026 2601 tibi
2060 2558 2303 2617 tanquam
2331 2557 2509 2602 sancto
2536 2548 2729 2601 homini
2764 2549 2852 2601 Dei
2892 2557 2945 2602 et
2980 2548 3335 2601 sincerissimo

1798 2636 1941 2689 fratri
1969 2636 2198 2703 aperiam
2227 2637 2292 2690 de
2324 2638 2419 2690 bac
2446 2639 2734 2704 quaestione
2756 2636 2877 2704 quid
2904 2636 3121 2689 sentiam
3147 2651 3162 2687 :
3186 2650 3335 2688 error

1798 2725 2010 2794 quidem
2044 2727 2091 2777 in
2122 2735 2341 2792 utroque
2366 2725 2606 2778 vitandus
2628 2734 2729 2789 est,
2754 2734 3002 2790 quantum
3031 2724 3096 2776 ab
3124 2724 3336 2775 homine

1798 2816 1947 2868 vitari
1975 2824 2161 2881 potest,
2192 2817 2306 2870 sive
2330 2817 2510 2879 citius,
2538 2818 2645 2870 sive
2679 2816 2873 2868 tardius
2912 2831 3064 2884 quam
3104 2814 3333 2868 futurum

1797 2912 1878 2957 est
1944 2904 2194 2956 Dominus
2257 2916 2507 2957 venturus
2559 2919 2676 2958 esse
2730 2905 3005 2967 credatur;
3067 2904 3157 2955 sed
3206 2904 3331 2955 mihi

1798 2992 2067 3059 quisquam
2102 3009 2203 3044 non
2238 2994 2438 3046 iidutnr
2466 3010 2642 3047 errare
2663 3008 2777 3046 cum
2812 2994 3007 3060 aliquid
3040 2995 3239 3047 nescire
3278 3008 3337 3045 se

1797 3081 1917 3143 scit;
1945 3082 2034 3134 sed
2059 3095 2175 3133 cum
2195 3096 2250 3134 se
2274 3093 2414 3149 putat
2439 3084 2573 3135 scire
2594 3082 2729 3149 quod
2754 3086 2935 3135 nescit.
2958 3082 3337 3154 lietnoveam'us

1796 3169 1968 3236 itaque
1994 3166 2061 3225 de
2089 3172 2260 3225 medio
2290 3186 2493 3224 servum
2524 3171 2662 3223 illum
2696 3172 2905 3233 malum,
2936 3172 3044 3239 qui,
3067 3170 3246 3223 dicens
3284 3168 3334 3222 in
3402 3168 3403 3171 “

1795 3261 1952 3313 corde
1974 3274 2090 3326 suo,
2130 3261 2323 3316 Moram
2358 3262 2473 3315 facit
2507 3263 2747 3316 dominus
2780 3262 2926 3315 mens
2947 3263 3143 3327 venire,
3168 3261 3338 3314 domi-

1797 3357 1950 3401 natur
1989 3353 2255 3403 conservis
2293 3354 2403 3407 suis
2432 3361 2484 3403 et
2512 3351 2735 3404 cbriosis
2780 3351 3104 3405 convivando
3149 3350 3337 3404 misce-

1799 3448 1900 3491 tur.
1926 3441 2027 3493 Iste
2054 3441 2246 3508 quippe
2268 3446 2445 3508 procul
2472 3442 2627 3493 dubio
2652 3441 2856 3494 Domini
2888 3442 2967 3494 sui
2997 3441 3107 3492 odit
3137 3439 3336 3491 adven-

1800 3537 1905 3579 tum
1950 3544 1962 3577 :
2006 3542 2110 3595 quo
2154 3542 2306 3581 servo
2350 3529 2484 3579 malo
2526 3538 2756 3587 semoto,
2797 3529 3174 3580 constituamus
3218 3534 3339 3578 ante

1799 3618 1980 3670 oculos
2009 3625 2115 3669 tres
2158 3630 2339 3671 servos
2380 3620 2562 3678 bonos,
2596 3616 2839 3669 familiam
2872 3616 3187 3669 dominicam
3227 3614 3338 3666 dili-

1800 3717 1987 3775 genter
2017 3708 2294 3775 sobrieque
2343 3716 2644 3771 tractantes,
2684 3705 2959 3759 adventum
2994 3702 3208 3757 Domini
3258 3703 3366 3753 sui’

1800 3799 2039 3851 sitienter
2066 3797 2445 3850 desiderantes.
2489 3795 2765 3863 vigilanter
2796 3801 3178 3861 exSpectanteS,
3213 3778 3337 3842 fide-

1800 3888 1917 3939 liter
1938 3895 2192 3949 amantes,
2218 3886 2257 3936 si
2284 3899 2417 3936 unus
2439 3898 2618 3937 eorum
2656 3884 2831 3944 citius,
2853 3879 2987 3934 alter
3017 3881 3211 3931 tardius
3238 3878 3335 3929 Do-

1803 3975 1998 4027 mitium
2028 3981 2171 4040 putat
2198 3986 2315 4024 esse
2338 3982 2634 4034 venturum,
2678 3970 2860 4021 tertius
2905 3982 3028 4020 vero
3076 3980 3222 4017 suam
3272 3965 3337 4015 de

1802 4065 1899 4117 hac
1959 4079 2015 4116 re
2066 4063 2409 4127 ignorantiam
2459 4059 2758 4112 conﬁtetur.
2811 4056 3112 4122 Quanquam
3155 4068 3337 4105 omnes

1801 4163 2090 4206 consonent
2123 4149 2426 4217 Evangelio,
2446 4149 2565 4214 quia
2589 4161 2770 4197 omnes
2791 4136 3011 4209 diligunt
3037 4138 3334 4192 manifesta-

1804 4244 1995 4293 tionetn
2043 4238 2262 4298 Domini,
2312 4247 2364 4289 et
2408 4252 2521 4287 eam
2557 4235 2914 4286 desideranter
2960 4238 3012 4281 et
3059 4229 3336 4296 vigilanter

1803 4337 2121 4395 exSpectant,
2156 4326 2422 4377 videamus
2463 4339 2629 4375 tamen
2657 4321 2772 4388 quis
2809 4314 3024 4385 amplius
3060 4326 3335 4369 consonet.

176 4422 344 4465 ⁸³116⁸8
371 4410 615 4472 Ιιοτωνίει
648 4410 916 4473 amemus.
952 4426 1188 4477 magnam
1219 4413 1397 4467 dicens
1442 4432 1557 4469 esse
1581 4419 1701 4471 bea-
1732 4399 1782 4457 D
1810 4419 1951 4472 Unus
1980 4417 2136 4468 dicit:
2174 4414 2455 4482 Vigilemus
2478 4420 2531 4464 et
2560 4424 2788 4471 oremus,
2819 4408 2935 4475 quia
2963 4407 3113 4459 citius
3152 4415 3334 4458 ventu-

180 4499 437 4553 Iitudiuem
488 4500 818 4567 diligentibus
863 4498 978 4565 ejus
1005 4500 1301 4565 adventum,
1350 4512 1404 4556 et
1446 4506 1702 4561 adhibens

178 4588 402 4653 Apostoli
453 4589 838 4649 testiinonium,
888 4587 1033 4653 cuius
1078 4590 1231 4641 verba
1270 4590 1342 4643 sic
1375 4579 1522 4658 ponis
1569 4610 1582 4645 :
1630 4595 1703 4650 De

178 4688 356 4730 caetero
386 4679 611 4744 reposita
641 4686 720 4730 est
749 4676 873 4729 milii
902 4690 1091 4729 corona
1118 4680 1355 4745 justitite,
1384 4698 1535 4749 quam
1573 4686 1702 4737 red-

179 4764 259 4815 det
286 4767 405 4818 tnilii
438 4765 689 4818 Dominus
721 4764 890 4831 justus
932 4765 1087 4832 judex
1121 4768 1169 4819 in
1204 4770 1290 4821 illa
1337 4772 1437 4834 dic,
1472 4787 1573 4824 non
1614 4788 1702 4826 so-

182 4853 277 4905 lum
306 4866 477 4906 autem
522 4855 666 4917 mihi,
694 4854 785 4907 sed
829 4864 881 4907 et
920 4856 997 4908 bis
1042 4859 1125 4922 qui
1164 4858 1384 4925 diligunt
1423 4862 1699 4915 adventum

170 4942 397 4997 Domini.
429 4944 574 4997 Tunc
597 4947 755 5007 enim,
786 4948 913 4996 sicut
957 4960 1017 4997 ex
1071 4948 1350 5016 Evangelio
1395 4966 1704 5006 commemo-

185 5045 279 5093 ras,
305 5032 424 5098 justi
452 5033 723 5096 fulgebunt
750 5036 883 5086 sicut
904 5037 976 5088 sol
1004 5037 1055 5088 in
1086 5052 1247 5105 reg-io
1287 5040 1453 5093 Patris
1484 5056 1662 5095 eorum
1686 5062 1699 5108 ς

186 5134 230 5171 et
257 5125 385 5189 quod
411 5123 661 5189 propheta
687 5123 843 5175 dicit:
880 5126 1007 5176 Ecce
1033 5128 1168 5178 enim
1195 5126 1359 5195 caligo
1382 5136 1433 5179 et
1474 5132 1701 5182 tenebra:

188 5221 300 5271 oper
320 5218 406 5259 cut
431 5217 621 5260 terr—un
662 5223 818 5276 super
842 5219 1038 5276 gentes,
1076 5212 1127 5265 in
1177 5222 1225 5265 te
1265 5228 1387 5265 vero
1433 5220 1699 5282 apparebit

190 5294 442 5355 liomiuns,
468 5308 513 5347 et
546 5296 791 5361 majestas
818 5297 929 5363 ejus
955 5298 1004 5349 in
1035 5309 1082 5351 te
1098 5300 1373 5353 videbitur.
1406 5302 1531 5355 ltetn
1563 5306 1698 5371 quod

188 5382 423 5443 scriptum
452 5392 563 5435 est:
587 5383 684 5447 Ο.ιί
711 5398 833 5435 vero
871 5396 1173 5453 exspectant
1212 5388 1486 5441 Dominum
1532 5393 1703 5443 exsul-

192 5471 358 5523 tabunt
377 5486 491 5523 cum
516 5475 722 5529 virtute.
758 5472 1039 5538 producent
1082 5488 1276 5540 pennas
1321 5478 1455 5529 sicut
1496 5480 1700 5545 aquilae,

192 5571 383 5613 current
410 5568 462 5614 ct
485 5576 585 5613 non
615 5559 942 5627 laborabunt,
977 5563 1311 5618 ambulabunt
1352 5576 1402 5619 et
1447 5582 1544 5620 non
1587 5584 1704 5622 csu-

1808 4522 1895 4558 rus
1921 4515 2001 4557 est
2030 4505 2299 4556 Dominus.
2334 4504 2481 4554 Alter
2506 4499 2628 4551 dicit
2654 4517 2665 4547 :
2696 4498 2974 4558 Vigiletnus
3013 4505 3063 4547 el
3101 4510 3330 4559 oremus,

1806 4596 1925 4661 quia
1955 4592 2128 4645 brevis
2150 4600 2227 4643 est
2254 4592 2347 4641 ista
2380 4590 2501 4649 vita,
2528 4586 2759 4653 quamvis
2789 4586 2982 4635 tardius
3012 4592 3255 4634 venturus
3270 4584 3335 4635 sit

1810 4682 2079 4735 Dominus.
2110 4681 2317 4732 Tertius
2346 4677 2506 4729 dicit:
2544 4674 2819 4740 Vigilemus
2867 4680 2919 4723 et
2956 4684 3191 4735 oi'etnus,‘
3213 4672 3331 4737 quia

1806 4786 1855 4825 et
1886 4772 2055 4824 brevis
2080 4780 2130 4821 et
2157 4768 2350 4819 incerta
2381 4774 2458 4818 est
2491 4767 2582 4816 ista
2614 4764 2734 4825 vita,
2766 4770 2817 4812 et
2846 4762 3099 4812 nescimus
3131 4768 3331 4824 tempus

1810 4861 2015 4927 quando
2053 4868 2300 4911 venturus
2342 4857 2411 4908 sit
2462 4853 2727 4906 Dominus.
2776 4851 3109 4914 Evangeliutn
3163 4848 3328 4901 dicit:

1812 4950 2010 5011 Videte,
2040 4950 2267 5014 vigilate,
2294 4957 2340 4999 et
2373 4956 2541 5004 orate,
2576 4939 2785 4993 nescitis
2810 4940 2949 4991 enim
2976 4938 3180 5004 quando
3202 4947 3334 4990 tem-

1811 5056 1901 5105 pus
1931 5038 2016 5090 sit.
2042 5039 2270 5090 Obsecro
2302 5046 2370 5097 te,
2405 5029 2526 5099 quid
2556 5030 2691 5079 aliud
2720 5029 2893 5079 dicere
2926 5026 3160 5077 audimus
3191 5026 3326 5077 hunc

1809 5137 1884 5179 ter
1911 5128 2049 5189 ium,
2087 5140 2236 5192 quam
2282 5120 2416 5187 quod
2455 5119 2627 5171 dicere
2672 5115 2907 5168 audimus
2957 5112 3328 5180 Erangelinm:

1806 5230 1988 5270 omnes
2018 5198 2225 5281 quidem
2268 5224 2361 5277 pro
2406 5207 2668 5261 desiderio
2698 5205 2839 5274 regni
2885 5204 2971 5256 Dei
3014 5204 3113 5256 hoc
3152 5203 3331 5255 volunt

1805 5323 1922 5360 esse
1968 5319 2144 5358 verum
2174 5303 2308 5369 quod
2351 5308 2495 5368 putat
2543 5297 2760 5365 primus,
2800 5295 2892 5349 sed
2934 5296 3031 5347 hoc
3072 5294 3329 5346 secundus

1806 5406 1986 5462 negat;
2029 5393 2210 5445 tertius
2249 5402 2372 5441 vero
2414 5399 2514 5438 non
2557 5394 2709 5447 negat
2750 5382 2941 5448 aliquid
2986 5381 3188 5442 borum,
3236 5381 3326 5431 sed

1806 5486 2038 5552 ignorare
2059 5496 2112 5532 sc
2140 5479 2324 5531 fatetur
2352 5475 2465 5542 quis
2488 5488 2666 5527 verum
2696 5472 2834 5523 dicat
2855 5472 3079 5523 illorum.
3106 5467 3329 5520 Proinde

1805 5578 1847 5627 si
1876 5575 1969 5625 ltoc
1999 5570 2180 5623 factum
2215 5566 2385 5629 luerit,
2427 5561 2561 5629 quod
2599 5560 2909 5631 praedixerat
2954 5559 3171 5626 primus.
3199 5553 3327 5625 gau-
