3886 6224
507 312 606 375 ττι
888 314 891 315 ί
1070 276 1074 280 ’
1556 314 1615 366 o.
1662 305 1971 364 euaserit
2010 299 2301 357 ABBATlS
2336 264 2652 357 amicam
3631 313 3718 376 ττι

505 434 710 490 defiunt
748 447 868 490 eum
901 421 991 487 illo
1023 431 1294 493 secundus
1341 438 1394 484 et
1432 429 1639 490 tertius,
1673 438 1874 501 “omnes
1926 422 2066 474 enim
2100 415 2150 475 Α
2175 417 2335 474 vitam
2357 422 2589 490 pictatis,
2617 439 2678 476 ex
2718 424 2998 493 impietatis
3043 437 3211 482 morte
3259 433 3608 501 transeundo,
3656 441 3715 490 de

515 523 990 578 manifestationem
1035 521 1240 575 Domini
1306 519 1564 590 diligunt,
1609 526 1667 573 et
1699 499 1705 524 ³
1733 513 2070 583 ελειιιιεώιιιιι

513 619 722 683 utrique
747 617 898 666 citius
923 615 1133 666 venisse
1160 610 1299 682 qttod
1327 612 1572 680 diligunt.
1604 608 1659 663 Si
1681 616 1856 660 autem
1874 605 2140 690 fartum,"-

511 719 616 757 non
649 703 823 762 fuerit,
851 712 906 755 et
926 717 1180 769 apparere
1207 702 1429 771 creperit
1460 701 1562 754 hoc
1608 699 1781 766 potius
1817 709 1938 751 esse
1979 709 2070 747 ve-

514 812 626 848 rmn
658 799 795 862 quod
827 794 1034 850 dicebat
1064 797 1348 862 secundus,
1386 793 1722 850 metuendum
1749 799 1832 845 est
1851 803 1917 842 ne
1935 794 2072 841 inter

518 887 658 949 ipsus
681 900 857 939 moras
881 889 1254 954 perturbentur
1275 888 1361 956 qui
1389 885 1726 951 crediderant
1744 879 1884 951 quod
1922 879 2071 933 dixe-

512 986 591 1029 rat
617 978 835 1044 primus,
857 987 911 1031 et
930 978 1181 1046 incipiant
1198 979 1401 1032 Domini
1424 977 1713 1030 adventum
1733 988 1838 1027 non
1862 969 2070 1024 tardum

516 1077 722 1131 putare,
754 1069 844 1119 sed
875 1069 1074 1122 nullum
1104 1086 1115 1120 :
1140 1069 1226 1137 qui
1261 1068 1408 1122 vides
1447 1075 1676 1133 quantus
1719 1064 1792 1118 sit
1826 1063 2073 1116 interitus

512 1158 844 1209 animarum?
873 1159 1026 1222 Quod
1047 1162 1090 1212 si
1115 1168 1271 1211 tantm
1300 1157 1421 1210 lidei
1452 1156 1667 1221 fuerint,
1700 1161 1759 1208 ut
1790 1167 1849 1206 se
1889 1152 1952 1205 ad
1982 1166 2070 1206 se-

515 1247 676 1302 eundi
701 1249 946 1315 praedicta
967 1256 1294 1312 convertant,
1328 1257 1382 1302 et
1428 1247 1714 1301 Dominum
1761 1246 1919 1300 etiam
1963 1253 2072 1296 tar-

518 1340 730 1393 dantem
761 1340 983 1394 fideliter
1007 1349 1062 1396 et
1090 1341 1346 1407 patienter
1372 1347 1702 1408 exspectent,
1731 1336 2073 1392 abundabunt

522 1437 697 1481 tamen
748 1428 1025 1496 opprobria
1065 1439 1118 1482 et
1159 1429 1545 1494 insultationes,
1600 1437 1760 1498 atque
1805 1426 2075 1481 irrisiones

521 1515 879 1583 inimicorum,
908 1515 1099 1569 multos
1126 1516 1361 1571 inﬁrmos
1386 1533 1414 1570 a
1447 1516 1748 1571 Christiana
1775 1514 1882 1569 ﬁde
1919 1529 2075 1568 aver-

531 1604 774 1666 teutium,
804 1604 1030 1658 dicendo
1054 1613 1156 1657 tam
1182 1605 1434 1660 fallaciter
1462 1607 1539 1660 eis
1569 1619 1787 1673 regnum
1811 1599 1929 1659 esse
1955 1618 2074 1670 pro-

521 1693 759 1755 missum,
787 1708 941 1762 quam
956 1694 1210 1748 fallaciter
1229 1695 1501 1751 dicebatur
1511 1696 1618 1748 cito
1632 1710 1750 1749 esse
1768 1703 2071 1747 venturum.

2171 523 2273 578 qua
2303 513 2473 564 morte
2495 511 2855 578 aitapostotus
2885 515 3110 571 Paulus:
3140 518 3282 587 Ergo
3316 534 3508 575 omnes
3533 527 3709 581 mortui

2169 607 2290 663 stult
2317 607 2371 653 et
2395 612 2490 667 pro
2514 599 2755 653 omnibus
2778 612 3010 658 mortuus
3034 617 3133 670 est,
3176 614 3233 660 ut
3271 609 3363 677 qui
3409 610 3592 665 vivunt
3615 615 3708 679 jam

2172 701 2274 748 non
2293 685 2394 738 sibi
2421 689 2618 750 vivant,
2641 687 2732 741 sed
2764 689 2812 744 ei
2842 691 2931 759 qui
2961 697 3076 758 pro'
3109 695 3237 763 ipsis
3287 705 3531 752 mortuus
3561 709 3641 753 est
3663 715 3708 754 et

2170 774 2476 829 resurrexit.
2505 773 2703 830 Omnes
2727 779 2901 846 itaque
2925 785 3113 835 mortui
3136 795 3258 838 sunt
3281 787 3330 838 in
3356 802 3421 852 pe
3451 790 3604 854 catis,
3631 807 3708 842 ne.

2172 863 2314 918 mine
2344 879 2558 933 prorsus
2583 880 2824 936 excepto,
2851 871 2962 923 sive
3003 872 3368 940 originalibus,
3415 876 3527 930 sive
3566 888 3615 931 et
3633 894 3706 930 aut

2169 955 2444 1011 voluntate
2483 956 2700 1023 additis,
2743 961 2825 1012 vel
2864 961 3176 1028 ignorando,
3220 966 3299 1018 vel
3343 967 3579 1028 sciendo.
3622 984 3706 1021 nec

2171 1042 2414 1098 faciendo
2435 1047 2573 1114 quod
2592 1047 2791 1114 justum
2818 1059 2921 1111 est,
2962 1058 3017 1103 et
3066 1066 3157 1118 pro
3185 1055 3428 1108 omnibus
3478 1068 3645 1110 morm
3665 1071 3705 1120 s,

2175 1135 2326 1196 vivus
2375 1147 2612 1191 mortuus
2650 1148 2731 1192 est
2779 1154 2952 1205 unus,
3011 1140 3062 1193 id
3109 1151 3226 1205 est,
3284 1146 3483 1199 nullum
3526 1146 3704 1200 habent

2175 1225 2390 1278 omnino
2420 1235 2716 1293 peccatum,
2748 1229 2919 1297 utqui
2949 1244 3039 1296 per
3073 1231 3435 1289 remissionem
3479 1249 3703 1303 peccato-

2176 1332 2290 1371 rum
2322 1319 2522 1382 vivunt,
2544 1317 2654 1385 jam
2685 1334 2790 1374 non
2812 1321 2911 1375 sibi
2935 1328 3131 1384 vivant,
3153 1324 3246 1378 sed
3273 1327 3320 1378 ei
3354 1329 3441 1393 qui
3469 1342 3563 1395 pro
3604 1342 3699 1381 ota-

2177 1409 2333 1462 nibus
2354 1419 2595 1464 murtuus
2624 1420 2706 1464 est
2735 1422 2954 1480 propter
2983 1424 3192 1482 peccata
3218 1426 3420 1480 nostra,
3448 1427 3500 1470 et
3543 1434 3702 1472 resur-

2176 1503 2313 1555 rexit
2347 1510 2562 1569 propter
2593 1500 3023 1569 justilieationem
3059 1516 3320 1569 nostram,
3354 1515 3409 1558 ut
3447 1508 3701 1562 credentes

2178 1589 2229 1642 in
2262 1605 2380 1644 eum
2406 1594 2491 1658 qui
2517 1592 2767 1659 justilicat
2796 1593 3010 1660 impium
3034 1610 3096 1646 ex
3124 1595 3413 1661 impietate,
3432 1596 3698 1662 iustiﬁcati,

2182 1690 2426 1749 tanquam
2447 1697 2511 1734 ex
2539 1692 2706 1735 morte
2728 1681 2998 1747 rivilicati,
3027 1686 3089 1736 ad
3121 1685 3341 1752 primam
3379 1689 3698 1740 resurrectio-

521 1783 620 1845 Qui
650 1794 823 1836 autem
855 1784 1078 1837 credunt
1106 1785 1244 1852 quod
1265 1784 1394 1838 dicit
1419 1785 1714 1848 secundus,
1745 1781 1944 1838 tardius
1974 1782 2070 1834 Do-

2185 1786 2299 1823 netu
2324 1785 2440 1837 qua:
2464 1784 2602 1823 nunc
2629 1779 2710 1823 est
2733 1773 2994 1837 pertinere
3016 1773 3294 1839 possimus.
3326 1775 3402 1827 Ad
3428 1776 3554 1827 hanc
3571 1780 3694 1828 enim

529 1874 730 1924 minum
758 1887 876 1926 esse
908 1885 1219 1938 venturum,
1259 1875 1303 1927 si
1345 1873 1530 1928 falsum
1583 1875 1739 1928 fuerit
1784 1873 2078 1938 inventura,

524 1964 680 2012 citius
705 1961 925 2015 Domino
952 1966 1214 2025 veniente,
1235 1963 1375 2017 nullo
1393 1965 1548 2017 modo
1569 1964 1658 2031 qui
1680 1963 1728 2017 ei
1748 1962 2083 2016 crediderant

527 2049 877 2104 turbabuntur
903 2056 950 2104 in
973 2051 1092 2114 fide,
1115 2052 1205 2104 sed
1226 2052 1492 2119 inepinato
1507 2053 1697 2122 gaudio
1723 2050 2075 2119 perfruentur.

525 2139 855 2203 Quapropter
882 2139 970 2207 qui
1001 2138 1127 2192 dicit
1166 2141 1441 2193 Dominum
1471 2141 1628 2194 citius
1655 2154 1771 2194 esse
1799 2151 2079 2191 venturum

477 2227 480 2232 ’
528 2225 810 2287 optabilius
841 2227 1092 2286 loqu‘tur.
1119 2230 1208 2281 sed
1240 2228 1532 2295 periculose
1554 2229 1598 2282 si
1623 2228 1851 2293 fallitur;
1885 2227 2082 2280 utinam

525 2324 652 2378 ergo
676 2313 745 2363 sit
766 2326 970 2375 verum,
989 2314 1108 2382 quia
1134 2317 1234 2368 erit
1256 2316 1533 2370 molestum
1557 2317 1600 2370 si
1625 2333 1725 2369 non
1749 2317 1848 2370 erit
1872 2317 2079 2368 verum!

529 2397 628 2462 Qui
659 2408 832 2453 autem
869 2401 994 2454 dicit
1020 2402 1294 2455 Dominum
1327 2403 1527 2457 tardius
1558 2419 1673 2458 esse
1705 2414 2003 2466 venturum,
2031 2413 2086 2455 et

536 2493 711 2538 tamen
735 2487 921 2554 credit,
944 2499 1139 2557 sperat.
1161 2500 1304 2547 amat
1320 2493 1435 2561 ejus
1453 2494 1752 2556 adventum,
1769 2492 2000 2560 profecto
2019 2492 2086 2544 de

529 2575 775 2629 tarditate
818 2576 934 2645 ejus
974 2580 1132 2634 etiam
1159 2579 1373 2650 fallitur,
1398 2583 1616 2637 feliciter
1657 2584 1869 2637 fallitur.
1917 2585 2085 2638 liabe-

530 2665 610 2717 bit
629 2667 768 2718 enim
794 2668 1047 2734 majorem
1071 2673 1371 2738 patientiam
1394 2675 1437 2726 si
1462 2675 1560 2729 hoc
1588 2676 1659 2730 ita
1685 2677 1807 2740 erit,
1831 2678 2085 2746 majorem

531 2755 768 2808 laititiam
791 2757 833 2808 si
861 2771 963 2810 non
987 2760 1109 2821 erit,
1128 2776 1186 2812 ac
1212 2776 1304 2828 per
1323 2762 1420 2815 hoc
1446 2765 1512 2817 ab
1530 2765 1607 2818 eis
1630 2766 1715 2832 qui
1737 2764 1959 2833 diligunt
1989 2779 2089 2817 nia-

535 2843 925 2898 nifestationem
952 2848 1180 2916 Domini,
1204 2852 1286 2905 ille
1311 2853 1524 2908 auditur
1545 2856 1778 2918 suavius,
1814 2857 1896 2908 isti
1919 2855 2088 2908 credi-

531 2939 616 2983 tur
636 2932 816 2984 tutius.
845 2933 944 2997 Qui
973 2945 1144 2989 autem
1175 2937 1298 3004 quid
1323 2941 1507 2992 borum
1536 2942 1825 3005 sit,verum
1849 2943 2090 3011 ignorare

529 3033 587 3071 se
614 3021 918 3084 confitetur,
942 3022 1068 3076 illud
1097 3036 1263 3090 optat,
1297 3029 1394 3082 hoc
1422 3030 1630 3096 tolerat,
1654 3031 1704 3083 in
1733 3033 1877 3085 nullo
1905 3047 2086 3086 eorum

2187 1858 2405 1926 primam
2435 1873 2536 1911 non
2568 1859 2829 1925 pertinent
2854 1861 2954 1912 nisi
2986 1863 3072 1927 qui
3107 1862 3244 1915 beati
3280 1872 3433 1915 erunt
3471 1865 3521 1916 in
3558 1876 3694 1918 aeter-

2185 1963 2338 2010 ttum;
2371 1947 2434 1999 ad
2464 1947 2746 1999 secundam
2772 1961 2894 2000 vero
2918 1947 2984 2000 de
3012 1963 3115 2015 qua
3152 1964 3270 2002 mox
3313 1951 3325 2001 Ι
3365 1962 3566 2004 cuturus
3609 1960 3694 2014 est,

2183 2043 2237 2088 et
2259 2037 2438 2088 beatos
2468 2035 2736 2102 pertinere
2764 2035 2993 2097 docebit,
3021 2045 3074 2088 et
3105 2037 3348 2089 miseros.
3370 2036 3468 2090 ista
3505 2050 3580 2092 est
3617 2041 3695 2091 rui-

2185 2123 2506 2188 sericordite,
2539 2123 2622 2175 illa
2648 2123 2848 2191 judicii.
2885 2125 3104 2192 Propter
3132 2127 3270 2193 quod
3303 2130 3355 2179 ιιι
3381 2130 3566 2195 psalmo
3589 2132 3693 2182 δαῖε

2187 2224 2330 2281 ptum
2381 2222 2495 2278 est,
2527 2213 2934 2268 Misericordiam
2967 2224 3020 2268 et
3054 2214 3309 2284 judicium
3351 2219 3560 2272 cantabo
3601 2219 3694 2280 tibi,

2189 2303 2439 2366 Domine:
2463 2303 2529 2357 de
2558 2318 2659 2370 quo
2681 2303 2880 2369 judicio
2904 2315 3288 2372 consequente:
3310 2307 3540 2372 adjunxit
3562 2317 3694 2374 atque

2185 2394 2296 2446 ait:
2332 2393 2395 2446 Et
2417 2401 2730 2460 potestatem
2753 2393 2896 2447 dedit
2923 2393 2972 2448 ei
2998 2405 3051 2448 et
3089 2394 3346 2462 judicium
3388 2399 3567 2462 facere,
3595 2399 3694 2466 quia

2189 2483 2354 2536 Filius
2397 2482 2622 2536 hominis
2654 2491 2755 2536 est.
2787 2482 2882 2538 llic
2916 2485 3147 2542 ostendit
3190 2488 3333 2556 quod
3381 2486 3432 2540 in
3471 2502 3526 2542 ea
3561 2504 3694 2542 carae

2186 2567 2358 2622 veniet
2384 2568 2710 2635 judicaturtts
2737 2569 2787 2622 in
2817 2585 2916 2637 qua
2940 2582 3152 2626 venerat
3172 2574 3330 2640 judic.
3354 2576 3501 2628 udus.
3523 2577 3593 2629 Ad
3613 2578 3693 2629 huc

2186 2658 2324 2711 enim
2347 2659 2440 2723 ait,
2472 2658 2727 2724 Quoniam
2752 2660 2911 2713 Filius
2935 2661 3158 2716 hominis
3179 2673 3257 2716 est
3273 2703 3287 2726 ,
3319 2678 3380 2716 ac
3400 2665 3575 2718 deinde.
3594 2665 3694 2717 sub-

2184 2749 2408 2818 jungens
2450 2751 2587 2802 unde
2635 2752 2868 2819 agimus:
2905 2751 3094 2827 Nolite,
3140 2752 3330 2820 inquit,
3382 2756 3547 2808 mirari
3593 2756 3691 2816 bne,

2189 2841 2310 2906 quia
2334 2840 2510 2893 veniet
2537 2840 2662 2892 hora
2712 2841 2762 2892 in
2810 2854 2911 2908 qua
2951 2855 3134 2894 omnes
3163 2845 3249 2910 qui
3284 2842 3334 2895 in
3382 2847 3694 2896 monumentis

2189 2937 2309 2984 sunt
2341 2929 2555 2983 audient
2584 2944 2764 2983 vocem
2788 2929 2924 2998 ejus,
2951 2938 3004 2983 et
3031 2932 3317 2998 precedent
3338 2934 3424 2998 qui
3447 2933 3568 2986 bona
3596 2937 3695 2986 lece-

2191 3029 2311 3074 runt
2337 3020 2391 3073 in
2419 3022 2854 3074 resurrectionem
2884 3021 3022 3083 vitat,
3051 3021 3140 3088 qui
3172 3037 3299 3076 vero
3342 3024 3472 3076 mala
3514 3035 3695 3093 egerunt

530 3111 815 3178 errat,quia
833 3112 963 3164 nihil
984 3128 1162 3167 eorum
1177 3125 1266 3168 aut
1282 3117 1545 3184 adfirmat,
1560 3130 1643 3172 aut
1663 3132 1834 3189 negat.
1854 3121 2082 3176 Obsecro

2193 3111 2244 3162 in
2294 3109 2735 3163 resurrectionem
2780 3109 2980 3177 judicii.
3021 3110 3128 3162 iloc
3173 3121 3253 3165 est
3313 3113 3435 3165 illud
3483 3113 3693 3178 judicium

533 3207 583 3250 te
607 3207 664 3251 ut
684 3215 768 3252 me
793 3202 949 3256 talem
977 3218 1079 3255 non
1096 3220 1336 3272 spernas,
1352 3210 1472 3275 quia
1490 3219 1541 3263 et
1561 3225 1659 3278 ego
1679 3219 1729 3265 te
1751 3211 1910 3280 diligo
1935 3213 1982 3265 id
2005 3215 2083 3265 al-

535 3289 829 3345 firmantem
859 3296 996 3360 quod
1026 3311 1203 3350 verum
1231 3314 1347 3352 esse
1373 3299 1638 3367 desidero,
1666 3312 1718 3356 et
1743 3312 1895 3358 tanto
1920 3304 2087 3370 magis

534 3378 658 3433 nolo
716 3380 934 3450 fallaris,
977 3394 1172 3451 quanto
1215 3387 1382 3455 magis
1430 3403 1551 3440 amo
1605 3391 1742 3456 quod
1802 3391 2082 3457 polliceris,

535 3477 731 3536 quanto
761 3474 926 3540 magis
953 3474 1105 3529 video
1135 3477 1487 3544 periculosum
1520 3495 1658 3561 esse,
1687 3482 1730 3536 si
1765 3481 1981 3536 falleris.

1038 3605 1266 3662 CAPUT
1301 3608 1580 3667 CXXXIII.

541 3709 670 3774 th
696 3713 960 3788 sif__p_rima
989 3720 1318 3788 resurrectio,
1356 3737 1467 3788 qua:
1508 3725 1756 3786 secunda,
1788 3741 1847 3778 ea:
1876 3726 2000 3778 libro
2025 3728 2088 3779 de

739 3783 947 3837 Civitati:
977 3783 1070 3837 Dei
1096 3802 1184 3852 xx,
1218 3790 1344 3840 inter
1364 3783 1541 3843 cetera
1570 3802 1614 3843 et
1634 3793 1701 3844 ad
1727 3783 1910 3847 locum.

611 3891 777 3945 Arnen
808 3908 959 3947 amen
985 3895 1105 3948 dico
1137 3898 1308 3963 vobis,
1345 3900 1463 3967 quia
1493 3902 1641 3955 venit
1672 3901 1829 3967 liora,
1857 3914 1909 3957 et
1953 3920 2090 3960 nunc

539 3989 642 4044 est,
666 3983 879 4050 quando
908 3988 1099 4040 mortui
1130 3989 1346 4044 audient
1378 4005 1560 4044 vocem
1602 3991 1714 4044 Filii
1759 3992 1870 4056 Dei,
1915 4003 1968 4047 et
2000 3995 2086 4062 qui

539 4073 800 4126 audierint
822 4073 1025 4140 vivent;
1073 4079 1209 4131 sicut
1237 4082 1375 4133 enim
1405 4080 1560 4135 Pater
1583 4083 1694 4152 89
1741 4084 1897 4135 habet
1933 4084 2088 4137 vitam

542 4161 594 4211 in
625 4161 801 4227 seipse
827 4162 1176 4238 [semetipso],
1208 4170 1284 4222 sic
1311 4170 1458 4223 dedit
1486 4172 1619 4226 Filio
1636 4172 1826 4225 habere
1848 4173 2005 4224 vitam
2038 4175 2087 4226 in

541 4253 847 4318 semetipso.
879 4252 1116 4310 Nondum
1141 4261 1206 4311 de
1227 4261 1458 4314 secunda
1485 4264 1892 4325 resurrectione,
1917 4264 1966 4316 id
1988 4273 2087 4327 est,

542 4353 849 4406 corporum,
881 4341 1131 4412 loquitur,
1161 4363 1275 4412 qua:
1307 4351 1355 4401 in
1387 4351 1489 4404 line
1530 4353 1701 4404 futura
1734 4365 1836 4416 est,
1890 4355 1982 4408 sed
2025 4355 2091 4408 de

2183 3198 2321 3264 quod
2347 3199 2498 3264 paulo
2525 3208 2644 3251 ante
2673 3199 2806 3251 sicut
2838 3213 2974 3252 nunc
3002 3213 3094 3266 pro
3123 3200 3460 3256 damnatione
3487 3213 3693 3272 posuerat

2184 3285 2367 3340 dicens
2393 3303 2405 3338 :
2435 3286 2531 3350 Qui
2567 3287 2779 3339 verbum
2811 3303 2984 3340 meum
3012 3290 3156 3341 audit
3178 3300 3230 3342 et
3255 3291 3424 3344 credit
3448 3292 3492 3345 ei
3517 3292 3595 3360 qui
3615 3292 3693 3343 ini-

2186 3375 2252 3428 ait
2279 3389 2382 3436 me,
2417 3375 2571 3430 habet
2594 3379 2752 3428 vitam
2772 3387 3044 3444 aeternam,
3074 3387 3129 3433 et
3153 3380 3205 3432 in
3232 3380 3485 3446 judicium
3518 3396 3610 3434 nou
3629 3395 3693 3432 re-

2188 3463 2281 3526 nit,
2309 3465 2401 3517 sed
2429 3467 2612 3517 transit
2640 3481 2666 3516 a
2701 3475 2870 3518 morte
2896 3467 2946 3519 in
2979 3467 3163 3532 vitam,
3194 3467 3244 3520 id
3271 3479 3372 3533 est,
3420 3470 3692 3538 pertinentlo

2186 3555 2250 3605 ad
2310 3555 2529 3618 primam
2571 3556 3011 3609 resurrectionem
3058 3572 3155 3623 qua
3201 3572 3347 3611 nunc
3395 3560 3622 3612 transitur
3666 3573 3688 3610 a

2190 3651 2356 3695 morte
2383 3642 2446 3694 ad
2477 3643 2633 3694 vitam
2673 3644 2724 3696 in
2751 3645 3136 3698 damnationem
3181 3661 3284 3699 non
3337 3648 3522 3710 veniet,
3562 3662 3690 3714 quant

2187 3731 2493 3799 significavit
2529 3732 2878 3798 appellatione
2901 3734 3113 3803 jttdicii,
3144 3736 3278 3789 sicut
3300 3739 3455 3791 etiam
3488 3738 3576 3790 hoc
3599 3738 3691 3790 loco

2189 3818 2277 3870 ubi
2305 3817 2407 3870 ait:
2435 3817 2531 3882 Qui
2561 3817 2729 3890 [vero]
2775 3822 2907 3874 mala
2935 3832 3153 3889 egerunt
3193 3823 3247 3878 in
3294 3825 3686 3878 resurrectionem

2183 3906 2387 3975 judicii,
2420 3906 2469 3958 id
2497 3918 2595 3968 est,
2619 3909 2990 3963 damnationis.
3029 3910 3284 3979 Resurgat
3325 3928 3447 3979 ergo
3481 3915 3526 3966 in
3555 3914 3686 3981 prima

2189 3999 2275 4066 qui
2302 4013 2404 4050 non
2423 3997 2531 4050 vult
2559 4000 2608 4051 in
2640 4000 2866 4052 secunda
2891 4001 3273 4055 resurrectione
3298 4003 3541 4056 damnari.
3567 4002 3687 4056 V'euit

2189 4089 2327 4142 enim
2347 4087 2517 4163 [ergo]
2549 4090 2696 4153 hora,
2735 4097 2789 4141 et
2826 4104 2964 4144 nunc
2999 4100 3099 4152 est,
3140 4094 3353 4158 quando
3397 4096 3574 4146 mortui
3615 4109 3691 4144 au-

2190 4176 2336 4228 dient
2363 4191 2541 4231 vocent
2574 4177 2689 4231 Filii
2715 4177 2821 4247 Dei,
2849 4188 2900 4232 et
2929 4180 3016 4246 qui
3044 4180 3307 4232 audierint
3334 4184 3521 4245 virent,
3549 4183 3593 4235 id
3612 4192 3688 4242 est,

2193 4265 2244 4321 in
2268 4264 2656 4319 daumationem
2685 4282 2789 4320 non
2818 4268 3048 4331 venient,
3083 4283 3201 4335 qute
3231 4272 3458 4323 secunda
3489 4285 3611 4323 mors
3633 4270 3690 4320 di-

2193 4357 2351 4419 citur,
2381 4356 2431 4408 in
2454 4372 2610 4426 quam
2637 4368 2878 4423 mortem,
2918 4367 3033 4426 post
3055 4361 3342 4414 secundam
3383 4379 3496 4430 qua
3535 4375 3692 4427 corpo-

544 4430 731 4494 Prima,
765 4445 880 4497 qua:
910 4447 1046 4484 nunc
1068 4445 1166 4487 est.
1201 4436 1344 4491 llauc
1377 4440 1569 4510 quippe
1617 4451 1672 4495 ut
1711 4443 2079 4512 distingueret,
2116 4432 2165 4489 1)
2190 4461 2301 4497 rum
2334 4446 2502 4499 futura
2528 4456 2607 4501 est
2640 4449 3076 4503 resurreCtionem
3120 4453 3596 4521 praecipitabantur,
3619 4450 3690 4518 qui

541 4517 651 4570 ait:
680 4517 838 4572 Venit
870 4521 994 4574 hora
1019 4535 1069 4575 et
1100 4541 1237 4580 nunc
1273 4539 1376 4592 est,
1419 4546 1520 4583 non
1556 4541 1728 4585 autem
1760 4535 1858 4586 ista
1901 4549 2089 4602 corpo-

545 4621 684 4670 rum,
707 4607 797 4660 sed
829 4611 1121 4663 animarum
1146 4624 1244 4666 est.
1276 4615 1480 4670 Habent
1501 4621 1637 4672 enim
1661 4632 1714 4674 et
1737 4622 1923 4676 anima:
1952 4637 2090 4677 mor-

549 4704 654 4745 tem
696 4709 844 4747 suam
898 4698 947 4749 in
990 4699 1255 4765 impietate
1301 4712 1459 4771 atque
1505 4709 1752 4773 peccatis,
1803 4711 2088 4764 secundum

550 4797 703 4847 quam
738 4794 958 4839 mortem
992 4790 1180 4840 mortui
1211 4799 1333 4843 sunt
1362 4794 1427 4844 de
1455 4775 1647 4860 quibus
1678 4798 1812 4852 idem
1841 4800 2087 4853 ῡοηιὶιιιις

549 4871 653 4931 ait,
695 4870 818 4923 Sine
845 4887 1074 4926 mortuos
1101 4878 1325 4945 sepelire
1356 4893 1588 4935 mortuus
1617 4898 1771 4951 suos,
1810 4898 1861 4938 ut
1890 4890 2089 4942 scilicet

549 4963 602 5012 in
643 4961 813 5011 anima
856 4965 1063 5027 mortui,
1120 4966 1171 5017 itt
1222 4980 1442 5034 corpore
1491 4984 1724 5026 mortuos
1782 4981 2084 5045 sepelirent.

551 5053 771 5116 Propter
801 5051 929 5103 istos
966 5067 1086 5120 ergo
1114 5055 1376 5121 impietate
1416 5070 1468 5111 et
1509 5064 1780 5130 iniquitate
1826 5068 1876 5121 in
1919 5071 2090 5123 anima

549 5151 805 5206 mortuos,
837 5140 1012 5202 Venit,
1051 5145 1235 5211 inquit,
1288 5147 1414 5200 liora
1456 5158 1508 5202 et
1548 5168 1684 5205 nunc
1735 5164 1836 5214 est.
1885 5161 2090 5224 quando

548 5233 740 5284 mortui
779 5233 997 5283 audient
1031 5247 1208 5285 vocem
1242 5237 1356 5290 Filii
1393 5239 1503 5303 Dei,
1541 5252 1590 5294 et
1620 5245 1705 5311 qui
1726 5247 1986 5302 audierint
2015 5252 2088 5303 vi-

547 5329 692 5374 vent.
715 5322 812 5386 Qui
843 5322 1101 5376 audierint
1127 5323 1276 5390 dixit,
1311 5329 1397 5394 qui
1440 5333 1518 5383 obi
1539 5333 1750 5399 dierint,
1783 5341 1866 5405 qui
1913 5343 2085 5396 credi-

547 5413 743 5488 derint,
771 5423 824 5465 et
851 5428 1014 5480 usque
1046 5415 1096 5465 in
1129 5416 1284 5467 linem
1316 5429 1765 5483 perseveraverint
1803 5446 1814 5478 :
1853 5445 1947 5484 nec
1967 5432 2089 5488 fecit

547 5481 631 5553 hic
663 5503 816 5555 ullam
845 5502 1191 5558 diil‘erentiam
1223 5505 1477 5561 bonorum
1510 5523 1563 5563 et
1608 5515 1884 5579 malorum,
1915 5524 2085 5573 omni-

546 5590 642 5645 bus
663 5593 801 5647 enim
829 5593 1020 5648 bonum
1052 5604 1133 5650 est
1159 5594 1342 5652 audire
1372 5613 1551 5656 vocem
1583 5603 1719 5671 ejus,
1742 5617 1792 5659 ct
1817 5606 1992 5666 vivere
2021 5614 2085 5664 ad

2191 4535 2239 4589 in
2273 4538 2435 4602 prima
2462 4552 2576 4602 qum
2615 4538 2906 4593 animarum
2949 4549 3031 4592 est
3078 4555 3181 4593 non
3232 4552 3526 4611 resurgunt.
3568 4542 3692 4595 Venit

2188 4627 2327 4681 enim
2360 4625 2485 4678 liora
2511 4627 2596 4680 ubi
2625 4643 2724 4681 non
2748 4631 2841 4692 sit,
2868 4640 2918 4683 et
2948 4645 3084 4683 nunc
3106 4639 3208 4693 est,
3233 4632 3354 4698 quia
3394 4633 3444 4685 in
3488 4633 3580 4685 line
3615 4632 3692 4684 erit

2189 4717 2387 4780 smculi,
2431 4717 2528 4772 hoc
2561 4725 2662 4788 est,
2695 4719 2743 4770 in
2773 4718 2953 4773 ultimo
2993 4729 3044 4772 et
3097 4723 3327 4775 maximo
3373 4723 3562 4788 judicio
3603 4719 3691 4780 Dei.

2191 4808 2400 4874 quando
2430 4821 2613 4859 omnes
2641 4809 2727 4874 qui
2759 4810 2807 4860 itt
2838 4812 3186 4862 monumentis
3229 4821 3353 4863 sunt
3380 4811 3582 4863 audient
3617 4823 3690 4859 vo-

2196 4914 2308 4951 cem
2345 4898 2457 4965 ejus
2478 4908 2529 4950 et
2555 4901 2854 4963 procedent.
2882 4900 2992 4952 Non
3044 4901 3171 4953 dixit
3213 4901 3626 4968 quemadmodum
3652 4901 3688 4947 in

2198 4990 2383 5053 prima,
2413 4998 2462 5039 et
2493 4988 2580 5053 qui
2613 4987 2874 5040 audierint
2895 4989 3087 5050 vivent,
3111 5004 3212 5041 non
3242 4994 3382 5042 enim
3430 5005 3595 5042 omnes
3633 5005 3688 5035 rv-

2196 5086 2338 5141 vent,
2369 5078 2570 5131 scilicet
2606 5093 2663 5132 ea
2698 5082 2795 5130 vita
2836 5095 2972 5146 qum,
3013 5081 3255 5148 quoniam
3302 5084 3445 5134 beata
3487 5093 3576 5138 est,
3601 5080 3685 5131 toi:

2199 5170 2301 5220 vita
2330 5168 2551 5222 dicenda
2576 5180 2673 5222 est.
2701 5169 2829 5222 Nam
2867 5171 3043 5235 utique
3083 5186 3184 5221 non
3223 5172 3340 5223 sine
3383 5171 3684 5238 qualicunque

2196 5261 2299 5310 vita
2330 5268 2538 5325 possent
2575 5259 2772 5321 audire,
2818 5269 2868 5312 et
2914 5258 2980 5312 de
3029 5260 3382 5311 monumentis
3426 5265 3682 5325 resurgant:

2193 5362 2350 5400 carne
2382 5349 2680 5414 procedere.
2710 5348 2878 5412 Quare
2899 5357 3070 5401 autem
3103 5364 3205 5401 non
3229 5363 3415 5401 omnes
3451 5351 3616 5410 vivent,
3641 5346 3679 5400 ιι

2193 5453 2257 5491 εο
2284 5438 2418 5505 quod
2451 5438 2682 5505 sequitur
2706 5439 2855 5491 docet
2882 5456 2893 5489 :
2920 5439 3016 5502 Qui
3048 5438 3203 5500 bona,
3243 5438 3424 5507 inquit,
3455 5440 3613 5495 facete.
3638 5440 3676 5487 ia

2195 5529 2628 5582 resurrectionem
2678 5529 2814 5591 vitm,
2860 5528 2911 5580 hi
2941 5538 3065 5580 sunt
3106 5529 3194 5596 qui
3237 5531 3410 5583 vivent
3466 5530 3544 5597 qui
3581 5539 3677 5577 rm

2197 5618 2329 5672 mala
2407 5627 2624 5686 egerunt
2654 5655 2672 5682 ,
2733 5618 2784 5670 in
2867 5617 3300 5676 resurrectionem
3365 5619 3571 5686 judicii,
3632 5615 3673 5668 hi
