3886 6224
55 318 186 372 773
1219 301 1642 360 TllESAUIiUS.
1683 300 1834 352 CAP.
1877 297 2158 352 CXXXIV.
3182 299 3286 352 7η

55 439 205 481 sum
237 429 327 496 qui
357 442 458 480 non
489 425 679 482 vivent,
711 423 828 491 quia
861 418 1088 474 secundi
1130 425 1298 470 morte
1322 415 1628 468 morientur.
1664 414 1710 471 Α
1744 407 1866 460 mini
1893 409 2222 475 prmsentiam
2240 405 2597 460 crederentur.
2621 404 2922 458 Nametiam
2937 418 3032 458 nos
3056 405 3154 459 hoc
3176 406 3291 475 opi-

59 521 218 576 Mala
254 495 448 589 quippe
476 516 990 587 egerunt,~quoniam
1025 501 1161 564 male
1191 510 1465 570 vixerunt;
1498 508 1634 558 ma'c

1777 498 1846 549 ati
1863 497 2052 550 fuimus
2067 496 2366 564 aliquando.
2382 495 2482 556 Sed
2493 510 2612 548 cum
2633 497 2726 549 eos
2746 495 2830 556 qui
2849 504 2971 546 tunc
2987 508 3291 548 resurrexe-

62 583 560 672 aurem-viserent,
590 607 708 674 quia
741 604 790 658 in
823 605 988 671 prima
1016 617 1132 669 qua:
1161 612 1298 652 nunc
1327 607 1407 653 est
1434 598 1638 650 atiima-
1751 586 2050 641 tintdicant
2073 585 2578 638 itnmoderattssimis
2594 583 3292 652 carnalibusepulisvacatu-

66 718 206 754 rum
231 697 619 757 resurrectione
650 711 750 748 non
781 694 1082 748 revixerunt
1107 707 1120 742 :
1145 690 1265 757 quia
1287 691 1336 742 in
1361 689 1524 758 prima
1548 697 1641 739 aut

1769 690 1846 735 os,
1873 675 1923 727 in
1953 677 2143 743 quibus
2168 675 2314 727 cibus
2341 673 2410 727 sit
2436 682 2612 726 tantus
2636 686 2698 725 ac
2720 681 2895 742 potus,
2913 683 2967 724 ut
2992 687 3096 726 non
3119 671 3289 723 solum

68 793 128 842 in
164 805 238 843 eo
269 791 406 856 quod
431 793 822 840 resurrexerunt
862 778 1200 852 [revixerant]
1232 795 1334 832 non
1382 780 1431 832 in
1482 779 1636 830 ﬁnem

71 895 266 949 usque
292 885 617 933 manserunt.
650 875 796 928 Sicut
817 887 942 939 ergo
968 872 1084 924 dua:
1120 867 1640 957 suntvregcnerntio-

72 985 209 1027 nes.
243 968 313 1019 de
341 968 525 1034 quibus
547 966 564 1033 j
585 980 654 1016 im
685 977 842 1031 supra
874 963 1078 1014 locutus
1115 974 1229 1011 sum
1259 974 1272 1010 :
1303 972 1404 1011 una
1450 972 1638 1010 secun-

72 1059 220 1109 dum
251 1057 430 1117 ﬁdem,
461 1072 573 1124 quae
601 1071 736 1108 nunc
761 1056 814 1107 llt
847 1069 940 1121 per
965 1052 1310 1118 baptismum;
1335 1049 1434 1101 alia
1459 1063 1643 1102 secun-

74 1147 220 1196 dum
265 1160 497 1201 carnem.
532 1159 646 1211 quae
697 1142 782 1194 ﬁet
818 1143 867 1193 in
911 1140 1024 1208 ejus
1065 1137 1453 1204 incorruptione
1491 1144 1644 1202 atque

78 1236 497 1289 immortalitate
529 1233 780 1301 perjatdie
804 1215 886 1284 um
929 1245 1170 1299 magnum
1217 1240 1374 1296 atque
1415 1227 1644 1278 novissi-

81 1339 242 1375 niuru
267 1340 281 1386 ;
303 1322 375 1374 ita
392 1335 503 1375 sunt
523 1334 574 1376 et
594 1320 1167 1374 t-esnrrectionesduaa:
1193 1333 1290 1370 una
1317 1318 1502 1384 prima,
1531 1330 1647 1383 quze

87 1423 147 1464 et
172 1427 320 1464 nunc
345 1421 508 1474 est,et
538 1413 823 1463 animarum
840 1420 1069 1477 est,quat
1084 1408 1260 1462 venire
1277 1423 1378 1460 non
1395 1405 1649 1474 permittit

91 1504 150 1553 in
187 1512 416 1553 mortem
447 1500 764 1562 set-undam;
800 1486 900 1550 alia
925 1501 1174 1561 secunda,
1205 1513 1320 1564 qua:
1350 1512 1452 1550 non
1489 1512 1646 1558 nunc,

84 1589 189 1642 sed
225 1590 278 1641 in
302 1589 478 1642 seculi
510 1589 609 1641 ﬁne
638 1587 809 1640 futura
837 1598 934 1647 cst,
965 1602 1062 1640 nec
1081 1589 1394 1649 animarum,
1416 1585 1507 1638 sed
1529 1600 1648 1636 cor-

89 1695 292 1745 porum
316 1689 413 1742 est,
446 1692 560 1745 qua!
583 1691 676 1745 per
701 1677 936 1729 ultimum
964 1675 1214 1742 judicium
1244 1674 1373 1726 alios
1404 1675 1572 1725 mittet
1600 1674 1650 1725 in

1746 764 1940 816 nullam
1965 764 2274 817 modestiam
2301 759 2638 825 teneant,sed
2652 761 2861 814 modum
2892 776 3097 829 quoque
3129 761 3293 828 ipsius

1743 852 2122 906 incredulitatis
2150 851 2423 911 excedant,
2449 851 2593 902 nullo
2628 850 2786 902 modo
2812 849 2905 901 ista
2937 858 3152 916 possunt
3180 850 3280 900 nisi

1741 943 1849 1010 90
1877 958 1903 991 a
1936 940 2234 994 carnalibus
2261 940 2427 992 credi.
2453 939 2514 990 lli
2542 950 2713 990 autem
2744 938 2831 1006 qui
2858 937 3117 1005 spiritales
3142 945 3284 996 sunt,

1751 1032 1878 1082 istos
1909 1030 1981 1081 ita
2013 1029 2297 1084 credentes
2329 1030 2599 1097 xthaarair
2631 1026 2900 1093 appellant
2927 1039 3098 1094 κτωςο
3135 1040 3289 1076 voca—

1752 1118 1872 1170 bulo
1894 1159 1908 1181 ,
1943 1131 2074 1184 quos
2100 1116 2316 1168 verbum
2345 1132 2374 1169 e
2404 1116 2565 1170 verbo
2608 1115 2968 1181 cXprimentes
2997 1127 3092 1164 nos
3125 1113 3291 1178 possi-

1747 1221 1863 1258 mus
1892 1205 2165 1256 milliirios
2191 1217 2512 1270 nuncupare.
2545 1203 2648 1255 Eos
2671 1212 2842 1255 autem
2871 1201 3078 1269 longum
3101 1211 3184 1254 est
3213 1216 3294 1254 re-

1749 1295 1930 1347 fellere
1960 1293 2024 1346 ad
2053 1293 2261 1361 singula
2290 1335 2303 1356 ,
2349 1291 2442 1345 sed
2486 1292 2658 1358 petius
2687 1290 3120 1358 quemadmodum
3163 1290 3294 1341 scri-

1751 1396 1899 1452 ptura
1949 1387 2060 1436 haac
2105 1382 2412 1452 accipienda
2464 1382 2531 1434 sit
2557 1384 2662 1447 jam
2693 1379 2946 1432 debemus
2996 1379 3292 1430 ostendere.

1752 1474 1836 1527 Ait
1864 1477 1973 1544 ipse
2001 1474 2248 1526 Dominus
2262 1471 2411 1524 Jesus
2427 1470 2688 1534 Christus,
2707 1468 2867 1520 Nemo
2886 1476 3052 1534 potest
3079 1468 3296 1520 introire

1753 1565 1804 1616 in
1835 1564 2048 1616 domum
2097 1561 2266 1626 fortis,
2319 1569 2372 1613 ct
2417 1574 2538 1614 vasa
2588 1559 2706 1625 ejus
2749 1560 2955 1628 eripere
3001 1558 3098 1609 nisi
3129 1559 3298 1624 primo

1754 1653 2047 1723 alligaverit
2073 1652 2283 1714 fortem,
2311 1649 2578 1702 diabolum
2621 1647 2802 1700 volens
2832 1646 3051 1710 intelligi
3083 1649 3293 1706 lOI‘lt'lll.

87 1769 394 1822 secundam
426 1776 666 1832 mortem,
698 1767 826 1824 alios
851 1768 899 1819 in
922 1782 1036 1820 eam
1062 1767 1218 1820 vitam
1248 1779 1366 1835 quin
1408 1780 1508 1817 non
1554 1764 1642 1816 ha-

1768 1744 1872 1812 juia
1903 1744 2014 1809 ipse
2062 1755 2228 1809 genus
2258 1741 2540 1791 humanum
2585 1738 2753 1804 potuit
2801 1747 2979 1788 tenere
3011 1737 3298 1802 captivum,

89 1861 186 1910 bet
218 1867 466 1914 mortem.

610 1968 828 2025 CAPUT
866 1969 1147 2026 CXXXIV.

101 2078 187 2132 De
220 2079 420 2134 duabus
450 2081 884 2133 resurrectiout'bvs
913 2090 959 2130 et
993 2080 1130 2130 mille
1149 2081 1327 2142 annis;
1358 2095 1418 2133 ex
1443 2079 1566 2134 libro
1596 2083 1656 2134 de

663 2148 870 2201 Civilate
901 2147 993 2198 Dei
1024 2163 1110 2200 xx.

173 2276 255 2326 De
322 2275 401 2326 his
452 2274 649 2327 duabtt-t
717 2275 1064 2327 resurrvcﬁon
1094 2274 1187 2327 bus
1239 2276 1372 2328 idem
1413 2267 1656 2329 Joannes

99 2365 451 2432 l-Ltangelista
477 2366 526 2415 in
550 2365 680 2416 libro
709 2365 795 2431 qui
823 2365 1010 2416 dicitur
1040 2364 1380 2433 Apocalypsis
1409 2380 1471 2418 eo
1503 2363 1656 2417 modo

98 2457 324 2507 locutus
355 2461 454 2515 est,
487 2463 539 2504 ttt
572 2467 749 2505 earum
805 2454 991 2520 prima,
1039 2467 1065 2504 a
1111 2453 1420 2520 quibusdam
1452 2454 1661 2506 'IIOSll‘iS

98 2561 213 2597 non
247 2543 533 2606 intellecta,
558 2543 770 2610 insuper
814 2544 971 2596 etiam
1021 2543 1069 2593 in
1112 2542 1364 2608 quasdam
1417 2543 1662 2595 ridiculus

102 2633 322 2684 fabulas
363 2641 668 2683 verteretur.
726 2631 808 2682 Ait
845 2632 1036 2698 quippe
1098 2630 1148 2682 in
1200 2631 1331 2682 libro
1376 2641 1661 2682 memorato

99 2723 349 2776 Joannes
377 2723 684 2787 apostolus:
726 2722 784 2774 Et
824 2721 928 2774 vidi
974 2721 1214 2789 angelum
1260 2721 1660 2773 descendentem

102 2815 174 2868 de
218 2815 390 2876 caelo,
437 2813 710 2864 habentem
749 2813 946 2864 clavem
992 2813 1189 2880 abyssi,
1235 2822 1285 2865 et
1332 2823 1568 2864 catenam
1616 2812 1663 2863 in

106 2919 276 2957 manu
309 2916 425 2968 sua,
456 2911 506 2954 et
540 2902 701 2954 tenuit
724 2901 1002 2953 draconem
1036 2901 1180 2951 illum
1211 2908 1506 2967 serpentem
1529 2899 1663 2951 anti-

108 3009 280 3060 quum
332 2991 419 3058 qui
463 2990 857 3057 cognominatus
895 3000 975 3042 est
1029 2989 1268 3041 diabolus
1309 2997 1360 3041 ct
1407 2987 1662 3052 Satanae,

110 3081 359 3147 alligavit
381 3079 522 3130 illum
550 3079 688 3130 mille
713 3079 879 3138 annis,
906 3086 955 3130 et
984 3078 1121 3130 misit
1146 3078 1289 3128 illum
1317 3076 1365 3127 in
1397 3075 1666 3143 abyssum,

113 3181 169 3224 et
200 3168 398 3222 clausit
421 3177 473 3220 et
502 3165 722 3234 signavit
757 3180 911 3232 super
952 3181 1092 3226 eum,
1138 3150 1190 3216 ut
1249 3179 1351 3217 non
1393 3165 1666 3217 seduceret

112 3259 224 3322 jam
279 3265 465 3324 gentes
512 3255 679 3332 dopec
722 3254 964 3305 ﬁniantur
1012 3252 1150 3306 mille
1194 3252 1334 3313 anui,
1392 3268 1423 3318 p
1458 3262 1504 3304 st
1557 3251 1668 3304 hinc

116 3351 338 3410 oportet
368 3358 484 3395 eum
512 3341 640 3394 solvi
683 3341 825 3393 brevi
875 3350 1138 3405 tempore;
1180 3349 1232 3391 et
1271 3338 1372 3392 vidi
1418 3339 1570 3390 sedes
1616 3347 1669 3391 et

117 3434 377 3486 sedentes
404 3445 560 3494 super
586 3444 696 3493 eas,
733 3440 787 3482 et
821 3430 875 3496 ju
899 3429 1072 3480 licium
1103 3430 1280 3480 datum
1310 3437 1389 3481 est
1418 3426 1585 3497 [illis],
1618 3436 1670 3481 et

119 3523 317 3573 anima:
340 3519 636 3578 occisorum
669 3533 798 3585 prop
821 3533 878 3570 er
907 3518 1265 3569 testiinonium
1294 3516 1440 3582 Jesu,
1469 3529 1517 3569 et
1552 3531 1670 3583 pro-

122 3623 243 3676 pter
276 3607 493 3660 verbum
523 3608 633 3670 Dei,
658 3616 710 3660 et
738 3607 780 3660 si
806 3609 889 3672 qui
917 3621 1017 3659 neu
1062 3607 1411 3658 adoraverunt
1450 3606 1666 3659 bestiam

125 3712 223 3748 nec
257 3697 539 3761 imaginem
563 3696 693 3763 ejus,
718 3709 886 3761 neque
922 3704 1235 3760 acceperunt
1277 3694 1667 3760 inscriptionem

127 3789 176 3837 in
202 3787 382 3836 fronte
407 3792 494 3834 aut
523 3788 572 3834 in
605 3798 890 3844 manusua,
915 3793 964 3835 et
995 3791 1340 3849 regnaverunt
1384 3795 1503 3834 cum
1546 3781 1668 3833 Jesu

128 3877 279 3927 mille
341 3873 514 3934 annis,
580 3873 760 3939 reliqui
812 3888 991 3924 eorum
1047 3887 1149 3924 non
1207 3872 1450 3923 vixerunt
1504 3870 1670 3922 doiec

131 3965 384 4016 finiantur
436 3963 575 4015 mille
623 3962 765 4013 anni.
817 3961 937 4014 Haac
989 3960 1301 4013 resurrectio
1351 3958 1512 4024 prima
1568 3966 1668 4011 et.

134 4041 329 4104 lle-atus
359 4061 410 4104 et
436 4061 641 4104 sanctus
674 4061 774 4113 est,
803 4051 887 4117 qui
920 4051 1072 4101 habet
1103 4051 1152 4100 in
1187 4051 1282 4101 hac
1308 4049 1468 4114 prima
1501 4063 1673 4099 resur-

133 4146 374 4197 rertione
401 4155 620 4207 pirtem.
652 4141 704 4191 lu
748 4141 860 4191 istis
906 4139 1131 4190 secunda
1175 4151 1316 4188 mors
1359 4151 1462 4187 non
1519 4137 1670 4187 habet

135 4239 470 4298 poestatem,
499 4230 588 4280 sed
623 4238 775 4280 erttnt
817 4227 1116 4279 sacerdotes
1149 4227 1237 4279 Dei
1267 4234 1320 4276 et
1357 4223 1566 4284 Christi,
1621 4235 1674 4278 et

136 4320 432 4387 regnabunt
451 4332 567 4368 eum
596 4316 682 4367 illo
715 4315 853 4368 mille
877 4316 1044 4366 annis.
1069 4313 1167 4378 Qui
1198 4321 1409 4379 propter
1437 4312 1547 4364 haec
1581 4314 1672 4363 litt-

1754 1850 1880 1886 vasa
1905 1848 2033 1887 vero
2060 1835 2176 1898 ejus
2204 1847 2318 1898 qua-
2351 1831 2524 1882 fuerat
2544 1838 2838 1896 erepturus,
2873 1828 3050 1880 lideles
3078 1841 3202 1879 suos
3228 1828 3300 1878 lu-

1756 1933 1922 1984 turos,
1951 1938 2081 1989 q-ios
2105 1922 2190 1974 ille
2223 1921 2271 1972 in
2301 1920 2528 1971 diversis
2570 1917 2797 1984 peccatis
2827 1927 2985 1982 atque
3014 1913 3299 1982 impietati-

1757 2014 1852 2064 bus
1884 2009 2201 2078 possidebat.
2248 2007 2310 2060 Ut
2342 2021 2467 2076 ergo
2511 2005 2811 2072 alligaretur
2842 2004 2928 2057 hic
2969 2004 3139 2066 fortis,
3173 2019 3302 2072 pro-

1757 2111 1932 2166 pterea
1967 2100 2064 2149 iste
2111 2097 2394 2166 Apostolus
2435 2096 2485 2148 in
2535 2094 2846 2162 Apocolypsi
2888 2093 3017 2146 vidit
3058 2095 3298 2161 angelum

1758 2173 2164 2241 descendentem
2211 2189 2274 2240 de
2305 2189 2458 2251 coalo,
2511 2187 2788 2240 habentem
2819 2187 3018 2238 clavem
3049 2185 3218 2254 abyssi
3251 2194 3304 2236 et

1757 2288 1995 2330 catenam
2029 2279 2078 2329 in
2110 2293 2265 2329 manu
2299 2292 2391 2329 sua
2441 2295 2452 2327 :
2486 2277 2551 2329 Et
2581 2276 2763 2337 tenuit,
2801 2275 2990 2340 inquit,
3022 2273 3302 2327 draconem

1761 2366 1908 2418 illum
1939 2374 2238 2433 serpentem
2270 2367 2543 2431 antiquum
2578 2357 3077 2432 quicoguominatus
3100 2365 3304 2417 estdia-

1761 2455 1910 2508 bolus
1941 2467 1991 2508 et
2029 2467 2262 2517 satanas,
2308 2466 2360 2507 et
2389 2453 2618 2521 alligavit
2646 2455 2792 2505 illum
2827 2455 2970 2506 mille
3008 2455 3180 2517 annis,
3207 2454 3306 2507 hoc

1762 2556 1869 2606 est,
1915 2545 2029 2614 ejus
2062 2555 2372 2610 potestatem
2402 2545 2465 2597 ab
2494 2545 2571 2596 t-is
2599 2544 2911 2597 seducendis
2939 2553 3097 2614 atque
3137 2546 3306 2613 possi-

1763 2640 1950 2692 dendis
1981 2641 2066 2707 qui
2101 2640 2301 2693 fuerant
2334 2640 2587 2693 liberandi
2615 2639 2844 2691 cohibuit
2887 2649 3040 2706 atque
3063 2637 3308 2691 frenavit.

1767 2728 1905 2780 Mille
1953 2736 2125 2780 autem
2171 2727 2290 2779 anni
2339 2728 2543 2780 duobus
2590 2727 2757 2778 tnodis
2791 2734 3030 2792 possunt,
3057 2735 3312 2793 quantum

1766 2817 1890 2868 mihi
1916 2818 2163 2878 occurrit,
2190 2817 2404 2884 intelligi
2425 2835 2436 2866 :
2457 2825 2544 2868 aut
2571 2816 2690 2882 quia
2715 2814 2763 2866 in
2791 2816 2980 2866 ultimis
3007 2816 3240 2866 annistni
3267 2820 3313 2868 le

1768 2904 1866 2956 ista
1890 2917 1972 2954 res
1994 2913 2185 2970 agtur,
2216 2905 2263 2955 id
2306 2911 2416 2967 est,
2441 2912 2587 2956 sexto
2617 2917 2870 2955 annorum
2905 2904 3170 2966 nillliario,
3202 2911 3311 2955 tan-

1768 3005 1922 3056 quam
1948 3002 2102 3042 sexto
2133 2993 2216 3044 die
2245 2991 2392 3058 cujus
2415 3007 2552 3046 nunc
2580 2991 2744 3056 spatia
2778 2991 3068 3057 poSIeriora
3100 2993 3313 3043 volvun-

1697 3085 1741 3144 ε
1775 3088 1884 3142 tur,
1918 3090 2161 3132 secuturo
2190 3080 2376 3132 deinde
2418 3081 2638 3133 sabbato
2681 3082 2820 3150 quod
2863 3096 2964 3132 non
3016 3065 3169 3132 habet
3204 3096 3314 3132 tes-

1769 3183 1970 3234 peraui,
2004 3169 2212 3235 requies
2241 3169 2442 3221 scilicet
2469 3178 2766 3222 sanctorum
2794 3183 2910 3235 quae
2940 3183 3042 3220 non
3073 3168 3228 3220 habet
3254 3169 3302 3219 li-

1769 3269 1910 3319 nem,
1959 3265 2014 3307 ut
2041 3256 2194 3322 hujus
2240 3256 2477 3309 milliarii
2528 3266 2772 3323 tanquam
2823 3255 2926 3308 diei
2981 3257 3315 3310 novissimam

1770 3353 1967 3410 partem
2013 3359 2127 3411 quae
2170 3344 2472 3396 remanebat
2502 3359 2668 3411 usque
2713 3345 2774 3396 ad
2809 3344 3086 3396 terminum
3135 3347 3312 3396 smeuli

1770 3433 1908 3485 mille
1936 3449 2103 3486 annos
2128 3435 2489 3502 appellaverit,
2522 3449 2584 3486 eo
2613 3434 2858 3500 loquendi
2893 3434 3048 3498 modo
3075 3448 3178 3502 quo
3202 3451 3320 3500 pars

1768 3522 2089 3590 signiﬁcatur
2119 3538 2144 3573 a
2176 3532 2285 3576 toto
2331 3533 2420 3574 aut
2460 3532 2603 3575 certe
2640 3524 2779 3575 mille
2809 3536 3005 3584 annos;
3047 3537 3139 3589 pro
3169 3537 3320 3574 annis

1780 3611 2025 3663 omnibus
2059 3611 2213 3678 hujus
2237 3611 2413 3664 sarculi
2448 3610 2636 3677 posuit,
2664 3620 2717 3661 ut
2741 3608 2972 3676 perfecto
2995 3626 3211 3663 numero
3238 3626 3323 3661 no-

1774 3709 1981 3751 taretur
2020 3699 2130 3765 ipsa
2164 3701 2414 3764 temporis
2452 3697 2741 3764 plenitudo.
2781 3697 3102 3749 Millenarius
3132 3696 3325 3765 quippe

1771 3804 2018 3839 numerus
2048 3788 2245 3838 denarii
2277 3789 2478 3838 numeri
2508 3787 2820 3854 quadratum
2852 3787 3076 3838 solidum
3108 3788 3280 3840 reddit
3309 3804 3323 3839 :

1771 3877 1953 3929 decem
1980 3877 2170 3944 quippe
2201 3876 2376 3928 tlecies
2402 3875 2557 3928 ducta
2583 3878 2712 3927 liunt
2741 3885 2978 3938 centum,
3015 3892 3131 3944 qua:
3169 3880 3324 3930 etiam

1773 3967 1934 4036 ﬁgura
1962 3969 2240 4036 quadrata,
2273 3969 2364 4020 sed
2409 3969 2559 4032 plana
2592 3978 2688 4021 est.
2725 3968 2791 4022 Ut
2819 3978 2990 4022 autem
3021 3973 3070 4024 in
3098 3963 3326 4024 θΙιίιυιΙὶὲ

1779 4071 1894 4108 neut
1927 4066 2146 4124 surgat,
2181 4067 2232 4110 et
2270 4056 2434 4108 solida
2481 4056 2591 4121 ﬁat,
2635 4072 2842 4110 rursum
2888 4069 3096 4111 centum
3146 4061 3324 4113 decies

1774 4147 2187 4212 multiplicantur
2230 4155 2282 4198 et
2324 4145 2467 4198 mille
2494 4155 2635 4198 sunt.
2688 4147 2854 4198 Porro
2899 4147 2942 4199 si
2973 4157 3182 4202 centum
3217 4152 3328 4218 ipsa

1776 4250 1872 4302 pro
1902 4235 2240 4288 universitate
2261 4234 2552 4302 aliquando
2576 4246 2858 4300 ponuntur,
2891 4236 3045 4303 quale
3069 4239 3191 4290 illud
3217 4251 3319 4300 est,

1775 4323 1912 4389 quod
1940 4323 2189 4374 Dominus
2213 4323 2387 4374 omnia
2415 4335 2507 4372 sua
2535 4322 2812 4374 dimittenti
2841 4333 2893 4376 et
2917 4324 3058 4375 illum
3087 4329 3328 4390 sequenti

136 4409 213 4474 ius
282 4409 399 4460 libri
453 4406 607 4458 verba
676 4404 891 4469 primam
949 4403 1386 4454 resurrecuonem
1444 4402 1664 4452 futuram

1773 4411 2251 4481 promittitdicens,
2285 4410 2517 4477 Accipiet
2546 4411 2594 4461 in
2633 4411 2729 4461 hoc
2770 4411 2962 4463 saeculo
2988 4415 3324 4478 centuplum;

137 4497 384 4564 Sllspll‘ali
414 4506 534 4547 sunt
555 4495 897 4559 corporalem,
929 4493 1270 4544 iiiterewtera
1304 4492 1530 4544 maxime
1579 4507 1671 4543 au-

141 4601 327 4636 nornnt
361 4597 577 4635 numero
607 4583 745 4633 mille
776 4581 991 4646 permoti
1021 4590 1160 4640 sunt,
1187 4589 1429 4645 tanquam
1458 4590 1670 4645 Oporte-

140 4678 285 4728 retin
334 4674 524 4726 sanctis
571 4670 726 4740 iistis'l
757 4686 818 4721 eo
861 4670 1036 4732 modo,
1070 4674 1206 4722 velut
1252 4671 1377 4722 tanti
1425 4674 1673 4736 temporis

145 4764 246 4818 ﬁeri
270 4766 648 4816 sabbatismum
678 4779 690 4812 :
721 4761 988 4814 vacatione
1025 4761 1223 4813 scilicet
1243 4769 1421 4815 sancta
1451 4770 1566 4826 post
1596 4762 1672 4812 la-

145 4855 289 4909 bores
319 4870 568 4906 anuorum
591 4868 682 4904 sex
711 4853 928 4904 millium
953 4865 1014 4903 ex
1038 4866 1138 4917 quo
1162 4860 1366 4903 creatus
1390 4860 1468 4903 est
1493 4851 1669 4916 homo,

147 4959 188 4996 et
219 4947 388 5013 magni
423 4947 557 4996 illius
586 4944 779 5009 peccati
828 4939 1012 4993 merito
1055 4941 1104 4991 in
1148 4939 1302 5005 hujus
1349 4939 1675 4992 mortalitatis

149 5049 401 5087 :ernmnas
425 5034 491 5086 de
522 5033 741 5098 paradisi
773 5031 1020 5083 felicitate
1053 5029 1296 5080 dimissus
1328 5040 1428 5093 est,
1462 5040 1516 5080 ut
1549 5045 1677 5096 quo-

155 5125 280 5175 niam
322 5123 574 5189 scriptum
599 5129 702 5182 est,
740 5118 878 5170 L‘nus
906 5118 1018 5170 dies
1046 5118 1179 5183 apud
1230 5119 1501 5170 Dominum
1545 5121 1679 5170 sicut

157 5211 291 5264 mille
315 5213 457 5272 anni,
488 5221 539 5263 et
570 5209 712 5261 mille
740 5209 859 5260 anni
891 5207 1024 5258 sicut
1052 5206 1164 5258 dies
1187 5222 1341 5267 unus,
1379 5222 1467 5259 sex
1511 5223 1678 5258 anno-

154 5314 260 5352 rum
287 5301 532 5362 millibus,
567 5308 807 5363 tanquam
841 5314 929 5349 sex
954 5297 1136 5350 diebus
1158 5297 1402 5362 impletis,
1433 5307 1683 5364 sequatur

155 5390 286 5439 velut
310 5391 560 5455 septimus
575 5387 775 5439 sabbati
798 5388 846 5438 in
865 5385 1013 5437 annis
1028 5386 1169 5437 mille
1185 5385 1483 5451 postremis,
1506 5385 1688 5438 adhoc

158 5477 348 5530 scilicet
369 5479 638 5529 sabbatum
670 5475 1034 5528 celebrandum
1059 5473 1453 5542 resurgentibus
1475 5475 1688 5528 sanctis.

172 5567 278 5629 Qua:
304 5569 476 5634 opinio
492 5576 630 5620 esset
661 5575 920 5632 utrunque
942 5565 1248 5626 tolerabilis,
1283 5566 1323 5616 si
1352 5564 1536 5631 aliqua:
1567 5566 1695 5618 deli-

172 5655 248 5703 ςὶιι·
275 5673 318 5716 si
338 5658 528 5728 irital’es
551 5658 599 5708 in
625 5657 709 5708 illo
725 5655 944 5708 sabbato
961 5656 1213 5706 adfutura:
1255 5655 1450 5706 sanctis
1475 5669 1564 5720 per
1598 5655 1693 5708 Do~

1781 4504 1918 4570 quod
1945 4516 2222 4567 exponens
2253 4500 2636 4568 quodammodo
2681 4501 2962 4564 Apostolus
2992 4502 3064 4554 ait
3102 4519 3114 4556 :
3161 4504 3324 4567 Quasi

1781 4592 1910 4643 nihil
1945 4591 2218 4652 habentes,
2263 4599 2314 4640 et
2361 4589 2533 4641 omnia
2568 4589 2928 4652 possidentes,
2960 4590 3078 4655 quia
3109 4599 3162 4642 et
3204 4600 3328 4640 ante

1773 4680 1879 4746 jam
1910 4679 2102 4731 dictum
2136 4689 2268 4738 erat,
2299 4676 2498 4728 Fidelis
2529 4676 2751 4726 hominis
2782 4685 2921 4727 totus
2946 4676 3170 4728 mundus
3199 4677 3330 4728 divi-

1780 4769 1965 4820 tiarum
1997 4777 2095 4828 est,
2127 4775 2320 4831 quanto
2373 4764 2535 4829 magis
2568 4763 2711 4816 mille
2743 4778 2835 4826 pro
2866 4764 3206 4816 universitate
3235 4780 3330 4830 po-

1781 4872 1812 4908 n
1837 4865 1995 4916 uitur,
2026 4855 2112 4906 ubi
2135 4862 2217 4905 Cal
2241 4854 2476 4904 soliditas
2505 4853 2668 4918 ipsius
2697 4853 2924 4904 denaria:
2967 4853 3329 4918 quadraturze,

1782 4948 1917 4998 unde
1958 4961 2052 4996 nec
2104 4943 2231 4996 illud
2282 4944 2467 4996 melius
2509 4943 2834 5009 intelligitur,
2879 4943 3014 5006 quod
3046 4942 3096 4994 in
3129 4944 3334 5008 psalmo

1782 5038 1986 5101 legitur,
2020 5038 2213 5086 Mentor
2244 5035 2337 5086 luit
2365 5034 2414 5084 in
2437 5034 2682 5085 stcculum
2712 5033 3033 5084 Testamenti
3063 5033 3162 5093 sui,
3187 5035 3331 5086 verbi

1780 5131 1913 5193 quod
1945 5127 2206 5177 mandaVit
2235 5126 2284 5176 in
2311 5124 2460 5180 Jttille
2492 5123 2879 5190 generationes,
2912 5122 2959 5173 id
2990 5131 3089 5184 est,
3123 5123 3172 5174 in
3207 5138 3323 5173 0m-

1784 5229 1897 5267 nes.
1935 5214 1999 5265 Et
2028 5212 2168 5264 misit
2198 5214 2368 5272 illum,
2403 5212 2601 5277 inquit,
2637 5211 2687 5262 iit
2721 5210 2989 5278 abyssum,
3023 5210 3201 5275 utique
3223 5211 3334 5262 ἀίη-

1789 5301 1966 5355 bolum
1999 5301 2137 5352 misit
2168 5301 2218 5352 in
2250 5301 2496 5366 abyssum
2525 5315 2536 5348 :
2567 5313 2670 5365 quo
2701 5302 2912 5349 nomine
2944 5297 3229 5363 signiﬁcata
3255 5309 3334 5350 est

1792 5389 2071 5440 multitudo
2104 5388 2502 5439 innumerabilis
2552 5387 2848 5451 impiorum.
2883 5401 3104 5450 quorum
3145 5385 3192 5437 in
3225 5403 3334 5437 ma-

1796 5479 2034 5547 lignitate
2078 5476 2329 5529 adversus
2382 5474 2664 5527 Ecclesiam
2701 5474 2788 5526 Dei
2834 5474 3052 5526 multum
3083 5475 3333 5542 profunda

1802 5578 1921 5620 sunt
1950 5566 2105 5619 corda
2129 5606 2141 5628 ,
2177 5581 2278 5618 n0u
2304 5567 2421 5631 quia
2455 5566 2522 5617 ibi
2551 5563 2787 5615 diabolus
2814 5574 2933 5616 ante
2962 5579 3062 5616 non
3090 5573 3222 5625 erat,
3243 5565 3336 5615 sed

1809 5659 1924 5711 ideo
1954 5657 2076 5710 illuc
2103 5655 2284 5706 dicitur
2325 5656 2511 5706 missus
2539 5694 2550 5715 ,
2583 5653 2700 5719 quia
2729 5653 2976 5707 exclusus
3020 5669 3047 5704 a
3077 5653 3326 5706 credenti.
