3886 6224
120 195 266 247 777
1305 185 1725 242 TIIESAURUS.
1768 184 1918 238 (I.\I‘.
1961 184 2243 240 CXXXIV.
3279 185 3380 238 πξί

119 319 281 376 pter
312 305 592 376 mysticum
619 301 871 362 chrisma,
904 300 983 352 sic
1005 311 1190 357 omnes
1229 300 1550 366 sacerdotes,
1584 312 1715 367 quo-
1742 302 1793 360 Α
1819 298 1919 352 bus
1947 298 2190 365 gentibus
2211 298 2330 362 erit,
2356 298 2495 365 quod
2525 299 2881 366 significatum
2913 303 2995 351 est
3015 337 3029 359 ,
3065 298 3279 351 nomine
3309 299 3379 351 la-

121 399 302 450 uiam
325 397 559 451 membra
582 401 708 447 sunt
731 392 888 443 unius
914 390 1226 444 sacerdotis.
1265 390 1338 444 De
1377 390 1566 457 quibus
1593 404 1720 457 apo-
1825 387 2061 440 titudinis
2083 395 2237 440 terra:
2257 425 2273 450 ,
2317 387 2386 440 ibi
2415 399 2572 441 erunt
2611 398 2784 441 castra
2832 397 3134 442 sanctorum
3165 387 3253 440 ubi
3282 389 3384 441 erit

122 486 336 538 stoius
361 485 548 537 Petrus
581 499 594 534 :
628 479 799 542 Plebs,
837 479 1025 544 inquit,
1067 488 1246 531 sancta
1269 471 1722 545 regale'sacerdo-
1818 476 2012 532 dilema
2043 476 2151 529 Deo
2195 477 2385 530 civitas
2414 477 2529 544 ejus
2559 519 2574 542 ,
2631 479 2699 532 ibi
2747 479 2813 531 ab
2857 479 3102 532 omnibus
3157 478 3386 532 inimicis

120 575 313 626 tium.
340 574 480 625 Sane
511 571 635 622 licet
658 566 892 620 breviter
935 576 1091 635 atque
1121 577 1458 620 transeunter
1489 569 1721 620 insinua-
1745 593 1747 598 ·
1821 567 1954 633 suis,
1977 569 2096 635 quia
2127 574 2182 620 et
2205 567 2302 635 ipsi
2325 566 2377 618 in
2405 566 2651 627 omnibus
2677 583 2797 621 cum
2827 569 2913 621 illa
2942 568 3183 636 gentibus
3204 579 3384 627 erum,

119 665 223 716 vit
279 677 401 726 esse
449 658 725 712 Dominum
771 656 1058 719 Christum,
1111 657 1376 710 dicendo:
1407 655 1721 711 Sacerdotes
1823 657 2208 726 persecutionis
2239 656 2378 709 il‘ius
2419 658 2743 711 immanitate
2769 659 3029 726 cingetur,
3075 658 3175 713 hoc
3203 666 3286 710 est
3331 657 3384 710 in

117 753 240 806 Dei
281 763 335 806 et
373 749 586 812 Christi,
615 750 712 802 hoc
732 755 816 801 est
857 747 1026 800 Patris
1054 757 1106 801 et
1136 747 1280 811 Filii,
1325 750 1561 816 quamvis
1607 763 1723 816 pro-
1823 747 2097 816 angustias
2128 747 2485 800 tribulationis
2513 747 2822 812 arctabitur,
2854 749 3144 815 urgebitur,
3167 748 3383 802 conclu-

117 852 272 907 pter
306 841 529 892 [oratam
557 838 698 890 servi
728 836 862 889 sicut
885 836 1110 888 hominis
1139 835 1328 896 Filius,
1356 836 1426 888 ita
1454 838 1610 889 etiam
1637 851 1721 890 sa-
1821 836 1996 902 detur,
2028 851 2126 890 nec
2158 836 2400 890 militiam
2428 850 2576 888 suam
2607 835 2841 899 deseret,
2872 853 2989 905 qua:
3019 838 3276 890 vocabulo
3300 849 3386 892 est

116 929 349 983 cel-dos
403 927 646 982 Christus
674 925 896 980 eliectus
925 925 993 979 sit
1023 927 1078 977 in
1126 933 1386 977 aeternum
1430 927 1718 980 secundum
1823 927 2084 992 appellata
2125 935 2444 978 castrorum.
2477 925 2629 990 Quod
2678 940 2804 979 vero
2848 927 2959 992 ait,
3005 935 3060 980 et
3114 927 3388 981 descendit

115 1021 401 1074 ordinem
431 1016 835 1072 Melchisedech.
867 1015 942 1070 De
972 1029 1073 1084 qua
1117 1029 1176 1069 re
1204 1013 1257 1068 in
1302 1015 1402 1068 hnc
1426 1029 1586 1082 opere
1616 1029 1721 1069 non
1824 1011 1960 1079 ignis
1981 1013 2047 1066 de
2075 1016 2212 1065 i-telo
2240 1020 2293 1066 et
2337 1014 2570 1066 comedit
2595 1029 2708 1078 eos,
2744 1029 2847 1067 non
2879 1024 3174 1068 extremum
3204 1023 3388 1082 putan-

114 1110 321 1162 semel
353 1107 599 1162 diximus.
1823 1102 1946 1154 dum
1980 1110 2062 1155 est
2087 1102 2135 1154 id
2158 1117 2277 1156 esse
2303 1103 2623 1170 supplicium
2646 1144 2661 1166 ,
2695 1104 2836 1172 quod
2867 1105 2971 1158 erit
3011 1119 3129 1157 cum
3161 1104 3386 1168 dicetur,

651 1218 878 1274 CAPUT
933 1217 1239 1273 CXXXV".
1825 1189 2093 1245 Discedite
2121 1209 2146 1241 a
2173 1205 2278 1254 me,
2312 1191 2608 1251 maledicti.
2638 1193 2688 1244 in
2731 1193 2905 1259 ignvm
2936 1200 3216 1244 aeternum.
3241 1190 3390 1244 Tunc

119 1329 209 1383 De
244 1327 371 1399 Gog
386 1339 433 1382 et
463 1327 648 1398 Magog
671 1345 795 1396 quos
817 1330 881 1380 ad
902 1329 1297 1399 persequendam
1331 1328 1605 1399 Ecclesium
1633 1327 1717 1382 Dei

1829 1279 2018 1350 quippe
2045 1282 2095 1335 iu
2151 1281 2326 1349 ignem
2371 1280 2644 1336 mittentur
2674 1282 2771 1348 ipsi
2799 1322 2814 1345 ,
2860 1298 2964 1334 non
2995 1282 3129 1350 ignis
3159 1284 3226 1337 de
3251 1284 3388 1338 caelo

1829 1375 1994 1399 ..Α-2-.
2031 1375 2216 1399 ἴλη----
2238 1373 2403 1399 :_-..-'I
2433 1377 2481 1399 2..
2515 1376 2656 1399 2..---
2702 1375 2799 1399 ιιι-
2830 1383 3002 1399 Δηιμ...
3030 1378 3159 1399 L-__-
3193 1377 3358 1399 2--.-113

199 1373 431 1452 tam";
449 1373 793 1464 sistit};
815 1373 1609 1465 ἓιὲἷιῑὶἷᾶἷᾶιῖὸιὶἰ’ὲὶιὲὲῖἆὸῖῐῗέὲ
1633 1373 1723 1452 ;.':
1823 1375 1999 1430 veniet
2031 1375 2217 1448 [ευμεν
2237 1373 2403 1446 ipsos]
2433 1377 2483 1429 in
2515 1376 2681 1443 ίρςοε.
2702 1375 2799 1428 me
3029 1378 3162 1430 te...
3191 1377 3389 1431 una"-

204 1471 344 1520 dem
377 1470 504 1519 libro
534 1482 622 1519 xx.
1822 1466 1965 1534 gitur
1987 1467 2122 1536 ignis
2142 1468 2210 1522 de
2238 1469 2399 1532 creto,
2430 1467 2497 1521 de
2519 1467 2630 1532 ipsa
2664 1467 2910 1520 Iirmitate
2939 1480 3261 1531 sanctorum,
3284 1485 3386 1537 qua

203 1579 284 1632 Et
325 1593 447 1632 eum
491 1577 624 1630 finiti
674 1576 867 1630 fuerint
897 1576 1039 1630 mille
1061 1577 1186 1631 anni
1231 1577 1473 1632 solvetur
1497 1568 1717 1634 Satanas

1829 1571 1929 1608 non
1958 1559 2263 1612 eoneessuri
2309 1565 2434 1610 sunt
2462 1557 2805 1610 saevientibus
2828 1597 2841 1619 ,
2878 1566 2935 1609 ut
2964 1573 3147 1611 eorum
3193 1559 3388 1616 Iaciant

115 1672 196 1726 de
229 1670 489 1723 custodia
531 1683 624 1722 sua
645 1708 660 1732 ,
695 1668 771 1741 [et
811 1667 997 1738 exibit]
1025 1669 1090 1721 ad
1119 1644 1450 1724 seduceudas
1481 1672 1718 1736 nationes
1755 1653 1799 1712 Β
1825 1647 2170 1741 V"_l"”'a_'fm'
2204 1648 2883 1741 Firwam"wm95l_e“]m
2911 1649 3105 1741 ⁸³⁸19⁸³⁸
3130 1651 3280 1715 cui”
3303 1651 3390 1702 ἢν·

121 1776 260 1830 qua:
322 1769 453 1814 sunt
511 1758 560 1812 in
588 1737 814 1827 quatuor
843 1737 1051 1827 angulis
1086 1769 1257 1822 terras,
1289 1760 1401 1828 Gog
1429 1769 1484 1814 et
1511 1761 1716 1831 Magos,
1825 1737 2009 1792 mitate
2040 1738 2112 1792 illi
2141 1737 2524 1840 cruciabu-ntur
2544 1738 2924 1840 ardentissimo
2962 1738 3107 1840 zelo,
3139 1741 3387 1807 quoniam

119 1827 179 1902 (ξι
215 1851 411 1904 "aha
429 1862 523 1902 δ’,
552 1848 603 1901 in
637 1847 830 1902 bellum
859 1863 1081 1916 quorum
1113 1827 1488 1915 “manna”
1523 1861 1578 1904 ιη
1601 1827 1722 1905 in};
1823 1844 1927 1882 non
1960 1837 2204 1893 poterunt
2247 1827 2518 1881 attrahere
2571 1827 2625 1881 in
2671 1837 2846 1896 partes
2893 1828 3204 1883 Antichristi
3247 1845 3392 1884 sanc~

125 1959 198 1994 ua
234 1941 436 1995 maris.
485 1939 563 1993 Ad
610 1937 708 1992 huc
736 1955 867 2006 ergo
907 1950 1031 1992 "me
1057 1940 1293 2004 seducet,
1325 1951 1378 1994 υι
1399 1941 1448 1994 in
1478 1942 1577 1994 hoc
1607 1942 1719 1996 be].
1824 1926 1917 2013 tot:
1934 1916 2157 1980 Christi,
2186 1927 2239 2013 et
2268 1918 2381 2013 ipse
2407 1917 2509 1970 erit
2553 1918 2687 2013 ignis
2715 1918 2804 1985 qui
2835 1919 3080 2013 comedet
3107 1935 3201 1974 eos
3224 1922 3393 2013 ethoc

124 2036 242 2085 lum
277 2031 483 2085 trahat.
529 2030 657 2082 Nam
689 2039 741 2083 et
769 2003 922 2083 antea
966 2029 1134 2083 modis
1163 2003 1355 2098 quibus
1393 2041 1594 2099 pcterat
1627 2047 1722 2100 per
1822 2017 1852 2054 ³
1885 2004 2294 2100 Qeoiﬂm‘ﬁnéi
2329 2018 2551 2100 “"98”
2581 2003 2967 2100 inse‘fa'al’nefc'
3001 2007 3334 2100 Ψ¹Ῐ¹⁸,⁵³¹¹ξίί
3368 2025 3383 2061 ³

125 2121 279 2174 mah
310 2119 478 2172 multa
511 2128 566 2172 et
604 2120 748 2171 var}
799 2117 1104 2171 “ducebat.
1139 2091 1317 2172 mihi,
1361 2091 1558 2184 amem,
1603 2091 1720 2174 (ᾖε,
1822 2092 1961 2147 unde
2027 2091 2449 2164 [cruciabuntur]
2510 2094 2890 2184 excruciantur
2946 2096 3166 2150 inimici.
3239 2097 3390 2152 Sicut

127 2221 247 2262 tum
279 2216 394 2269 est,
428 2209 478 2260 in
502 2215 737 2275 apertam
761 2207 1182 2274 persecutimiem
1205 2207 1272 2261 de
1299 2208 1511 2262 latebris
1531 2223 1717 2263 erum-

1829 2182 1962 2237 euim
1994 2183 2048 2236 in
2099 2184 2239 2235 bono
2270 2185 2497 2251 positum
2538 2193 2620 2236 est
2650 2181 2758 2254 [ubi
2813 2185 3025 2255 legitur]
3057 2203 3070 2238 :
3104 2187 3257 2239 Zelus
3287 2187 3386 2240 do-

126 2310 221 2368 pet
263 2300 543 2353 odiorum.
577 2299 704 2352 Ihec
731 2298 870 2350 enim
913 2298 1016 2351 erit
1046 2299 1334 2353 novissima
1384 2303 1681 2368 persecutio
1703 2342 1719 2365 ,
1823 2287 1947 2378 Tui
1974 2281 2078 2378 “:3
2106 2273 2338 2378 cg'qed“
2379 2289 2484 2378 "‘9‘
2537 2283 2612 2378 ’δέ
2635 2288 2666 2328 ⁸
2702 2284 2978 2378 _c?""‘“'}°
3021 2277 3261 2378 “imam
3293 2281 3383 2332 "bi

130 2361 444 2444 novissimo
473 2391 782 2442 imminente
806 2388 1006 2455 judicio
1029 2428 1045 2453 ,
1079 2403 1234 2458 quam
1265 2361 1446 2443 sancta
1483 2361 1720 2446 Ecclesia
1823 2361 2041 2458 dieitur]
2078 2377 2106 2458 Α²
2139 2361 2297 2415 zelus
2340 2362 2618 2458 °A°°“P““
2646 2363 2870 2458 Plebem
2920 2364 3262 2431 i"erudi'am'
3332 2381 3388 2422 ⁸⁸

129 2491 252 2534 toto
278 2490 548 2535 terrarum
578 2481 707 2534 orbe
751 2481 981 2547 patietur
1004 2520 1020 2542 ,
1055 2483 1300 2551 universa
1331 2483 1540 2536 scilicet
1585 2484 1717 2538 civi-

1829 2463 1951 2506 tunc
1983 2453 2120 2522 ignis
2150 2453 2446 2507 contrarios
2471 2454 2736 2516 comedet,
2751 2464 2802 2506 et
2821 2464 2943 2507 tunc
2973 2457 3150 2524 utique
3171 2469 3392 2527 excepto

133 2582 217 2624 tas
238 2571 485 2635 Christi,
511 2570 578 2623 ab
611 2543 856 2623 universa
889 2570 1084 2623 diaboli
1123 2550 1340 2626 civitate
1370 2582 1719 2638 quantacum-
1823 2544 2029 2597 “ilicet
2053 2543 2219 2646 "mfni
2253 2544 2392 2649 Elius
2424 2544 2543 2649 i833
2572 2543 2790 2649 ‘jufﬁdi’
2841 2553 2932 2596 θυι
2960 2546 3002 2596 Si
3033 2560 3150 2597 ea'"
3185 2547 3390 2645 ΡΙξετδίυ

132 2675 239 2727 que
267 2663 382 2713 erit
419 2633 642 2727 utraque
672 2674 834 2729 super
888 2669 1100 2712 terram.
1144 2659 1340 2716 Gentes
1367 2633 1562 2732 quippe
1608 2665 1722 2719 ista)
1823 2648 1927 2736 9‘”
1957 2633 2288 2736 ρξτςυίίειιιιί
2319 2633 2714 2736 SanbEchesire
2746 2643 3113 2736 persecutores
3144 2636 3392 2688 veniente

135 2725 272 2814 quas
301 2749 541 2817 appellat
559 2725 685 2818 VGog
708 2725 762 2803 et
789 2750 992 2816 Magog,
1016 2762 1117 2800 nou
1148 2749 1226 2802 sic
1252 2725 1717 2820 suut'ac-eipicudm

1829 2725 1927 2792 iam
1959 2725 2171 2778 Christo
2199 2765 2214 2790 ,
2249 2725 2380 2794 quos
2410 2725 2646 2778 viventes
2687 2725 2920 2778 inveniet
2948 2739 3107 2792 super
3154 2735 3346 2780 terram
3372 2768 3389 2791 ,

136 2814 404 2907 tanquam
436 2839 544 2892 sint
572 2814 755 2907 aliqui,
787 2839 839 2892 iu
880 2814 1058 2907 aliqua
1109 2849 1258 2906 parte
1286 2814 1543 2895 terrarum
1596 2843 1717 2896 Bar-

1829 2818 2036 2884 quando
2087 2815 2369 2869 interliciet
2417 2814 2806 2868 Anticliristum
2858 2816 3044 2882 spiritu
3100 2815 3211 2868 oris
3267 2818 3390 2881 sui,

139 2906 262 2983 hari
295 2931 614 2996 constituti,
662 2906 778 2984 sive
806 2945 939 2999 quos
979 2906 1198 2998 quidam
1239 2932 1580 2999 suspicantur
1622 2932 1726 2988 Ge-
1827 2907 2001 2999 ‘8'“?m
2031 2906 2315 2974 “ppena'i‘
2356 2906 2767 2999 df’scmkmcm
2795 2906 2861 2959 de
2897 2907 3050 2999 enim}
3083 2921 3278 2999 “509°
3295 2923 3393 2999 φ’

140 3032 222 3072 tas
245 3029 304 3074 et
333 2994 690 3090 Massagetas,
719 2994 934 3089 propter
963 2994 1164 3076 litteras
1210 2994 1396 3076 lioru'm
1442 3025 1713 3078 nominum
1747 3022 1790 3083 C
1825 2995 2125 3098 "fedemem
2153 3035 2177 3098 ’_
2202 3009 2372 3098 Tm,”
2399 2994 2498 3098 ho?
2525 2994 2772 3098 Fuimum
2821 2996 3133 3063 snppncmm
3171 2995 3394 3098 ⁸³ί’,ί¹”’

145 3111 381 3176 primas,
417 3111 530 3164 sive
555 3110 687 3164 alios
730 3110 940 3179 al'quos
967 3112 1290 3181 alienigenas
1320 3112 1391 3184 [et
1422 3129 1447 3165 a
1481 3114 1717 3168 Romano

1829 3087 2059 3154 piorum,
2086 3086 2177 3140 sed
2203 3085 2329 3141 illud
2353 3085 2494 3155 quod
2521 3084 2661 3139 facta
2690 3100 2972 3153 corporum
3003 3085 3394 3142 resurrectione

141 3200 260 3268 jure
299 3199 596 3270 sejunctas]
626 3210 679 3254 et
720 3214 750 3253 a
789 3200 954 3254 Roma
980 3217 1082 3254 non
1113 3203 1230 3268 jure
1268 3183 1556 3268 sejunctas.
1582 3204 1718 3258 Tcto
1822 3183 2027 3245 passu”
2057 3183 2202 3230 5m"-

143 3306 378 3361 namque
409 3291 540 3345 orbe
577 3301 840 3346 terrarum
871 3292 1154 3360 significati
1184 3305 1307 3348 sunt
1338 3295 1420 3348 isti
1449 3311 1567 3349 esse
1595 3311 1715 3350 eum
2326 3285 2552 3341 CAPUT
2589 3283 2878 3339 CXXXIX-

143 3382 348 3436 dictum
401 3394 528 3447 est,
557 3385 800 3437 nationes
843 3400 960 3452 qua:
1008 3394 1130 3438 sunt
1167 3386 1219 3439 in
1264 3396 1488 3454 quatuor
1514 3389 1718 3455 angulis

145 3483 338 3536 terrae,
382 3487 582 3540 easque
611 3473 838 3541 subjecit
876 3488 996 3528 esse
1029 3473 1140 3544 Gog
1172 3487 1222 3529 et
1254 3478 1456 3545 Magng,
1495 3494 1717 3545 quorum

149 3563 650 3631 interpretationem
693 3564 965 3617 nominum
1019 3579 1138 3619 esse
1196 3569 1550 3633 comperimus
1609 3567 1724 3638 Gog

147 3662 344 3708 tectum
372 3699 388 3722 ,
424 3655 612 3724 Magog
658 3657 725 3711 de
773 3665 950 3719 tecto,
998 3665 1246 3726 tanquam
1293 3659 1482 3714 domus
1526 3670 1578 3714 et
1607 3661 1722 3727 ipse

149 3745 232 3811 qui
276 3745 520 3812 procedit
545 3747 613 3798 de
642 3746 837 3810 domo;
873 3746 1070 3801 Gentes
1117 3745 1316 3818 [igitur]
1361 3765 1485 3816 ergo
1516 3759 1640 3803 sunt
1667 3749 1719 3802 in

147 3834 338 3899 quibus
368 3832 639 3886 diabolum
673 3833 817 3886 velut
863 3833 914 3886 in
960 3833 1153 3903 abysso
1185 3835 1429 3902 superius
1458 3835 1719 3904 intellige-

151 3925 336 3975 thtlttls
385 3921 667 3984 inclusum,
698 3929 752 3975 et
795 3923 908 3989 ipse
945 3922 1011 3975 de
1041 3924 1146 3977 illis
1175 3925 1564 3992 quodammodo
1604 3940 1722 3981 sese

150 4010 376 4064 ell'erens
403 4020 458 4063 et
483 4010 805 4078 procedens,
837 4010 917 4083 [ut
945 4011 1032 4064 ille
1060 4012 1194 4065 sicut
1222 4022 1443 4076 tectum,
1474 4014 1586 4080 ipse
1615 4025 1722 4069 tec-

155 4098 283 4170 tum]
333 4113 386 4153 ut
433 4101 537 4154 illa:
581 4102 688 4154 sint
736 4109 932 4154 tectum
983 4101 1098 4169 ipso
1148 4103 1214 4156 de
1250 4112 1406 4157 tecto.
1442 4105 1497 4157 Si
1543 4115 1719 4159 autem

155 4199 436 4258 utrumque
464 4191 756 4243 referamus
784 4189 848 4242 ad
873 4201 1091 4258 gentes,
1125 4207 1228 4245 non
1259 4208 1418 4246 unum
1446 4195 1632 4247 horum
1655 4196 1719 4247 ad

155 4279 287 4347 illas,
316 4285 546 4335 alterum
573 4282 639 4334 ad
668 4265 970 4348 diabolum;
999 4294 1050 4337 et
1080 4293 1273 4338 tectum
1307 4285 1432 4354 ipsa:
1454 4297 1578 4340 sunt
1597 4288 1719 4357 quia

1825 3403 1970 3466 Quod
2001 3401 2262 3469 apostolus
2314 3399 2848 3452 Thcssalonicensibus
2893 3401 3175 3467 scripserit,
3223 3411 3271 3454 et
3325 3404 3388 3455 de

1893 3471 2300 3537 ntranifestatioue
2343 3470 2660 3536 Antichristi,
2707 3485 2770 3521 ex
2815 3472 2989 3521 eodem
3038 3471 3167 3522 libro
3219 3489 3282 3524 xx
3329 3475 3394 3524 de

1895 3536 2109 3593 Civitute
2141 3540 2255 3593 Dei.

1897 3655 2206 3723 Rogamus,
2265 3655 2464 3725 inquit,
2519 3671 2637 3719 vos,
2691 3655 2913 3720 fratres,
2969 3673 3062 3725 per
3111 3658 3394 3712 adventum

1829 3746 2038 3799 Domini
2073 3746 2241 3799 nostri
2270 3745 2394 3799 Jesu
2437 3747 2634 3800 Christi
2662 3755 2717 3800 et
2746 3756 2940 3800 nostra:
2971 3753 3395 3818 coiigregatimis

1827 3837 1878 3888 in
1911 3839 2119 3903 ipsum,
2154 3847 2210 3889 ut
2231 3853 2334 3889 non
2362 3839 2467 3890 cito
2499 3839 2811 3890 moveamini
2839 3849 3045 3903 mente,
3075 3857 3246 3910 neque
3287 3853 3394 3896 ter-

1825 3929 2070 3992 reamini,
2091 3943 2261 3996 neque
2278 3946 2288 3992 ι
2310 3943 2368 3980 er
2381 3929 2647 3995 spiritum,
2665 3943 2835 3996 neque
2852 3946 2944 3996 per
2963 3931 3205 3997 verbum,
3221 3947 3393 4002 neque

1825 4032 1919 4085 per
1939 4017 2216 4083 epistolam
2250 4026 2496 4086 tanquam
2527 4032 2625 4084 per
2649 4032 2744 4071 nos
2777 4021 2986 4072 missam
3008 4060 3022 4083 ,
3050 4022 3198 4089 quasi
3235 4023 3394 4079 instet

1825 4109 2194 4176 diesDomini,
2229 4124 2294 4164 ne
2322 4110 2441 4176 quis
2464 4124 2558 4163 vos
2588 4109 2808 4163 seducat
2838 4111 2942 4164 ullo
2969 4113 3126 4166 modo
3147 4116 3394 4181 quoniam

1826 4199 1927 4251 nisi
1956 4201 2159 4252 venerit
2209 4199 2387 4268 refuga
2419 4201 2645 4266 primum
2677 4208 2732 4254 et
2759 4202 3022 4256 revelatus
3052 4203 3206 4257 fuerit
3235 4207 3394 4260 homo

1824 4291 2046 4357 peccati,
2083 4289 2218 4343 ﬁlius
2257 4290 2522 4353 interitus,
2563 4291 2652 4358 qui
2696 4291 3007 4344 adversatur
3041 4302 3094 4344 et
3139 4307 3392 4361 superex-

156 4370 203 4420 in
231 4373 308 4423 eis
347 4372 688 4425 concluditur
718 4362 773 4425 et
800 4373 1191 4440 quodammodo
1234 4376 1431 4444 tegitur
1475 4377 1720 4431 inimicus
1751 4365 1801 4422 υ
1829 4382 2031 4434 tollitur
2056 4395 2214 4449 supra
2241 4397 2399 4459 omne
2426 4381 2564 4449 quod
2593 4382 2784 4434 dicitur
2810 4381 2947 4434 Deus
2977 4391 3067 4434 aut
3094 4384 3233 4451 quod
3265 4385 3391 4438 coli-

159 4461 421 4527 antiquns,
450 4472 502 4515 et
532 4463 596 4514 de
625 4472 764 4516 tecto
811 4465 939 4532 ipsas
969 4475 1126 4518 erunt
1151 4467 1363 4534 quando
1404 4468 1453 4520 in
1475 4481 1717 4536 apertum

156 4554 324 4606 odium
351 4557 418 4607 de
441 4563 627 4621 operto
649 4567 916 4622 eruptura:
946 4566 1089 4609 sunt.

636 4663 861 4717 CAPUT
901 4665 1230 4720 CXXXVIII.

161 4731 327 4828 Aund
381 4755 614 4828 ultimum
649 4757 1190 4828 judicium_pertineat
1240 4759 1530 4826 impiorum,
1582 4764 1717 4828 quod

225 4824 540 4876 descendisse
582 4827 712 4892 ignis
736 4826 798 4876 de
832 4825 977 4889 c0310,
1003 4837 1049 4877 et
1086 4830 1285 4880 eosdem
1311 4824 1718 4884 comedissc’me-

225 4906 469 4958 moratur,
501 4910 561 4946 ea:
588 4896 764 4946 eodeni
796 4893 947 4947 libro.

224 5003 368 5065 Quod
401 5021 528 5059 vero
555 5008 668 5059 ait:
700 5008 764 5060 Et
786 4998 1145 5062 ascenderunt
1166 5024 1325 5078 super
1351 5019 1507 5064 terra:
1537 5011 1715 5064 latitu-

165 5087 350 5155 dinem,
389 5107 443 5147 et
487 5097 766 5149 cinxerunt
809 5109 986 5150 castra
1036 5109 1341 5152 sanctorum
1371 5108 1425 5154 et
1468 5101 1714 5154 dilectam

166 5179 449 5247 civitatem;
485 5202 587 5240 nou
621 5189 800 5256 utique
845 5191 909 5243 ad
948 5206 1106 5244 unum
1165 5193 1338 5245 locqu
1393 5195 1603 5248 venisse
1633 5195 1714 5247 vel

169 5276 356 5324 venturi
399 5289 520 5328 esse
550 5278 830 5344 signiticati
880 5290 1024 5345 sunt,
1059 5283 1207 5348 quasi
1241 5298 1347 5336 uno
1388 5284 1568 5350 aliquo
1597 5285 1715 5340 loco

169 5354 328 5413 Iatura
357 5373 463 5417 suit
506 5375 678 5418 castra
712 5378 1015 5423 sanctorum
1047 5381 1101 5425 et
1127 5372 1318 5425 dilecta
1353 5374 1559 5440 civitas,
1593 5390 1712 5429 cum

174 5444 273 5503 hac
298 5469 395 5507 non
422 5456 490 5508 sit
515 5455 613 5508 nisi
645 5457 839 5511 (lhristi
882 5460 1118 5516 Ecclesia
1153 5474 1261 5517 toto
1295 5473 1553 5518 terrarum
1586 5469 1715 5522 orbe

170 5536 357 5610 lidius»,
382 5561 440 5600 ac
465 5562 556 5612 per
581 5547 677 5600 hoc
708 5539 1022 5617 ubicumque
1047 5561 1166 5608 tunc
1197 5555 1291 5608 erit
1319 5571 1434 5623 qux
1463 5557 1513 5608 iu
1537 5558 1712 5610 omni-

469 5663 737 5718 [’AYR'PL
776 5660 970 5719 LXII.

1827 4481 1928 4534 tur,
1958 4471 2024 4523 ita
2055 4473 2180 4524 utin
2207 4471 2403 4538 templo
2428 4472 2516 4524 Dei
2543 4471 2744 4531 sedeat,
2766 4479 3039 4524 ostentans
3059 4485 3116 4524 se
3139 4482 3389 4541 tauquam

1827 4564 1896 4615 sit
1922 4563 2080 4616 Deus.
2112 4561 2225 4615 Non
2255 4564 2494 4615 retinetis
2517 4563 2567 4614 in
2600 4563 2873 4624 memoria,
2904 4562 3044 4629 quod
3077 4565 3249 4616 adhuc
3269 4579 3388 4617 cum

1826 4670 2001 4708 essem
2042 4654 2179 4721 apud
2213 4668 2326 4717 vos,
2364 4652 2476 4705 Itu-c
2516 4652 2753 4704 dicebam
2799 4652 2987 4704 vobis?
3013 4661 3068 4705 et
3099 4669 3236 4706 nunc
3265 4657 3391 4721 quid

1824 4745 2059 4799 detineat
2110 4745 2256 4798 scitis
2299 4755 2355 4796 ut
2407 4745 2670 4796 reveletur
2712 4743 2762 4794 iu
2809 4758 2908 4795 suo
2959 4753 3213 4810 tempore.
3272 4747 3388 4798 .Iam

1821 4835 1962 4886 enim
2014 4835 2324 4901 mysterium
2381 4833 2669 4899 iniquitatis
2715 4842 3003 4899 operatur,
3051 4842 3250 4885 lautum
3298 4837 3385 4901 qui

1821 4925 1976 4977 modo
2004 4933 2143 4976 tenet
2171 4931 2366 4986 teneat,
2397 4923 2569 4976 donec
2598 4923 2664 4976 de
2712 4924 2887 4977 medio
2915 4925 3003 4977 liat
3029 4965 3045 4987 ,
3077 4933 3129 4977 et
3159 4935 3282 4977 tunc
3303 4940 3385 4979 re-

1811 5013 2076 5088 velabitur
2103 5013 2314 5078 iniquus
2360 5012 2494 5084 [ille]
2534 5030 2690 5081 quem
2723 5016 2972 5070 Dominus
3001 5015 3153 5070 Jesus
3185 5017 3386 5069 interﬁ-

1818 5105 1924 5158 ciet
1949 5105 2134 5172 spiritu
2165 5105 2271 5156 oris
2301 5106 2380 5158 sui
2413 5145 2426 5168 ,
2463 5116 2515 5157 ct
2544 5107 2821 5161 evacuabit
2863 5108 3244 5160 illuminationc
3273 5109 3383 5180 9a

1820 5196 2111 5264 praesentim
2147 5211 2256 5248 suze
2296 5212 2416 5248 cum
2465 5197 2618 5264 cujus
2658 5210 2736 5251 cst
2776 5198 3051 5265 ptmsentia
3093 5201 3384 5253 secundum

1819 5287 2175 5354 operationem
2199 5285 2412 5340 Satanze
2431 5329 2445 5352 ,
2472 5289 2521 5340 iu
2548 5291 2688 5342 omni
2718 5291 2908 5341 virtute
2929 5299 2982 5343 et
3006 5289 3170 5356 signis
3187 5299 3242 5342 et
3265 5304 3382 5358 pro-

1819 5376 1971 5445 digiis
2002 5375 2296 5440 mendacii,
2324 5385 2375 5429 et
2409 5379 2458 5428 in
2487 5376 2628 5429 omni
2655 5376 2959 5430 seductione
2985 5376 3271 5444 iniquitatis
3297 5377 3381 5431 his

1819 5470 1904 5535 qui
1941 5477 2182 5535 pereunt,
2235 5482 2331 5537 pro
2363 5483 2428 5522 eo
2463 5467 2602 5537 quod
2629 5468 2967 5523 dilectionem
3011 5469 3246 5523 veritatis
3279 5488 3381 5524 non

1821 5571 2161 5627 rcrcpcrunt,
2195 5571 2250 5614 ut
2281 5561 2409 5615 salvi
2442 5562 2653 5626 tierent,
2689 5573 2739 5614 et
2766 5561 2882 5612 ideo
2913 5561 3084 5615 iniltcl
3113 5562 3216 5615 illis
3245 5561 3384 5616 Deus

2796 5671 2948 5742 23)_
