3886 6224
551 167 648 223 779

1593 163 1652 218 D.
1697 161 2012 217 EUGYPPII
2055 159 2341 218 ABBATIS
2382 163 2700 218 AFl’thANl

3689 159 3778 213 78D

549 279 902 350 operationem
933 278 1152 340 erroris,
1189 285 1246 328 ut
1278 275 1501 330 credant
1545 275 1824 329 mendacio
1869 283 1923 327 et
1971 274 2112 344 jndi-
2141 278 2190 336 Δ
2217 287 2392 329 autem
2427 277 2740 344 Apostolnm
2773 279 2974 344 ﬁdeles,
3004 289 3060 334 nt
3088 280 3140 335 in
3173 279 3288 334 ﬂde'
3305 293 3464 348 quam
3493 286 3684 333 tenent
3707 286 3776 327 te.

549 381 734 424 centur
762 382 946 422 omnes
973 369 1058 434 qui
1090 382 1190 418 non
1233 367 1570 421 crediderunt
1597 365 1828 426 veritati,
1860 366 1952 420 sed
1981 380 2109 418 eon-

548 469 821 515 scnserunt
850 457 1108 525 iniquitati
1146 475 1156 508 :
1184 457 1310 510 nulli
1353 457 1571 511 dubium
1601 465 1685 510 est
1708 471 1829 509 eum
1861 457 1927 510 de
1957 459 2108 509 Anti-

548 553 746 605 cliristn
773 549 870 604 ista
900 550 1102 621 dixisse
1124 591 1136 610 ,
1162 550 1409 619 diemque
1427 549 1608 619 jndicii
1641 550 1813 620 (nunc
1841 552 1983 603 enim
2018 564 2110 618 ap-

547 645 703 712 pellnt
723 643 859 695 diem
885 636 1116 709 Danii‘ui)
1141 657 1381 698 nnnesse
1403 652 1708 704 venturum,
1733 642 1833 695 nisi
1861 642 1948 695 ille
1969 642 2112 709 prior

547 734 747 788 venerit
766 749 922 793 quem
952 732 1187 802 refugam
1219 741 1389 796 vocat",
1427 735 1608 801 utique
1638 747 1668 785 a
1708 732 1933 785 Dem‘no
1979 732 2106 784 Deo.

544 825 692 893 Quod
722 825 766 879 si
795 825 862 879 de
884 824 1131 878 omnibus
1163 825 1336 891 impiis
1360 823 1660 877 meritodici
1680 830 1852 891 potest
1874 862 1889 885 ,
1917 832 2113 886 quanto

543 915 709 984 magis
737 914 805 969 de
828 915 931 969 isto
954 958 969 977 ,
1002 914 1096 969 sed
1148 914 1198 967 in
1230 929 1334 982 quo
1365 911 1560 981 templo
1606 912 1695 965 Dei
1727 910 1808 982 [ut
1840 909 2004 980 Deus}
2046 913 2113 964 sit

544 1021 789 1061 cessurus
834 1006 1092 1060 incertum
1145 1013 1268 1066 est,
1302 1012 1476 1057 utrum
1507 1001 1558 1054 in
1609 1002 1694 1054 illa
1727 1002 1881 1054 ruina
1928 1001 2109 1066 templi

540 1100 678 1167 quod
708 1113 738 1152 a
761 1098 1050 1154 Salomone
1081 1111 1208 1165 rege
1261 1082 1621 1150 constructum
1653 1099 1735 1146 est
1759 1133 1774 1157 ,
1807 1107 1870 1144 an
1903 1107 2030 1145 vero
2059 1093 2108 1144 in

543 1189 798 1244 Ecclesia.
838 1189 948 1242 Non
993 1189 1133 1242 enim
1166 1188 1420 1251 templum
1461 1184 1615 1250 alicnj
1659 1198 1684 1236 s
1731 1180 1858 1234 idoli
1889 1192 1978 1234 aut
2003 1183 2137 1256 «μετ

541 1279 710 1333 monis
750 1281 1007 1342 templum
1067 1276 1158 1329 Dei
1190 1275 1480 1344 Apostolus
1524 1273 1770 1325 diceret:
1803 1273 1940 1325 unde
1982 1261 2136 1324 nuu-~

541 1370 664 1423 nulli
695 1385 797 1424 non
829 1370 996 1437 ipsum
1030 1366 1348 1436 principem,
1382 1364 1474 1418 sed
1523 1365 1828 1416 univrrsuin
1877 1363 2106 1429 qundam

540 1459 695 1513 modo
722 1473 913 1526 corpus
943 1457 1080 1526 ejus,
1108 1456 1158 1508 id
1185 1463 1267 1508 est
1291 1455 1353 1506 ad
1396 1468 1516 1507 eum
1550 1453 1902 1522 pertinentem
1937 1451 2106 1504 homi-

541 1558 668 1607 ttum
735 1547 1125 1602 multitudinem
1164 1545 1320 1598 simul
1376 1558 1496 1597 cum
1542 1543 1657 1611 ipso
1703 1557 1802 1596 suo
1849 1540 2108 1610 principe,

2216 367 2418 421 naciter
2461 382 2805 435 perseverent
2833 372 3081 436 dicendo,
3112 372 3340 425 Tantum
3373 368 3460 439 qui
3510 371 3678 422 modo
3721 381 3776 423 te

2214 470 2324 525 net,
2358 470 2536 514 teneat
2556 461 2726 514 donec
2753 461 2817 516 de
2842 463 3015 517 medio
3045 465 3153 527 ttat,
3185 465 3290 516 hoc
3311 474 3414 527 est,
3437 464 3613 515 donec
3634 475 3776 515 est-at

2211 552 2278 605 de
2305 552 2481 604 medio
2512 551 2766 605 Ecclesiae
2784 555 3096 621 mysterium
3122 555 3441 624 iniquitatis,
3470 552 3616 621 quod
3653 567 3776 604 nunc

2212 644 2478 695 occultum
2509 653 2609 696 est.
2642 643 2720 696 Ad
2771 644 2943 712 ipsum
2975 647 3115 699 enim
3167 646 3478 718 mysterium
3513 647 3775 710 pertinere

2213 732 2563 796 arbitrantur,
2597 731 2740 800 quod
2777 734 2851 784 ait
2879 733 2929 785 in
2961 734 3195 800 Epistula
3217 750 3312 788 sua
3344 735 3580 789 Joannes
3614 733 3772 785 Evan-

2213 819 2438 888 gelista:
2476 821 2650 883 l'ueri,
2684 822 2971 875 notissima
3005 825 3131 876 hora
3166 835 3278 889 est,
3310 835 3362 879 et
3391 827 3528 879 sicut
3563 823 3774 877 audistis

2210 913 2351 980 quod
2385 913 2743 968 Antii-bristus
2776 915 2847 987 sit
2873 925 3156 979 venturus,
3209 933 3350 972 nunc
3399 927 3583 972 autem
3641 920 3776 970 Anti-

2212 1003 2396 1056 christi
2451 1005 2600 1056 multi
2657 1004 2783 1059 facti
2835 1016 2994 1070 sunt,
3030 1007 3169 1061 unde
3200 1011 3594 1078 .engnoscimns
3646 1011 3772 1077 quod

2215 1095 2500 1150 novissima
2525 1097 2593 1150 sit
2621 1096 2770 1159 liora,
2801 1113 2867 1152 ex
2910 1099 3064 1152 nobis
3087 1101 3349 1162 exierunt,
3383 1102 3474 1154 sed
3508 1115 3776 1155 nouerant

2183 1241 2188 1245 ε
2213 1200 2276 1238 ex
2309 1185 2500 1251 nobis;
2529 1189 2670 1254 quod
2717 1188 2763 1241 si
2797 1189 3024 1242 fuissent
3052 1204 3116 1242 ex
3150 1190 3301 1243 nobis
3324 1231 3338 1253 ,
3366 1194 3774 1258 pennatisissent

2217 1276 2399 1343 utique
2431 1278 2727 1331 nobiscum.
2757 1278 2904 1332 Sicut
2928 1293 3056 1348 ergo
3085 1291 3208 1333 ante
3233 1279 3390 1332 iinetn
3423 1282 3472 1331 in
3505 1279 3606 1332 bac
3640 1280 3775 1338 bon,

2213 1364 2477 1432 inquiunt,
2511 1380 2668 1434 quam
2704 1365 2936 1420 Joannes
2979 1367 3322 1420 novissimam
3365 1369 3515 1432 dicit,
3546 1371 3774 1421 exierunt

2216 1455 2363 1507 multi
2393 1454 2626 1510 hatretici
2657 1458 2724 1511 de
2755 1457 2928 1512 medio
2955 1457 3235 1525 Ecclesim,
3268 1474 3404 1528 quos
3433 1462 3632 1513 multus
3665 1462 3774 1511 dicit

2215 1547 2577 1602 Antichristos
2603 1589 2616 1612 ,
2649 1551 2720 1602 ita
2762 1565 2948 1603 omnes
2979 1559 3105 1604 tunc
3135 1552 3258 1604 inde
3285 1553 3504 1604 exibunt
3542 1551 3636 1619 qui
3681 1566 3772 1603 nos

545 1647 642 1696 hoc
673 1644 790 1696 loco
819 1638 1037 1707 intelligi
1099 1636 1484 1690 Anticltristum
1557 1633 1737 1686 Volunt
1761 1673 1776 1696 ,
1810 1631 2110 1689 rectiusque
2148 1631 2188 1690 Β
2215 1635 2281 1689 ad
2307 1635 2576 1690 Christum
2599 1679 2614 1702 ,
2646 1638 2740 1692 scd
2759 1639 2822 1690 ad
2854 1638 2999 1692 illum
3021 1641 3372 1692 novissimum
3401 1640 3772 1692 Antichristntn

545 1744 728 1803 putant
749 1733 909 1788 etiam
957 1729 1141 1783 Latine
1169 1728 1273 1780 dici
1315 1731 1450 1779 sicut
1496 1725 1546 1777 in
1577 1721 1764 1779 Grteco
1792 1731 1895 1787 est,
1929 1738 2030 1774 non
2063 1722 2113 1774 in

546 1828 744 1897 templo
774 1825 898 1888 Dei,
949 1821 1040 1875 sed
1091 1821 1142 1873 itt
1171 1818 1430 1886 templum
1481 1818 1570 1869 Dei
1602 1815 1810 1880 sedeat,
1865 1822 2110 1882 tanquam

542 1923 654 1984 ipse
675 1918 740 1970 sit
773 1914 1026 1981 templum
1057 1911 1149 1964 Dei
1179 1949 1193 1971 ,
1236 1907 1376 1976 quod
1408 1915 1490 1960 est
1521 1904 1779 1965 Ecclesia,
1814 1906 1951 1956 sicut
1979 1903 2112 1955 dici-

545 2022 692 2061 mus:
727 2005 874 2059 sedet
905 2013 958 2056 et
990 2002 1042 2054 in
1065 2001 1292 2052 amicum
1315 1998 1408 2060 ,ιιι
1437 2005 1518 2049 est
1543 1996 1686 2048 velut
1716 1993 2036 2058 amicus,vt-l
2070 1994 2112 2045 si

539 2100 665 2170 quid
717 2094 859 2149 aliud
898 2095 1002 2146 isto
1045 2087 1326 2145 locutionis
1372 2099 1565 2154 genere
1613 2084 1720 2137 dici
1755 2085 1910 2137 solet.
1961 2081 2111 2147 Quod

541 2199 716 2245 autem
746 2187 839 2253 ait,
872 2185 937 2238 Et
965 2195 1106 2236 nunc
1156 2178 1280 2248 quid
1308 2177 1544 2231 detineat
1572 2174 1753 2252 scitis,
1802 2173 1853 2228 id
1882 2184 1966 2228 est
1989 2171 2112 2241 quid

537 2285 608 2337 sit
638 2282 689 2334 in
714 2292 884 2340 mora,
915 2289 1032 2345 qua:
1053 2272 1209 2328 eausa
1241 2269 1310 2324 sit
1331 2268 1599 2322 dilationis
1624 2265 1740 2336 ejus
1765 2273 1824 2319 ut
1850 2265 2114 2319 reveletur

538 2374 588 2426 in
611 2386 706 2423 suo
727 2378 985 2434 tempore,
1007 2362 1154 2416 scitis
1171 2379 1182 2414 :
1199 2358 1448 2429 quoniam
1467 2357 1606 2410 scire
1629 2355 1748 2409 illos
1761 2354 1915 2417 dixit,
1933 2363 2114 2423 aperte

540 2464 641 2515 line
669 2461 846 2513 dicere
879 2455 1068 2520 noluit,
1099 2461 1152 2507 et
1179 2453 1299 2506 ideo
1329 2463 1428 2504 nos
1457 2448 1546 2519 qui
1569 2447 1839 2502 nescimus
1869 2445 2009 2514 quod
2035 2445 2112 2497 illi

543 2541 814 2614 sciebant,
843 2545 1121 2616 pervenire
1166 2558 1286 2597 cum
1319 2541 1502 2596 labore
1546 2537 1614 2592 ad
1663 2537 1716 2592 id
1759 2537 1899 2607 quod
1945 2535 2114 2590 sensit

539 2643 846 2712 Apostolus,
879 2639 1121 2708 cupimus
1163 2652 1260 2690 nec
1290 2635 1547 2689 valemus.
1579 2630 1882 2688 Presertitn
1914 2631 2034 2701 quia
2061 2637 2116 2683 et

537 2735 622 2790 illa
654 2747 773 2804 quae
816 2726 1020 2785 addidit
1049 2730 1188 2781 hunc
1235 2740 1448 2780 sensum
1482 2719 1680 2779 faciunt
1732 2721 2111 2777 obscurior-om.

539 2823 670 2879 Nam
722 2819 848 2891 quid
907 2829 988 2873 est
1037 2837 1050 2872 :
1093 2818 1208 2872 Jam
1263 2816 1404 2870 enim
1456 2813 1769 2883 mysterium
1827 2812 2116 2878 iniduitatis

540 2923 812 2984 operatur,
844 2919 1047 2964 tantum
1077 2909 1166 2977 qui
1214 2907 1373 2960 modo
1403 2914 1549 2959 tenet
1577 2946 1590 2969 ,
1623 2913 1800 2960 teneat
1827 2904 2000 2958 donec
2048 2903 2115 2957 de

2217 1726 2575 1792 pertinebunt,
2594 1737 2648 1782 et
2677 1739 2798 1782 tunc
2829 1731 3176 1784 revelabitur.
3209 1731 3359 1785 Alius
3380 1747 3505 1800 ergo
3532 1732 3632 1793 sic,
3655 1731 3774 1784 alias

2216 1816 2411 1888 [autem
2461 1818 2558 1888 sic]
2606 1821 2763 1874 aliter
2792 1821 2868 1874 sic
2903 1823 3146 1884 Apostoli
3196 1824 3426 1878 obscura
3471 1825 3631 1876 verba
3662 1839 3774 1876 con-

2213 1913 2393 1979 jeCtat,
2450 1913 2593 1976 quod
2649 1921 2823 1965 tamen
2857 1929 2976 1966 eum
3023 1913 3225 1966 dixisse
3275 1929 3381 1966 nun
3425 1914 3642 1966 dubium
3685 1924 3768 1966 est.

2214 1999 2329 2052 Non
2366 2001 2542 2054 veniet
2568 2001 2632 2052 ad
2659 2001 2807 2053 vivos
2834 2010 2883 2052 et
2913 2009 3153 2054 mortuos
3180 2001 3504 2069 judicandos
3525 1999 3769 2059 Christus.

2216 2090 2314 2144 nisi
2348 2091 2496 2156 prius
2525 2094 2732 2144 venerit
2779 2092 2846 2144 ad
2872 2093 3208 2145 selucendos
3236 2092 3289 2144 in
3338 2092 3515 2145 anima
3549 2108 3602 2145 ιιι
3643 2105 3774 2144 rtnos

2215 2182 2551 2236 adversarius
2596 2183 2712 2250 ejus
2743 2183 3099 2237 Antirbri~tus
3128 2225 3142 2247 ,
3179 2185 3425 2252 quamvis
3450 2183 3563 2252 jam
3591 2183 3655 2236 ad
3690 2199 3770 2236 oc-

2216 2272 2413 2323 cultum
2442 2271 2700 2338 judicium
2722 2271 2813 2326 Dei
2841 2271 3124 2340 pertineat,
3149 2272 3285 2341 quod
3313 2272 3382 2325 ab
3413 2272 3500 2325 illo
3529 2273 3771 2326 seducen-

2217 2367 2320 2412 tur.
2358 2359 2646 2414 l’itesentia
2669 2361 2866 2430 quippe
2897 2363 3014 2428 ejus
3053 2363 3156 2416 erit
3180 2363 3318 2416 sicut
3343 2361 3544 2416 dictum
3576 2373 3674 2427 est,
3698 2377 3768 2414 se-

2217 2450 2451 2503 cundum
2483 2453 2850 2521 operationem
2876 2453 3090 2507 Satana:
3113 2492 3130 2518 ,
3160 2455 3210 2506 in
3242 2455 3389 2507 omni
3420 2456 3612 2508 virtute
3638 2463 3690 2507 et
3710 2456 3768 2506 si.

2215 2539 2334 2608 guis
2371 2549 2427 2594 et
2467 2541 2720 2610 prodigiis
2750 2542 3050 2606 mendacii,
3097 2552 3152 2596 et
3201 2544 3253 2597 in
3299 2544 3449 2597 omni
3479 2545 3766 2598 seduaiene

2217 2629 2508 2707 iniquitatis
2549 2631 2632 2685 bis
2679 2633 2768 2700 qui
2802 2639 3044 2700 pereunt.
3075 2631 3225 2686 Tunc
3251 2633 3392 2686 rnim
3424 2633 3659 2688 solvetur
3686 2634 3766 2688 Sa-

2219 2730 2403 2784 tanas,
2436 2729 2492 2775 et
2538 2738 2630 2786 per
2659 2721 2807 2777 illum
2859 2723 3243 2778 Anticlirlstum
3275 2725 3326 2778 in
3375 2726 3521 2780 omni
3562 2742 3652 2780 sua
3681 2725 3764 2776 tir-

2221 2821 2329 2866 tute
2359 2812 2676 2867 mirabiliter
2706 2813 2943 2881 quidem,
2968 2813 3062 2867 sed
3101 2811 3432 2868 mendaciier
3461 2816 3764 2884 operabitar.

2218 2903 2370 2970 Quod
2407 2906 2544 2961 solet
2571 2907 2766 2975 ambigi
2799 2915 2974 2960 utrum
3006 2915 3282 2974 propterea
3313 2907 3452 2962 dicta
3483 2909 3606 2972 sint,
3636 2909 3763 2975 signa

537 3006 712 3061 medio
741 3003 849 3067 ﬂat,
879 3010 934 3057 et
964 3011 1090 3054 tunc
1118 2998 1445 3052 revelabitur
1474 2997 1724 3067 iniquus?
1759 2996 1868 3065 Ego
1891 3006 2110 3066 prorsus
2137 2994 2186 3059 C
2217 3002 2272 3048 et
2301 2997 2536 3065 prodigia
2582 2996 2867 3060 mendacii,
2896 2997 3148 3063 quoniam
3181 2996 3439 3051 mortales
3469 3011 3652 3051 sensus
3688 3011 3764 3062 per

538 3097 658 3168 quid
689 3094 882 3150 dixerit
928 3108 1012 3146 me
1042 3091 1210 3146 fateor
1257 3091 1503 3159 ignorare
1531 3131 1544 3154 ,
1573 3088 1906 3156 suspiciones
1934 3097 2112 3142 tamen

542 3189 816 3244 hominum
841 3168 991 3255 'quas
1018 3183 1100 3238 vel
1128 3170 1315 3238 audire
1344 3181 1426 3234 vel
1467 3181 1644 3250 legere
1693 3182 1838 3250 ponti
1887 3196 1992 3234 non
2036 3189 2112 3233 ta-

538 3280 688 3335 cebo.
722 3277 946 3344 Quidam
999 3281 1184 3343 putant
1215 3273 1318 3326 hoc
1350 3271 1419 3326 de
1447 3270 1670 3341 imperio
1717 3271 1912 3326 dictum
1949 3271 2113 3326 fuisse

542 3371 808 3428 ltumnno,
859 3374 915 3419 et
943 3374 1225 3435 propterea
1258 3361 1476 3415 Paulum
1501 3361 1811 3429 apostolum
1853 3360 1905 3414 id
1930 3371 2116 3429 aperte

541 3458 770 3511 scribere
803 3450 1084 3526 [noluisse]
1119 3450 1388 3512 voluisse,
1421 3464 1488 3504 ne
1515 3445 1837 3502 calumniam
1871 3449 2113 3505 videlicet

541 3547 860 3606 incurreret,
893 3542 1033 3611 quod
1090 3542 1326 3592 [tomum
1360 3540 1582 3606 imperio
1615 3541 1751 3593 male
1804 3540 2112 3607 optaverit,

541 3653 659 3692 rum
695 3641 1001 3704 steraretur
1047 3641 1302 3686 aternnm
1336 3647 1348 3681 :
1382 3638 1440 3683 ut
1489 3631 1586 3682 bon
1615 3629 1760 3698 quod
1787 3630 1943 3694 dixit,
1992 3629 2108 3684 iam

541 3731 696 3783 etiam
727 3723 1038 3797 mysterium
1082 3721 1370 3788 iniquitatis
1399 3731 1676 3787 operatur,
1731 3719 1996 3773 Neronem
2025 3736 2115 3773 vo-

545 3823 698 3876 luerit
727 3817 983 3884 itttellgi,
1016 3816 1165 3881 cujus
1189 3812 1298 3880 j.un
1333 3813 1466 3865 facta
1497 3813 1638 3885 velut
1682 3811 1993 3866 Antichristi
2039 3813 2112 3864 vi-

540 3913 820 3966 debantur.
851 3907 1002 3962 Unde
1026 3904 1265 3957 nonnulli
1297 3903 1468 3970 ipsum
1504 3915 1922 3956 resurrecturum
1954 3915 2010 3956 et
2033 3903 2114 3955 lu-

542 4013 719 4056 tnrutn
752 3997 1140 4054 Anticliristutn
1172 3995 1542 4062 suspicantur;
1566 3995 1652 4046 alii
1686 4008 1814 4047 vero
1833 4008 1930 4046 nec
1950 3991 2115 4063 [eum]

545 4093 774 4146 occisum
811 4096 993 4155 putant
1013 4125 1028 4146 ,
1061 4084 1153 4139 scd
1189 4083 1516 4137 subtractum
1547 4083 1722 4151 potius
1754 4095 1812 4136 ut
1843 4091 2115 4151 putaretur

543 4184 775 4244 occisus,
806 4192 856 4233 et
882 4193 1055 4232 vivum
1085 4177 1340 4228 occultari
1384 4175 1434 4228 in
1465 4175 1645 4242 vigore
1672 4175 1837 4242 ipsius
1867 4175 2039 4228 aetatis
2062 4175 2113 4226 in

543 4292 641 4345 qua
674 4274 771 4329 luit
805 4286 924 4324 cuni
957 4269 1265 4322 crederetur
1292 4265 1605 4331 exstinctus,
1650 4266 1819 4319 donec
1861 4280 1956 4318 suo
1983 4277 2113 4318 tem-

2218 3084 2591 3153 plsantatmata
2619 3083 2938 3151 dt-cepturtts
2966 3085 3292 3152 est,utqttod
3324 3101 3428 3138 non
3462 3084 3583 3138 facit
3614 3084 3766 3138 facere

2217 3177 2495 3230 videatur:
2529 3191 2595 3230 an
2625 3175 2744 3243 quia
2777 3175 2864 3228 illa
2897 3176 3032 3241 ipsa,
3064 3175 3225 3228 etiam
3257 3176 3299 3228 si
3333 3185 3488 3228 erunt
3515 3190 3628 3229 vera
3663 3188 3763 3242 pto-

2215 3266 2380 3335 digia,
2410 3266 2476 3318 ad
2521 3265 2857 3319 mendacium
2901 3264 3212 3332 pertrahent
3239 3267 3544 3319 credituros
3589 3281 3685 3318 non
3712 3279 3763 3316 ea

2216 3357 2457 3426 potuisse
2482 3357 2583 3411 nisi
2613 3357 2871 3411 divinitus
2891 3356 3004 3410 ﬁeri
3037 3360 3286 3411 virtutem
3313 3357 3515 3411 diaboli
3545 3360 3761 3411 nescien-

2220 3461 2330 3514 tes,
2365 3449 2596 3504 maxime
2637 3449 2851 3518 quando
2882 3459 3084 3502 tantam
3114 3460 3370 3517 quantam
3403 3465 3663 3519 nunquam
3689 3448 3764 3498 ba-

2221 3537 2334 3590 buit
2355 3539 2620 3608 acceperit
2652 3549 2996 3609 potestatem.
3024 3539 3135 3592 Non
3159 3541 3301 3592 enim
3333 3541 3546 3608 quando
3565 3540 3630 3594 de
3645 3544 3764 3594 ccio

2221 3635 2354 3704 ignis
2381 3632 2574 3686 cecidit
2595 3640 2650 3687 et
2680 3641 2877 3686 tantam
2913 3631 3164 3684 familiam
3193 3647 3317 3684 cum
3352 3637 3511 3685 tantis
3537 3633 3763 3701 gregibus

2225 3735 2474 3790 pecorum
2497 3722 2666 3775 sancti
2697 3722 2800 3777 Job
2828 3737 2934 3776 uno
2965 3723 3163 3790 impetu
3191 3721 3506 3788 ahsump~it,
3538 3731 3592 3777 et
3629 3723 3763 3774 turbo

2219 3811 2425 3862 irruens
2457 3819 2513 3864 et
2535 3811 2749 3865 domum
2779 3813 3033 3881 dejiciens
3065 3813 3200 3866 filios
3223 3814 3340 3882 ejus
3366 3813 3578 3874 occidit,
3620 3812 3762 3881 phan-

2219 3909 2440 3956 tasmata
2473 3902 2707 3968 fuerunt,
2739 3915 3056 3972 quartatnen
3083 3905 3230 3960 fuere
3257 3922 3418 3975 opera
3442 3908 3667 3969 Salsum,
3693 3904 3761 3958 eui

2218 3995 2355 4050 Deus
2383 3995 2605 4049 dederat
2636 3994 2774 4050 hanc
2804 4005 3142 4064 potestatem.
3166 3998 3272 4052 Sed
3299 4011 3512 4065 ptopter
3536 3998 3655 4066 quid
3681 3999 3760 4046 lto-

2215 4099 2332 4137 rum
2359 4099 2487 4152 ergo
2509 4084 2650 4138 dicta
2678 4084 2786 4137 sint
2817 4085 3050 4154 prodigia
3077 4089 3131 4140 et
3170 4087 3320 4154 signa
3351 4089 3630 4150 mendacii,
3657 4099 3759 4139 tunc

2220 4177 2393 4243 potius
2421 4175 2691 4242 apparebit
2711 4190 2738 4252 ;⁸
2754 4175 2845 4228 sed
2905 4157 3126 4244 propter
3155 4178 3429 4246 quodlibet
3460 4181 3648 4231 borum
3688 4175 3758 4226 di-

2218 4277 2358 4318 cmm
2389 4269 2477 4325 sit,
2524 4265 2846 4318 sedneentnr
2901 4264 2978 4318 eis
3007 4265 3170 4333 signis
3214 4275 3375 4333 atque
3409 4265 3652 4335 prodigiis
3687 4263 3757 4328 qui

551 4378 680 4434 pore
731 4365 994 4416 reveletur
1030 4368 1082 4411 et
1105 4357 1411 4410 restituatur
1445 4355 1496 4407 in
1551 4369 1791 4423 regnum.
1836 4355 1940 4407 Sed
1983 4357 2118 4407 mul-
2147 4351 2197 4410 D
2224 4359 2400 4410 seduci
2435 4358 2776 4410 merebuntur
2809 4373 2821 4407 :
2870 4370 2963 4422 pro
3008 4371 3073 4410 eo
3114 4357 3252 4425 quod
3300 4358 3660 4420 dllt'c‘ionem,
3688 4372 3756 4407 tn-

547 4471 656 4509 tum
691 4454 816 4508 miln
868 4455 997 4504 mira
1028 4462 1110 4504 eet
1136 4448 1248 4500 tunc
1285 4446 1612 4514 opinantium
1646 4455 1788 4498 tanta
1821 4461 2112 4513 prtesnmp.

551 4559 644 4601 ιιο.
698 4544 827 4598 illud
875 4550 1049 4594 tamen
1104 4537 1244 4606 quod
1301 4537 1372 4589 ait
1421 4536 1707 4602 Apostolus
1736 4578 1750 4600 ,
1786 4544 1986 4588 tantum
2029 4537 2114 4600 qui

550 4639 705 4690 tnudu
729 4643 896 4695 tenet,
923 4639 1097 4684 teneat
1124 4629 1292 4681 donec
1313 4627 1379 4679 de
1406 4627 1581 4679 medio
1610 4625 1718 4690 iiat,
1755 4641 1856 4679 non
1889 4625 2118 4678 absurde

547 4737 610 4784 ,ιω
636 4734 748 4798 ιρςο
780 4725 1019 4778 ῐὶυιιιιιιιυ
1066 4723 1285 4788 imperio
1334 4720 1565 4773 creditur
1593 4720 1789 4773 dictum
1819 4759 1833 4783 ,
1866 4727 2114 4786 tanquam

548 4823 748 4874 dictum
782 4819 872 4869 sit,
898 4822 1098 4864 tauttttu
1131 4810 1214 4878 qui
1249 4811 1406 4863 modo
1441 4810 1664 4877 imperat
1697 4813 1921 4876 imperet
1947 4810 2116 4863 donec

546 4916 611 4966 de
643 4909 815 4962 tnodiu
863 4904 976 4965 iiut,
1011 4901 1058 4952 id
1088 4909 1188 4960 est,
1229 4900 1293 4951 de
1325 4900 1497 4952 medio
1530 4902 1763 4963 tollatur,
1796 4909 1847 4954 et
1879 4911 2003 4954 tunc
2035 4917 2118 4955 re-

549 5005 808 5060 velabitur
843 4999 1054 5065 iniquus
1085 5009 1241 5059 quem
1274 4993 1556 5062 signiﬁcari
1589 4997 1972 5048 Anticliristum
2005 4999 2118 5049 nul-

552 5102 628 5148 tns
660 5092 897 5158 nmbigit.
927 5087 1032 5140 Alii
1059 5101 1183 5139 vero
1213 5096 1266 5138 et
1296 5085 1433 5150 quod
1462 5089 1532 5136 nit
1558 5125 1570 5144 ,
1593 5086 1716 5152 quid
1745 5087 1984 5141 detineat
2013 5091 2118 5143 sci-

549 5197 610 5235 tis
634 5194 680 5236 cl
709 5193 1016 5248 mysterium
1038 5172 1332 5243 [operatur]
1354 5175 1557 5240 operari
1579 5177 2010 5244 itiiquitatis,nnn
2028 5197 2120 5246 pti-

553 5284 652 5325 tnnI
690 5273 884 5323 dictum
915 5271 1012 5320 nisi
1038 5268 1274 5319 (initialis
1303 5277 1352 5316 et
1379 5266 1509 5316 lictis
1531 5269 1616 5333 qui
1649 5271 1852 5323 suntin
1880 5270 2115 5324 Ecclesia

551 5370 716 5416 donec
770 5363 1078 5428 perveniunt.
1139 5361 1201 5412 ad
1256 5369 1456 5408 tantum
1509 5374 1786 5412 numerum
1841 5367 1926 5428 qui
1975 5367 2117 5418 Anti-

555 5459 745 5505 tluisto
779 5467 1019 5510 tiiagnnni
1055 5449 1300 5518 populum
1348 5447 1526 5506 iaciat,
1560 5460 1610 5497 ιιι
1648 5450 1743 5500 hoc
1772 5465 1890 5503 CSse
1924 5464 2118 5522 myste-

559 5562 682 5594 t.ut.t
736 5541 1059 5604 tniptitztlis,
1122 5539 1240 5603 quia
1297 5540 1510 5595 \ilctur
1563 5546 1844 5593 uceziitutn.
1903 5542 2112 5596 llorlari

2221 4449 2354 4514 quit,
2385 4447 2624 4500 veritatis
2658 4462 2759 4514 non
2793 4457 3110 4513 recepeiunt
3153 4456 3214 4500 ut
3257 4450 3394 4502 salvi
3443 4452 3642 4504 ﬂerent.
3671 4449 3756 4499 nec

2223 4537 2479 4589 dubitavit
2509 4537 2796 4602 Apostolus
2841 4537 3039 4591 addere
3081 4552 3141 4591 ac
3171 4539 3392 4605 dicere,
3445 4539 3568 4594 ideo
3613 4538 3756 4592 mittt‘t

2225 4627 2328 4679 illis
2362 4627 2498 4680 Deus
2525 4628 2887 4695 operationem
2916 4627 3118 4681 erroris
3144 4641 3199 4681 ut
3225 4631 3447 4682 credant
3481 4629 3753 4683 mendacio.

2229 4720 2360 4771 Deus
2389 4719 2528 4771 enim
2574 4718 2780 4779 mittet,
2812 4718 2934 4785 quia
2980 4719 3116 4772 Deus
3143 4719 3413 4773 diabolum
3464 4719 3632 4775 facere
3675 4719 3754 4770 ista

2225 4811 2501 4880 [permittit
2525 4810 2666 4876 justo
2699 4810 2864 4876 ipsius
2904 4810 3129 4881 judicio]
3172 4818 3444 4880 permittet
3479 4813 3620 4882 justo
3660 4815 3753 4878 ipso

2215 4899 2434 4965 judicio.
2466 4899 2716 4965 Quamvis
2763 4898 2920 4951 iaciat
2967 4899 3053 4952 ille
3083 4900 3264 4968 iniquo
3294 4902 3621 4970 maligneque
3645 4916 3749 4952 cnn-

2221 4989 2343 5040 silio
2372 5005 2381 5039 :
2420 4987 2485 5039 lit
2506 4988 2826 5056 judicentur,
2861 4988 3046 5056 inquit,
3080 5004 3267 5043 omnes
3295 4993 3384 5058 qui
3417 5007 3517 5044 non
3547 4990 3748 5045 credide-

2224 5092 2342 5134 runt
2380 5081 2631 5145 veritati,
2661 5081 2755 5134 sed
2800 5093 3187 5136 consenserunt
3239 5083 3524 5148 iniquitati.
3560 5082 3748 5137 Pro‘mlc

2217 5173 2434 5240 judicati
2465 5171 2782 5227 seduccntnr
2809 5184 2863 5226 et
2905 5173 3108 5228 seducti
3135 5172 3530 5242 jndicabuntur.
3564 5173 3654 5229 Sed
3678 5173 3745 5239 ju-

2221 5266 2376 5319 dicati
2427 5262 2790 5338 jsedncentur]
2821 5265 3144 5318 seducuntur
3186 5265 3292 5318 illis
3318 5267 3529 5333 judiciis
3574 5267 3651 5322 Dei
3677 5278 3744 5316 oc-

2223 5357 2360 5410 culte
2400 5357 2556 5423 justis
2581 5397 2594 5418 ,
2623 5355 2764 5424 juste
2791 5355 3016 5408 occultis
3039 5395 3050 5415 ,
3086 5355 3276 5422 quibus
3309 5356 3375 5410 ab
3404 5355 3548 5410 initio
3579 5353 3742 5423 peccati

2223 5448 2494 5502 rationalis
2525 5458 2781 5500 creaturae
2812 5459 3080 5512 nunquam
3125 5443 3376 5513 judicare
3404 5447 3622 5503 cessavit
3645 5462 3656 5498 :
3682 5457 3739 5495 sc-

2223 5540 2361 5595 ducti
2418 5548 2592 5592 auum
2645 5537 3016 5607 judicabnntur
3044 5537 3336 5592 novissimo
3387 5538 3734 5605 manifestoque
