3886 6224
108 96 220 153 γε(

1350 84 1779 141 τιιεελυιιυε.
1823 84 1977 139 CAP.
2019 85 2174 140 CXL.
2249 41 2253 52 Ι

3294 82 3397 136 ’ἵδῖ

105 211 329 284 judicio
362 226 453 278 per
483 209 751 263 Christum
784 206 969 260 Jesum
997 203 1296 274 iustissime
1322 201 1705 270 iudicaturum,
1743 204 1785 254 A
1817 208 2042 266 nantur,
2074 200 2197 268 quia
2228 211 2325 252 nec
2375 207 2502 252 eunt
2535 196 2584 249 in
2618 205 2838 258 terram,
2872 208 2971 280 nec
3000 193 3247 259 redeunt,
3275 197 3393 248 sivo

112 306 485 376 injttstissitue
509 304 835 372 jtuliCatum.

717 417 941 472 CAPUT
981 416 1136 470 CXL.

117 511 274 575 Quid
319 511 454 562 idem
484 509 757 578 Apostolus
788 512 840 560 in
873 511 1038 575 prima
1076 511 1142 562 ad
1171 508 1371 560 eosdem
1399 509 1618 573 epistola
1656 508 1720 560 de

195 581 592 634 ltesurrectione
623 590 942 634 mortuorum
981 581 1234 644 docuerit,
1276 596 1338 632 ea:
1367 582 1541 632 eodem
1586 580 1718 630 libro

195 667 295 704 XX.

196 765 309 820 Sed
362 765 447 818 hic
492 765 778 833 Apostolus
810 767 974 820 tacuit
1015 766 1084 819 de
1135 766 1525 830 resurrectione
1579 779 1718 816 mor—

124 842 365 923 tuorum,
386 860 451 912 ad
480 859 697 914 eosdem
715 871 889 913 autem
915 862 1156 914 scribens
1185 861 1234 912 in
1259 860 1483 928 epistola
1510 860 1673 925 prima
1700 872 1714 908 :

123 951 429 1013 Nolumus,
482 951 688 1019 inquit,
741 967 836 1005 vos
885 953 1156 1016 ignorare,
1204 951 1423 1013 fratres,
1477 951 1544 1004 de
1593 949 1718 1002 (τοι-α

126 1042 423 1096 mientibus
444 1087 457 1109 ,
497 1053 553 1095 ut
601 1057 704 1096 non
733 1043 1141 1112 contristemini,
1174 1045 1312 1097 sicut
1342 1054 1396 1096 et
1424 1043 1600 1096 cmteri
1632 1044 1718 1109 qui

126 1144 282 1198 spem
316 1146 421 1184 non
456 1132 672 1186 habent.
713 1131 842 1184 Nam
872 1135 913 1184 si
944 1133 1210 1187 credimus
1233 1133 1372 1202 quod
1399 1133 1552 1186 Jesus
1580 1150 1720 1185 mur-

127 1227 258 1274 tuus
283 1232 368 1275 est
395 1230 451 1274 et
474 1223 784 1289 resurrexit,
824 1225 890 1277 ita
915 1231 967 1276 et
992 1223 1131 1276 Deus
1159 1232 1252 1276 eos
1281 1222 1369 1289 qui
1393 1222 1723 1275 dormierunt

131 1326 228 1378 per
247 1310 525 1367 Christum
553 1312 776 1366 adducet
803 1328 923 1365 cum
960 1314 1073 1365 illo.
1106 1312 1217 1366 Hoc
1244 1313 1382 1365 enim
1407 1312 1558 1364 vobis
1587 1311 1719 1364 dit-i-

129 1419 252 1456 mus
287 1405 340 1456 in
390 1404 557 1458 verbo
593 1406 824 1469 Domini,
852 1405 972 1472 quia
1020 1418 1117 1457 nos
1148 1405 1390 1458 viventes
1416 1404 1503 1473 illi
1536 1402 1723 1471 reliqui

124 1509 320 1547 sumus
356 1495 407 1548 in
454 1496 684 1548 adventu
718 1495 927 1547 Domini
961 1509 1064 1548 non
1093 1496 1480 1563 prteveniemus
1520 1507 1612 1547 eos
1632 1494 1720 1561 qui

1821 293 2015 347 nullam
2060 305 2280 362 prorsus
2308 289 2650 357 experiantur
2680 272 2907 342 mortem
2932 327 2948 353 ,
2976 287 3089 341 sive
3121 287 3393 355 paululum

1820 384 2026 438 in'aere
2072 384 2388 437 moriantur.
2421 382 2523 436 Set
2556 380 2698 434 aliud
2745 394 2932 435 rursus
2972 380 3204 434 occurrit
3253 381 3395 449 quod

1821 477 1958 530 idem
1987 476 2120 530 dixit
2149 473 2434 543 Apostolus
2457 489 2574 527 cum
2603 472 2670 526 de
2699 472 3088 526 resurrectione
3109 483 3396 539 Corporum

1820 571 1883 622 ad
1913 569 2218 623 Corinthios
2244 569 2554 635 loqueretur
2607 585 2621 621 :
2668 567 2867 625 Omnes
2916 579 3277 635 resurgemus,
3309 567 3398 619 vel

1821 659 1979 722 (sicut
2008 660 2098 713 alii
2128 659 2344 712 codices
2374 656 2592 724 habent)
2634 668 2823 710 omnes
2869 657 3216 712 dormiemus.
3263 656 3396 711 Cum

1822 764 1950 818 ergo
1979 764 2074 803 nec
2094 748 2414 803 resurrectio
2439 747 2574 812 tieri,
2594 748 2694 801 nisi
2718 761 2860 801 mors
2887 750 3243 815 prmeesserit,
3276 763 3401 817 pos-

1821 839 1916 904 sit,
1950 853 2046 891 nec
2090 837 2470 891 dormitionem
2504 839 2768 904 possimus
2797 836 2891 891 illo
2933 839 3050 892 loco
3097 839 3396 908 intelligere

1824 935 1921 989 nisi
1965 943 2188 989 mortem
2211 977 2226 1000 ,
2256 935 2524 1004 quomodo
2554 924 2742 989 omnes
2786 937 2866 989 vel
2896 937 3165 992 dormi‘ent
3197 940 3282 996 vel
3312 957 3396 995 re-

1822 1033 2074 1096 surgent,
2110 1026 2155 1080 si
2187 1036 2292 1080 tam
2317 1028 2466 1080 ntulti
2493 1040 2627 1095 quos
2650 1027 2702 1079 iu
2728 1040 2952 1095 corpore
2977 1029 3286 1086 inventurus
3315 1010 3400 1086 est

1822 1117 2086 1184 Christus,
2117 1131 2218 1170 nec
2247 1116 2535 1183 dormient,
2569 1132 2669 1172 nec
2694 1120 3011 1186 resurgent?
3039 1120 3096 1175 Si
3125 1135 3253 1191 ergo
3274 1139 3397 1178 san-

1823 1220 1938 1260 ctos
1969 1209 2058 1273 qui
2088 1208 2423 1275 reperientur
2451 1207 2664 1263 Christo
2693 1208 2943 1265 veniente
2972 1212 3213 1268 viventes
3238 1216 3396 1283 eique

1825 1305 1877 1357 iu
1905 1304 2116 1358 obviam
2139 1306 2431 1374 rapientur,
2459 1305 2906 1360 credecrimusiu
2934 1308 3120 1362 eodem
3154 1319 3306 1377 raptu
3331 1311 3398 1363 de

1825 1395 2137 1448 mortalibus
2161 1394 2742 1462 corporibusexi'turos,
2775 1405 2829 1450 et
2848 1398 2910 1448 ad
2943 1398 3126 1452 eadem
3154 1415 3276 1454 mox
3303 1401 3400 1455 im-

1827 1484 2068 1539 mortalia
2099 1485 2386 1551 redituros,
2417 1486 2588 1539 nullas
2611 1487 2662 1539 in
2685 1488 2861 1541 verbis
2885 1487 3402 1558 Apostolipatiemur
3459 1519 3464 1524 ο

127 1597 262 1638 ante
292 1585 652 1646 dormierunt,
685 1586 937 1654 quoniam
971 1587 1085 1653 ipse
1109 1586 1370 1640 Dominus
1400 1585 1639 1653 injussu,
1665 1586 1714 1637 in
1750 1573 1795 1631 Β
1821 1577 2112 1646 angustias,
2145 1578 2257 1632 sive
2287 1577 2371 1630 ubi
2417 1576 2545 1630 dicit
2587 1593 2601 1629 :
2630 1577 2709 1630 Tu
2749 1577 2889 1646 quod
2930 1579 3163 1633 seminus
3187 1595 3291 1634 non
3323 1583 3400 1634 vi-

129 1690 266 1728 voce
294 1675 639 1744 Archangeli,
670 1687 720 1729 et
755 1681 806 1729 in
851 1678 976 1730 tuba
1010 1677 1127 1743 Dei,
1157 1677 1445 1731 descendet
1473 1675 1539 1730 de
1561 1677 1718 1739 cmlo,

127 1777 186 1823 et
222 1770 417 1822 mortui
453 1768 561 1840 [qui
596 1773 647 1822 in
676 1759 894 1824 Christo
925 1769 1069 1841 sunt]
1103 1770 1153 1824 in
1187 1771 1403 1825 Christo
1445 1779 1726 1838 resurgent

135 1860 331 1928 primi;
359 1860 552 1914 deinde
598 1875 692 1914 nos
722 1863 961 1915 viventes
1004 1863 1089 1930 qui
1119 1863 1304 1929 reliqui
1338 1877 1524 1915 sumus
1567 1861 1724 1914 simul

137 1966 264 2003 cum
289 1951 398 2005 illis
420 1951 690 2019 rapiemur
719 1954 768 2004 in
801 1952 1030 2006 nubibus
1059 1952 1267 2005 obviam
1297 1951 1510 2006 Christo
1537 1952 1645 2021 93
1672 1954 1720 2004 in

130 2056 290 2103 aera,
323 2053 378 2094 et
408 2043 480 2095 ita
509 2056 721 2111 semper
749 2057 869 2106 cum
899 2043 1124 2096 Domino
1153 2045 1374 2097 erimus.
1411 2044 1533 2096 Hmc
1564 2045 1721 2097 verba

137 2132 440 2200 apostolica
514 2132 962 2186 resurrectionem
1037 2144 1370 2185 mortuorum
1464 2133 1719 2194 tatur-am,

127 2226 354 2292 quando
386 2225 562 2279 veniet
605 2225 790 2294 utique
820 2224 1065 2279 Christus
1109 2227 1172 2278 ad
1207 2228 1353 2278 vivos
1393 2236 1445 2280 et
1486 2236 1726 2280 mortuos

127 2317 455 2384 iudicandos
481 2360 493 2382 ,
527 2319 936 2385 pra'clariSsitne
962 2319 1267 2372 ostendunt.
1301 2320 1404 2374 Sed
1432 2319 1600 2386 qua-ri
1632 2334 1725 2372 so-

132 2409 208 2463 let
258 2418 438 2461 tttrum
470 2409 546 2462 illi
593 2425 726 2477 quos
754 2410 837 2462 hic
861 2410 1096 2464 viventes
1125 2411 1436 2464 inventurus
1469 2420 1550 2464 est
1576 2408 1725 2463 Chri-

129 2511 288 2564 stus,
333 2516 558 2570 quorum
591 2518 872 2570 personam
914 2504 964 2556 in
1006 2518 1065 2557 se
1108 2514 1266 2568 atque
1319 2504 1438 2557 illus
1471 2505 1558 2569 qui
1596 2513 1725 2556 tunc

131 2608 326 2646 secum
358 2593 607 2647 vivebant
643 2594 1055 2660 transﬁgurabat
1103 2594 1416 2662 Apostolus,
1449 2608 1723 2662 nunquam

128 2687 359 2739 «mnino
382 2687 630 2740 morituri
661 2687 767 2740 sint
789 2727 806 2746 .
848 2703 913 2741 an
947 2689 1062 2754 ipso
1095 2687 1348 2755 temporis
1398 2699 1592 2757 puncto
1618 2703 1723 2755 quo

128 2793 260 2831 eum
293 2776 693 2846 resurgentihus
742 2779 1016 2846 rapientur
1045 2779 1096 2831 in
1129 2779 1356 2833 nubibus
1379 2820 1394 2842 ,
1429 2779 1480 2833 in
1511 2780 1720 2833 obviam

131 2868 358 2921 CbrTsto
389 2867 441 2919 in
466 2882 586 2920 aera
617 2867 683 2921 ad
713 2869 1165 2923 immortalitatem
1201 2883 1292 2936 per
1334 2879 1556 2923 mortem
1589 2871 1719 2948 tpira

1826 1670 2086 1736 vitientur,
2119 1669 2219 1723 nisi
2253 1667 2442 1741 [prius]
2484 1669 2775 1735 moriatur;
2808 1671 2918 1726 sive
2949 1671 3035 1725 ubi
3067 1672 3197 1726 dicit
3228 1689 3241 1725 :
3273 1671 3402 1727 0m-

1827 1778 1923 1817 nes
1951 1777 2310 1831 resurgemus,
2330 1773 2443 1827 aut,
2469 1762 2664 1816 Omnes
2686 1763 3012 1819 dormiemus
3031 1765 3180 1835 :quia
3207 1781 3303 1820 uec
3329 1767 3401 1821 illi

1827 1870 1920 1923 per
1971 1854 2427 1908 immortalitatem
2481 1855 2909 1922 vivificabuntur,
2959 1859 3059 1912 nisi
3107 1860 3404 1928 quamlibet

1827 1946 2098 2014 paululum
2123 1945 2301 2000 tamen
2332 1955 2456 2000 ante
2487 1949 2802 2011 moriantur,
2835 1962 2898 2002 ac
2926 1958 3021 2016 per
3047 1949 3147 2004 hoc
3176 1962 3229 2006 et
3258 1963 3286 2005 a
3319 1969 3404 2006 re-

1825 2045 2158 2095 surrectione
2189 2050 2293 2095 non
2316 2051 2469 2095 erunt
2499 2042 2679 2106 alieni,
2713 2051 2870 2110 quam
2905 2043 3231 2100 dormitione
3267 2062 3403 2114 ριίιι-

1827 2133 2048 2195 cedunt,
2081 2134 2326 2198 quamvis
2356 2132 2696 2197 brevissima,
2750 2148 2854 2186 non
2888 2141 3062 2188 tamen
3102 2136 3266 2191 nulla.
3299 2139 3404 2190 Cur

1827 2232 2005 2278 autem
2047 2220 2200 2276 nobis
2226 2222 2539 2276 incredibile
2563 2224 2802 2276 videatur
2834 2225 2973 2277 illam
3005 2226 3402 2284 multitudinem

1827 2329 2010 2378 eorum
2025 2324 2113 2368 um
2165 2314 2214 2366 in
2245 2298 2368 2367 aere
2399 2314 2792 2380 quodammodo
2821 2316 3105 2378 seminari.
3145 2329 3304 2388 atque
3333 2321 3402 2373 ibi

1829 2407 2078 2475 protinus
2125 2405 2505 2459 immortaliter
2553 2416 2711 2475 atque
2765 2408 3236 2479 incorruptibiliter
3268 2412 3411 2467 rt-vi;

1832 2500 2040 2552 viscere
2064 2539 2079 2561 ,
2111 2511 2232 2550 cum
2288 2499 2572 2553 credamus
2600 2498 2738 2565 quod
2788 2499 2925 2554 idem
2975 2503 3088 2570 ipSe
3122 2505 3408 2571 Apostolus

1829 2587 2167 2655 apertissine
2193 2587 2360 2642 dicit:
2393 2588 2449 2643 In
2479 2589 2580 2644 ictu
2609 2591 2771 2656 oculi,
2807 2590 3034 2646 futuram
3064 2598 3406 2648 resurrectio-

1830 2696 1947 2733 nem
1968 2721 1982 2745 ,
2009 2692 2062 2735 et
2093 2682 2144 2734 in
2173 2682 2410 2736 membra
2443 2683 2558 2737 sine
2590 2683 2693 2737 line
2716 2685 2940 2751 victura,
2978 2696 3122 2740 tanta
3154 2685 3407 2742 facilitate

1823 2772 2040 2841 jamque
2073 2773 2433 2828 inaestimabili
2462 2775 2745 2828 velocitate
2776 2766 3069 2830 rediturum
3098 2779 3332 2848 antiquis
3365 2781 3404 2834 i-

1829 2878 2035 2918 morum
2077 2864 2395 2918 cadaverum
2437 2865 2747 2933 pulverem?
2777 2880 2875 2920 nec
2913 2865 2980 2921 ab
3010 2868 3098 2921 illa
3142 2866 3405 2926 sententia

135 2957 426 3012 celeritate
458 2957 796 3011 transibunt?
824 2957 1004 3026 Neque
1019 2959 1157 3011 enim
1186 2929 1462 3012 dicendum
1496 2967 1578 3011 est
1607 2929 1723 3011 lieri
1748 2929 1797 2992 ο
1830 2971 1930 3024 qua
1963 2955 2161 3010 h‘omtni
2193 2956 2390 3011 dictum
2423 2929 2504 3011 est
2535 2973 2549 3010 :
2577 2957 2740 3011 Terra
2774 2973 2851 3023 es,
2880 2967 2934 3013 et
2958 2959 3008 3013 iu
3040 2961 3233 3016 terram
3266 2964 3403 3028 ibis;

133 3065 249 3102 non
286 3062 442 3115 posse
470 3058 524 3099 ut
555 3048 679 3100 dum
728 3061 823 3115 per
852 3062 975 3100 aera
1007 3047 1057 3100 in
1091 3048 1316 3101 sublime
1346 3056 1624 3116 portantur
1669 3049 1719 3101 in

133 3140 233 3190 illo
271 3137 443 3205 spatio
472 3146 525 3189 et
575 3137 878 3191 moriantur
922 3145 977 3190 et
1023 3138 1359 3192 reviviscant.
1405 3139 1555 3204 Quod
1581 3140 1722 3193 enim

125 3233 224 3294 ait,
258 3231 324 3282 Et
352 3231 421 3283 ita
454 3245 662 3298 semper
692 3246 810 3284 cum
844 3231 900 3284 D.
925 3232 1070 3285 mino
1097 3233 1316 3295 erimus,
1347 3247 1450 3284 non
1482 3233 1557 3284 sic
1581 3233 1724 3284 acci-

129 3324 392 3393 piendum
436 3334 558 3392 est,
593 3333 839 3393 tanquam
885 3326 938 3378 in
971 3340 1094 3379 aere
1146 3339 1243 3378 nos
1273 3324 1468 3377 dixerit
1517 3339 1727 3392 semper

125 3430 260 3469 cum
293 3415 522 3469 Domino
551 3432 671 3470 esse
703 3432 1004 3483 mansuros,
1031 3419 1149 3487 quia
1182 3431 1279 3471 nec
1309 3418 1422 3484 ipse
1449 3418 1631 3483 utique
1655 3417 1723 3470 ibi

127 3505 376 3559 manebit
404 3507 525 3573 quia
560 3507 779 3561 veniens
802 3510 1126 3562 transiturus
1143 3515 1245 3562 est.
1265 3508 1507 3562 \‘enienti
1533 3508 1727 3576 quippe

126 3598 298 3650 lbitur
322 3599 532 3651 obviam
565 3615 666 3652 non
698 3602 952 3666 manenti,
983 3601 1078 3655 sed
1113 3601 1183 3654 ita
1213 3617 1332 3654 cum
1369 3595 1594 3654 Domino
1618 3601 1725 3654 cri-

131 3707 276 3750 mus.
308 3692 360 3743 id
390 3701 492 3753 est.
526 3694 602 3745 sic
619 3694 817 3746 erimus
845 3694 1100 3748 habentes
1129 3708 1350 3758 corpora
1380 3694 1720 3760 sempiterna,

133 3783 463 3851 ubicumque
491 3799 610 3836 cum
645 3784 734 3836 illo
767 3783 1034 3838 fuerimus.
1089 3783 1166 3836 Ad
1216 3784 1354 3836 hunc
1381 3793 1558 3836 autem
1604 3798 1725 3836 sen-

143 3887 264 3924 sum
292 3887 401 3940 qao
430 3874 795 3927 existimemus
824 3877 980 3927 etiam
1031 3874 1149 3928 illos
1180 3888 1311 3941 quos
1352 3873 1436 3926 hic
1465 3872 1611 3926 vivos
1641 3875 1723 3926 in—

132 3976 398 4020 venturus
426 3978 506 4020 est
540 3969 798 4022 Dominus
826 3968 876 4020 in
912 3969 1029 4034 ipso
1059 3982 1221 4036 parvo
1249 3967 1421 4034 spatio
1452 3974 1506 4019 et
1533 3979 1721 4033 passu-

133 4075 220 4112 ros
249 4069 480 4111 mortem
510 4069 561 4112 et
584 4069 897 4127 accepturos
930 4059 1408 4118 immortalitatem,
1442 4058 1559 4125 ipse
1584 4060 1722 4125 Apo-

133 4150 303 4204 stolus
359 4163 455 4202 nos
485 4164 588 4202 non
622 4150 831 4202 videtur
855 4162 1047 4217 urgere
1079 4149 1166 4200 ul'ri
1212 4147 1337 4200 dicit
1365 4187 1380 4209 ,
1423 4146 1476 4199 In
1507 4147 1718 4199 Christo

132 4257 324 4293 omnes
361 4239 797 4303 viviﬁcabuntur,
828 4255 948 4292 cum
975 4241 1078 4292 alio
1109 4240 1224 4311 loco
1253 4237 1321 4291 de
1348 4238 1458 4306 ipsa
1493 4238 1715 4306 loquens

137 4333 530 4385 resurrectione
555 4347 836 4398 corporum
870 4333 1029 4391 dicat,
1059 4332 1137 4384 Tu
1163 4330 1304 4398 quod
1333 4333 1563 4384 seminus
1609 4346 1711 4382 non

135 4425 440 4477 viviticatur
494 4423 591 4477 nisi
642 4422 832 4494 [prius]
883 4425 1177 4478 moriatur?
1227 4425 1508 4491 Quomodo
1554 4418 1717 4493 igitur

137 4530 268 4578 quos
301 4515 550 4568 viventes
583 4515 665 4566 hic
688 4514 931 4568 Christus
961 4516 1192 4569 inveniet
1224 4530 1317 4583 per
1347 4517 1717 4568 immortalita-

140 4615 240 4655 tem
268 4606 320 4656 in
370 4604 461 4655 illo
487 4603 914 4669 viviﬁcabuntur,
945 4612 1000 4656 et
1027 4604 1071 4655 si
1121 4618 1224 4656 non
1256 4602 1547 4656 moriantur
1594 4619 1713 4656 cum

140 4696 416 4747 videamus
445 4706 658 4763 propter
682 4695 782 4748 hoe
811 4711 930 4750 esse
953 4696 1169 4760 dictum,
1226 4696 1300 4750 Tu
1324 4696 1460 4764 quod
1484 4696 1716 4749 seminas

144 4802 242 4838 non
279 4786 579 4838 vivilicatur
603 4786 700 4837 nisi
733 4784 920 4854 [prius]
954 4785 1231 4850 moriatur,
1263 4795 1354 4838 aut
1381 4787 1424 4836 si
1451 4793 1590 4837 recte
1609 4799 1710 4838 non

142 4879 375 4930 dicimus
407 4878 662 4929 seminari
695 4877 793 4929 nisi
826 4892 886 4930 ea
915 4890 1138 4942 corpora
1164 4877 1435 4929 hominum
1459 4891 1574 4943 qua:
1603 4890 1716 4928 m0-

142 4971 324 5022 rieudo
377 4985 592 5037 quoquo
646 4969 804 5021 modo
837 4977 1176 5022 revertuntur
1225 4969 1274 5021 in
1310 4976 1534 5031 terram;
1578 4967 1714 5020 sicut

141 5078 254 5115 sese
285 5064 445 5115 habet
475 5063 632 5114 etiam
668 5062 750 5114 il‘a
799 5062 850 5113 in
892 5070 1336 5128 transgressorem
1370 5069 1571 5127 patrem
1623 5076 1713 5127 ge.

145 5158 282 5208 neris
312 5155 530 5206 humani
561 5153 810 5206 divinitus
842 5154 1041 5220 prolata
1066 5154 1343 5215 sententia,
1369 5151 1626 5204 Terra‘cs
1659 5161 1712 5203 ct

146 5244 194 5295 in
227 5255 422 5299 terram
457 5243 574 5305 ibis;
618 5242 889 5298 fatendum
917 5253 999 5298 est
1043 5245 1171 5296 istos
1200 5259 1333 5311 quos
1375 5245 1605 5296 nondum
1647 5245 1712 5296 de

146 5337 454 5402 corporibus
491 5350 737 5402 egressos
757 5350 876 5389 cum
910 5334 1344 5389 venietChristus
1377 5335 1633 5398 inveniet,
1658 5347 1710 5389 et

149 5428 256 5481 istis
283 5429 463 5482 verbis
513 5427 751 5492 Apostoli
801 5435 855 5479 et
886 5427 990 5479 illis
1036 5426 1105 5479 de
1147 5424 1336 5478 Genesi
1384 5441 1487 5477 non
1515 5428 1706 5479 leucri.

147 5522 401 5582 Quoniam
435 5533 642 5571 sursum
669 5520 718 5570 iu
752 5518 978 5572 nubibus
1012 5519 1168 5584 rapti,
1204 5533 1304 5570 non
1330 5517 1509 5583 utique
1548 5522 1708 5571 semi-

1831 3050 2034 3103 tuturds
2075 3051 2192 3104 illos
2223 3053 2438 3104 sanctos
2469 3049 2792 3105 arbitremur
2825 3049 3108 3119 immunes,
3140 3054 3187 3108 si
3214 3069 3400 3109 eorum

1831 3143 2168 3195 morientium
2199 3135 2258 3196 in.
2280 3152 2473 3197 terram
2505 3157 2610 3197 non
2652 3144 2891 3198 recident
2913 3153 3174 3213 corpora;
3207 3149 3300 3202 sed
3327 3152 3400 3203 si-

1827 3242 1913 3286 cut
1943 3236 1993 3286 in
2026 3234 2139 3299 ipso
2171 3244 2324 3299 raptu
2347 3234 2664 3290 morientur.
2695 3235 2763 3288 ita
2789 3244 2844 3288 et
2871 3226 3298 3302 tesu'rgtt'tttdurtt
3335 3241 3400 3294 fe-

1830 3330 2018 3379 runtur
2041 3327 2092 3378 in
2124 3340 2265 3377 aera.
2295 3326 2351 3378 ln
2375 3335 2569 3379 terram
2602 3327 2796 3394 quippe
2827 3325 2949 3392 ibis,
2982 3326 3056 3398 [id
3085 3337 3187 3398 est]
3219 3336 3322 3393 est,
3352 3331 3403 3382 iu

1832 3420 1929 3469 hoc
1977 3418 2079 3488 illis
2129 3417 2322 3469 amissa
2365 3417 2468 3470 vita
2527 3417 2666 3486 quod
2717 3433 2837 3471 eras
2890 3410 3172 3486 antequam
3227 3406 3408 3474 suine-

1829 3526 1913 3563 res
1937 3512 2119 3576 vitam,
2152 3509 2203 3563 id
2235 3518 2339 3573 est,
2365 3508 2464 3562 hoc
2489 3510 2598 3562 eris
2627 3509 2966 3564 exanimatus
2993 3514 3132 3579 quod
3157 3527 3277 3565 eras
3303 3527 3400 3564 an-

1831 3610 2038 3668 teqnam
2088 3614 2236 3654 esses
2279 3601 2567 3653 animatus.
2635 3599 2814 3653 Terrae
2867 3600 3062 3667 qu’ippe
3115 3595 3404 3654 insn‘l’tiavit

1830 3694 1970 3746 Deus
2003 3694 2054 3745 in
2089 3693 2273 3746 faciem
2305 3692 2492 3745 ﬂatum
2526 3693 2647 3744 vitae
2671 3735 2684 3756 ,
2733 3696 2853 3745 cum
2902 3691 3070 3744 faett‘ls
3098 3691 3286 3763 [esset]
3317 3707 3397 3746 est

1828 3785 1986 3834 homo
2016 3785 2066 3834 in
2097 3783 2324 3834 animam
2355 3782 2526 3833 vivom
2554 3798 2567 3844 ;
2603 3790 2847 3849 tanquam
2875 3779 3144 3834 diceretur
3176 3797 3191 3835 :
3225 3782 3390 3836 Terra

1823 3889 1882 3927 es
1909 3874 2140 3926 animata
2168 3873 2305 3939 quod
2361 3888 2464 3925 non
2498 3885 2639 3935 cras,
2675 3881 2813 3924 terra
2843 3873 2948 3924 eris
2971 3863 3234 3926 exanimis
3264 3874 3400 3926 sicut

1824 3979 1964 4027 «δι-με,
1999 3962 2144 4036 [hoc]
2170 3963 2308 4031 quod
2340 3973 2464 4016 sunt
2507 3971 2560 4016 et
2581 3973 2859 4030 antequam
2891 3969 3198 4032 put‘resrant
3227 3969 3401 4020 omnia

1823 4069 2046 4124 corpora
2075 4066 2430 4117 mortuorum,
2461 4057 2601 4122 quod
2630 4064 2789 4108 erunt
2817 4062 2870 4108 et
2898 4053 2983 4116 illa
3010 4056 3054 4108 si
3087 4059 3402 4120 morientur,

1826 4148 2125 4216 ubicunque
2157 4148 2471 4210 moriantur,
2517 4161 2636 4200 cum
2667 4146 2771 4199 vita
2801 4148 3056 4200 carebunt
3081 4163 3237 4216 quam
3269 4163 3397 4202 con-

1828 4242 1973 4294 tinuo
2030 4250 2306 4305 receptura
2355 4248 2498 4292 sunt.
2556 4238 2644 4291 Sic
2687 4254 2815 4306 ergo
2864 4241 3012 4290 ibunt
3063 4240 3112 4291 in
3167 4250 3394 4302 terram,

1826 4332 2080 4405 {quando}
2109 4333 2228 4401 quia
2257 4347 2321 4386 ex
2354 4331 2486 4384 vivis
2517 4330 2817 4383 hominibus
2847 4340 2980 4382 terra
3005 4339 3177 4394 erunt,
3211 4347 3399 4399 quem-

1827 4428 2112 4480 admodtttn
2167 4429 2200 4479 it
2231 4426 2282 4477 itt
2309 4427 2540 4478 cinerem
2574 4421 2709 4489 quod
2747 4424 2799 4474 lit
2821 4423 2976 4483 cinis,
3006 4424 3042 4474 it
3090 4424 3138 4474 iu
3167 4434 3400 4476 vetusta-

1828 4507 2104 4587 tem'quod
2147 4517 2203 4569 fit
2253 4528 2430 4581 vetus,
2470 4515 2506 4567 it
2552 4513 2603 4566 in
2648 4523 2837 4565 testam
2889 4513 3028 4581 quod
3075 4528 3141 4565 ex
3181 4516 3290 4566 luto
3345 4516 3399 4566 lit

1827 4621 1981 4672 testa,
2012 4620 2064 4663 et
2086 4593 2187 4662 alia
2210 4606 2548 4678 [arescentia]
2574 4614 2826 4657 sexcenta
2851 4604 2930 4657 sic
2953 4605 3235 4674 loquinmr.
3258 4604 3394 4671 Quo-

1826 4706 1983 4758 modo
2004 4714 2179 4757 autem
2208 4701 2278 4755 sit
2319 4700 2550 4752 futurum
2580 4698 2719 4766 quod
2761 4715 2900 4751 nunc
2933 4714 3027 4766 pro
3067 4708 3263 4750 nostra:
3312 4714 3394 4748 ta-

1829 4799 2076 4852 titlnculzc
2101 4795 2304 4849 viribus
2334 4801 2619 4857 utcumque
2648 4792 2983 4859 CODlellllUS,
3014 4800 3134 4842 tunc
3175 4788 3275 4842 erit
3299 4803 3394 4856 po-

1828 4892 1930 4944 tius
2001 4900 2057 4942 ttt
2112 4903 2266 4941 nosse
2317 4901 2614 4955 possemus.
2673 4885 3130 4939 Hesurrcctiunem
3198 4885 3395 4952 quippe

1800 4993 2147 5061 \mortuorum
2175 4978 2431 5042 futuram,
2464 4994 2581 5032 esse
2621 4987 2674 5031 et
2705 4979 2755 5030 iu
2792 4992 2949 5030 carne
2988 4976 3203 5042 quando
3243 4973 3395 5028 Chri-

1823 5092 1934 5130 stus
1984 5087 2234 5128 vonturus
2288 5083 2368 5127 est
2422 5075 2572 5126 vivos
2622 5073 2953 5140 iudicaturus
3005 5079 3056 5120 ct
3115 5079 3379 5123 mortuos.

1823 5180 2050 5242 oportet,
2077 5171 2116 5223 si
2140 5167 2424 5222 Christiani
2452 5181 2568 5220 csse
2592 5166 2849 5228 volumus,
2878 5171 2930 5213 ut
2958 5162 3255 5214 credamus.
3283 5161 3386 5215 Soal

1826 5281 1927 5319 non
1960 5263 2075 5316 ideo
2103 5262 2168 5314 de
2195 5261 2290 5313 hac
2315 5276 2369 5313 re
2391 5259 2561 5314 inanis
2581 5267 2658 5310 est
2684 5255 2810 5309 fides
2839 5265 3038 5317 no~tra,
3063 5272 3106 5307 si
3135 5256 3391 5322 quemad-

1827 5357 2035 5410 modum
2063 5355 2232 5408 futura
2264 5353 2330 5407 sit
2358 5350 2586 5421 perfecte
2628 5347 3073 5417 comprehendere
3105 5363 3205 5400 non
3238 5349 3380 5401 vale-

1824 5465 1960 5503 nllls.
