3886 6224
507 208 610 264 ³1δὲ

1073 321 1293 376 CAPUT
1333 320 1510 375 CXLI.

508 431 829 504 Degadvcntu
857 431 1021 484 Helia:
1050 440 1164 484 ante
1199 431 1458 503 judicium
1482 471 1498 496 ,
1540 435 1692 504 cujus
1717 433 2082 499 prmdicntione

580 501 961 585 Sq'qiturarum
987 514 1179 585 secreto
1201 501 1495 585 ‘rescrante.
1566 501 1696 583 utiuti
1728 514 2082 585 coiecerunt”

577 574 646 626 ad
665 572 952 636 Christum,
982 588 1043 624 ea:
1070 574 1244 625 eodem
1272 573 1398 626 libro
1419 575 1482 627 de
1512 574 1722 627 Civitate
1755 573 1870 626 Iiei.

580 685 712 740 Cum
763 685 1127 741 admonuisset
1175 694 1234 740 ut
1297 685 1666 742 meminissent
1711 686 1840 754 legis
1892 684 2078 754 Moysi,

502 779 752 847 quoniam
781 779 1103 848 providebat
1129 778 1266 852 [eos]
1297 781 1465 834 multo
1495 780 1672 836 adhuc
1691 787 1939 866 tempore
1972 795 2078 834 non

504 885 624 925 eam
653 869 966 939 spiritaliter
995 869 1139 924 sicut
1183 877 1492 940 oportuerat
1540 878 1877 939 accepturos,
1910 871 2083 924 conti-

506 975 613 1014 nuo
634 960 862 1029 subjecit
891 977 905 1012 :
940 959 1007 1014 Et
1052 959 1214 1031 [Ecce
1243 957 1364 1030 ego]
1406 975 1533 1016 ecce
1560 961 1764 1015 mittam
1799 962 1949 1016 vobis
1976 961 2080 1016 Ile-

413 1049 416 1052 ’
505 1052 629 1106 liam
661 1051 949 1106 Thesbiten
975 1091 991 1118 ,
1038 1063 1319 1122 antequam
1350 1053 1526 1108 veniat
1566 1052 1683 1108 dies
1717 1052 1931 1108 Domini
1964 1068 2080 1108 ma-

505 1152 705 1212 gnuset
733 1142 954 1197 illustris
978 1142 1067 1212 qui
1096 1152 1370 1197 convertet
1399 1157 1496 1198 eor
1523 1144 1691 1214 patris
1712 1144 1778 1198 ad
1811 1145 2000 1209 ﬁlium,
2029 1153 2086 1198 et

506 1247 601 1288 cor
633 1231 861 1288 hominis
911 1233 976 1286 ad
1027 1233 1324 1301 proximum
1355 1247 1533 1300 suum,
1588 1248 1656 1288 ne
1693 1232 1830 1289 forte
1860 1234 2084 1289 veniens

507 1325 794 1393 percutiam
847 1334 1041 1379 terram
1090 1321 1472 1394 [anathemate]
1516 1323 1749 1392 penitus.
1800 1323 1905 1378 Per
1945 1323 2084 1377 hunc

509 1416 713 1471 lleliam
742 1430 987 1485 magnum
1018 1413 1424 1484 mirabilemque
1463 1413 1807 1484 Prophetam.
1842 1415 2083 1483 exposita

512 1512 612 1568 sibi
644 1511 763 1582 lege
791 1510 981 1564 ultimo
1020 1519 1268 1580 tempore
1307 1520 1430 1563 ante
1474 1509 1732 1578 judicium
1783 1507 2000 1564 Iudaeos
2029 1511 2081 1562 in

489 1604 774 1659 Christum
802 1618 1010 1667 verum,
1028 1597 1080 1656 id
1094 1611 1194 1668 est,
1218 1602 1271 1656 in
1291 1601 1561 1656 Christum
1579 1614 1816 1657 nostrum
1834 1617 1953 1657 esse
1969 1617 2085 1656 cre-

1575 210 1638 264 D.
1682 209 1999 266 EUGYPPII
2043 208 2334 265 ABBATIS
2373 208 2694 263 AFRICANI

2107 325 2154 384 Α
2183 318 2292 372 duli
2327 333 2486 384 posse
2533 318 2761 370 humana
2792 331 3016 386 corpora
3069 318 3299 371 animata
3330 325 3488 386 atque
3523 314 3708 368 vivent
3730 329 3753 366 a

3660 205 3752 257 τρι

2185 427 2291 464 non
2320 411 2494 463 solum
2539 425 2808 478 nunquam
2843 422 3015 465 morte
3043 410 3296 474 dissoivi,
3320 408 3416 462 sed
3444 409 3494 460 in
3521 417 3753 460 sterno-

2184 518 2301 556 rum
2333 516 2546 571 quoque
2572 501 2772 570 ignium
2804 501 2996 554 durare
3027 500 3350 556 tormentis?
3384 500 3575 554 Nolunt
3616 497 3753 551 enim

2184 597 2286 650 hoc
2312 597 2376 647 ad
2408 594 2802 662 Ornnipntentis
2827 608 2924 647 nos
2953 592 3158 647 referre
3184 583 3498 662 patentia'm,
3528 589 3625 646 sed
3652 591 3747 642 sli-

2183 704 2290 755 quo
2318 686 2566 754 exemplo
2599 683 2910 755 persuaderi
2937 684 3036 737 sibi
3067 683 3329 755 flagitant.
3359 682 3558 749 Quibus
3590 679 3638 734 si
3671 695 3753 730 re-

2182 778 2567 848 spondebimus
2621 791 2744 831 esse
2797 775 3049 828 animalia
3101 774 3339 843 profecto
3395 768 3752 839 corruptibili:

2183 871 2304 939 quia
2336 868 2754 937 mortalia,qu:e
2788 876 2962 920 tamen
2996 866 3049 919 in
3093 865 3284 920 mediis
3312 864 3520 934 ignibus
3549 862 3750 925 vivant,

2185 962 2499 1016 nonnullum
2519 959 2680 1014 etiam
2711 974 2877 1029 geuus
2900 957 3159 1012 vermium
3190 957 3242 1010 iu
3270 970 3527 1024 aquarum
3555 953 3748 1008 calida-

2185 1069 2303 1108 rum
2356 1051 2684 1119 scaturigine
2741 1049 2986 1117 reperiri,
3037 1063 3260 1118 quorum
3290 1046 3552 1101 fervorem
3599 1056 3751 1097 nemo

2186 1144 2404 1211 impune
2428 1147 2748 1203 contrectat,
2802 1138 2924 1191 illos
2953 1147 3130 1190 autem
3161 1151 3268 1189 non
3295 1135 3469 1188 solum
3505 1134 3624 1186 sine
3650 1134 3746 1184 ulla

2184 1239 2264 1288 sui
2293 1233 2516 1288 larsione
2559 1231 2630 1286 ibi
2662 1245 2806 1295 esse,
2838 1229 2932 1284 sed
2981 1238 3131 1284 extra
3163 1241 3281 1281 esse
3311 1241 3416 1279 non
3447 1239 3601 1293 posse
3629 1240 3643 1284 ς
3669 1233 3751 1274 aut

2186 1324 2374 1378 nolunt
2403 1323 2626 1378 credere
2653 1321 2699 1376 si
2725 1320 3010 1375 ostendere
3049 1335 3154 1373 non
3185 1319 3444 1382 valemus,
3473 1327 3560 1370 aut
3589 1315 3634 1369 si
3664 1329 3750 1368 va:

2186 1416 2450 1471 luerimus
2478 1413 2594 1468 sive
2619 1410 2791 1465 oculis
2820 1410 3191 1464 demonstrare
3223 1423 3310 1461 res
3337 1407 3497 1474 ipsas,
3524 1406 3639 1458 sive
3665 1417 3750 1470 per

2187 1516 2352 1560 testes
2379 1505 2603 1559 idoneos
2632 1501 2882 1564 edocere,
2915 1515 3019 1553 non
3049 1501 3177 1552 satis
3204 1513 3326 1554 esse
3351 1497 3451 1550 hoc
3475 1495 3538 1548 ad
3569 1508 3746 1548 exem-

2187 1602 2330 1670 plum
2360 1598 2436 1652 rei
2464 1598 2532 1652 de
2559 1611 2662 1665 qua
2693 1594 2917 1664 quaestio
2939 1605 3041 1657 est,
3074 1592 3259 1646 eadem
3289 1590 3600 1644 inﬁdelitate
3630 1601 3749 1640 eon-

511 1695 739 1762 dituros,
766 1693 1173 1750 celeberrimum
1197 1702 1278 1747 est
1297 1691 1349 1746 in
1370 1691 1711 1747 sermonibus
1726 1692 2084 1761 cordibusque
2114 1690 2160 1751 Β
2190 1689 2446 1752 tendent;
2478 1687 2603 1756 quia
2635 1688 2749 1740 hac
2797 1685 3046 1738 animalia
3081 1697 3179 1738 nec
3225 1696 3437 1748 semper
3464 1680 3666 1740 vivunt,
3702 1689 3750 1730 et

514 1786 767 1841 Iidelium.
800 1785 916 1853 Ipse
942 1784 1137 1852 quippe
1179 1792 1304 1836 ante
1348 1782 1637 1836 adventum
1678 1780 1874 1851 jndicis
1898 1782 2084 1837 Salva-

513 1882 646 1932 toris
696 1894 800 1932 nun
850 1874 1121 1930 immerito
1174 1884 1424 1940 speratur
1470 1888 1591 1928 esse
1647 1883 1932 1937 venturus,
1992 1875 2081 1943 qui

511 1971 672 2023 etiam
715 1983 856 2022 nunc
904 1967 1082 2020 vivere
1131 1981 1235 2019 non
1284 1965 1551 2020 immerito
1599 1964 1856 2020 creditur.
1913 1965 2081 2020 Curru

512 2073 739 2129 namque
790 2060 941 2127 igneo
989 2066 1170 2124 raptus
1216 2064 1296 2110 est
1339 2054 1405 2110 de
1433 2055 1593 2110 rebus
1643 2056 1911 2121 humanis,
1941 2057 2082 2127 quod

509 2148 904 2207 evidentissime
932 2157 1111 2201 sancta
1143 2145 1413 2211 Scriptura
1441 2154 1694 2204 testatur:
1728 2161 1847 2201 cum
1878 2149 2086 2203 venerit

512 2252 638 2308 ergo
659 2235 975 2307 exponendo
1003 2237 1173 2306 legem
1200 2236 1533 2305 spiritaliter,
1562 2252 1721 2307 quam
1754 2255 1894 2293 nunc
1915 2239 2085 2296 Judaei

512 2329 796 2384 carnaliter
822 2328 1065 2396 sapiunt,
1097 2336 1377 2382 convertet
1406 2341 1500 2382 cor
1525 2328 1689 2397 patris
1717 2329 1780 2383 ad
1817 2331 2003 2395 ﬁlium,
2035 2333 2084 2388 id

514 2429 598 2475 est
621 2433 713 2479 cor
739 2426 943 2485 patrum
992 2416 1056 2470 ad
1096 2415 1255 2472 ﬁlios.
1291 2415 1623 2485 Singularem
1647 2418 1844 2487 quippe
1871 2435 1966 2486 pro
1991 2439 2087 2485 uu-

519 2524 668 2565 mero
732 2509 919 2577 plurali
988 2507 1306 2576 interpretes
1367 2509 1697 2577 septuaginta
1763 2488 2085 2579 posueruni;

525 2607 580 2653 ct
604 2608 684 2653 est
712 2611 902 2652 sensus
947 2608 1001 2650 ut
1030 2598 1192 2651 etiam
1236 2596 1326 2650 lilii
1376 2597 1453 2651 sic
1483 2596 1779 2668 intelligant
1808 2599 2003 2668 legem,
2035 2601 2087 2655 id

520 2699 622 2757 est,
653 2689 818 2744 Judaei
866 2687 1310 2758 quemadmodum
1344 2697 1522 2757 patres
1565 2688 1907 2755 intellexere,
1931 2690 1980 2744 id
2008 2700 2091 2746 est

515 2780 817 2848 Protihetc,
849 2780 900 2832 in
940 2778 1134 2844 quibus
1159 2788 1274 2833 erat
1319 2791 1369 2834 et
1415 2779 1529 2847 ipse
1555 2779 1763 2849 Moyses
1795 2797 1809 2834 :
1840 2781 1916 2834 sic
1945 2782 2087 2837 enim

517 2885 610 2924 cor
639 2879 846 2939 patrum
876 2878 1217 2923 convertetur
1256 2867 1324 2923 ad
1377 2869 1536 2936 ﬁlios,
1580 2884 1703 2924 cum
1743 2870 2087 2941 intelligentia

518 2969 722 3031 patrum
754 2960 1070 3031 perducetur
1096 2960 1161 3014 ad
1198 2960 1599 3030 intelligentiam
1626 2961 1885 3028 ﬁliorum,
1917 2972 1971 3018 et
1996 2977 2092 3018 cor

2187 1782 2240 1834 in
2274 1779 2382 1834 illis
2411 1777 2713 1833 fervoribus
2742 1777 2859 1830 sine
2887 1774 3160 1828 doloribus
3191 1772 3392 1837 vivunt.
3423 1772 3541 1826 Sua:
3564 1770 3749 1838 quippe

2187 1881 2392 1924 natura:
2422 1867 2866 1923 convenientibus
2893 1873 3228 1934 vegetamur,
3253 1863 3359 1916 illis
3387 1876 3489 1915 nou
3518 1862 3750 1915 crucian-

2188 1971 2273 2014 tur
2316 1959 2620 2024 ele.i.entis,
2663 1958 2815 2028 quasi
2861 1972 2965 2011 non
3005 1955 3382 2010 incredibilius
3429 1955 3498 2007 sit
3526 1953 3748 2023 vegetari

2187 2054 2346 2124 quam
2405 2053 2638 2129 cruciari
2694 2053 2888 2106 talibus
2948 2053 3127 2105 rebus.
3185 2048 3424 2103 Mirabile
3470 2057 3551 2102 est
3617 2047 3748 2102 eui

2187 2147 2372 2204 dolere
2401 2147 2464 2200 iu»
2485 2145 2697 2215 ignibus
2725 2153 2779 2199 et
2809 2155 2986 2197 tamen
3013 2145 3216 2204 vivere,
3246 2141 3339 2196 sed
3368 2140 3656 2195 mirabilius
3681 2139 3750 2193 vi-

2191 2254 2320 2293 vere
2362 2238 2414 2292 in
2467 2236 2677 2307 ignibus
2721 2250 2818 2291 nec
2843 2235 3048 2299 dolere,
3073 2235 3116 2288 si
3145 2241 3324 2288 autem
3363 2232 3463 2287 hoc
3504 2232 3749 2296 creditur,

2189 2343 2286 2383 cur
2315 2343 2421 2384 non
2449 2337 2504 2384 et
2531 2327 2700 2382 illud?

2726 2419 2950 2476 CAPUT
2988 2417 3213 2472 CXLIII.

2191 2517 2271 2569 Αη
2298 2528 2606 2584 consequens
2634 2512 2698 2566 sit
2734 2521 2787 2565 ut
2815 2524 3087 2590 corporum
3126 2509 3353 2561 dolorem
3383 2515 3621 2575 sequatur
3648 2519 3749 2557 car-

2800 2598 2877 2633 ms
2916 2589 3167 2633 interitus.

2261 2699 2366 2755 Sed
2416 2699 2617 2752 nullum
2669 2705 2787 2762 est,
2839 2694 3103 2762 inquiunt,
3155 2707 3352 2762 corpus
3398 2691 3535 2770 quod
3578 2689 3750 2744 dolere

2195 2794 2385 2861 possit.
2437 2805 2538 2844 nec
2570 2790 2732 2858 possit
2768 2788 2920 2844 mori.
2956 2797 3008 2840 et
3039 2786 3140 2840 hoc
3187 2785 3330 2838 unde
3374 2782 3604 2837 scimus?
3633 2780 3750 2835 Nam

2198 2885 2265 2938 de
2291 2881 2611 2949 corporibus
2641 2882 2768 2948 quis
2789 2880 2986 2935 certus
3034 2885 3118 2931 est
3141 2875 3467 2938 dzctnonum,
3505 2883 3679 2927 utrum
3706 2869 3751 2923 in

2193 2975 2274 3029 eis
2300 2974 2518 3027 doleant
2545 2974 2830 3041 quandogc
2847 2989 2878 3030 ἢ
2897 2967 2907 3027 l
2924 2968 3030 3038 ﬂigi
3063 2967 3269 3036 magnis
3297 2963 3619 3020 cruciatibus
3638 2977 3752 3014 con-

520 3055 744 3109 tiliorum
767 3052 832 3107 ad
857 3063 1032 3121 tatres
1053 3066 1236 3106 eorum
1260 3051 1384 3105 dum
1411 3051 1462 3106 iu
1494 3051 1544 3106 id
1575 3052 1718 3123 quod
1748 3068 1965 3109 sensere
1992 3053 2085 3118 illi,

2201 3061 2447 3118 ﬁtentur!
2476 3061 2628 3128 Quod
2654 3060 2696 3113 si
2729 3061 3102 3128 respOItdctur,
3136 3067 3410 3112 terrenum
3437 3065 3646 3123 corpus.
3679 3065 3756 3103 so-

519 3144 859 3200 cousentiunt
904 3152 958 3198 et
1004 3143 1136 3198 isti:
1171 3141 1257 3196 ubi
1313 3143 1655 3213 Septuaginta
1703 3143 1992 3215 dixerunt,
2028 3148 2090 3201 Et

519 3250 614 3290 cor
645 3233 876 3288 hominis
903 3233 968 3287 ad
1001 3232 1297 3301 proximum
1325 3247 1502 3288 suum.
1536 3233 1673 3288 Sunt
1700 3235 1843 3288 enim
1875 3235 2014 3290 inter
2035 3251 2093 3291 se

520 3324 672 3381 valde
703 3323 926 3394 proximi
961 3332 1140 3394 patres
1191 3332 1245 3377 et
1295 3323 1432 3387 lilii,
1483 3338 1786 3394 quanquam
1831 3324 1887 3379 in
1918 3326 2097 3382 verbis

521 3417 858 3487 septuaginta
890 3416 1240 3484 interpretum
1287 3417 1375 3484 qui
1410 3417 1717 3484 prophetice
1758 3418 2094 3487 interpretati

522 3519 668 3574 sunt,
703 3517 879 3575 potest
906 3507 1045 3562 alius
1072 3521 1262 3562 sensus
1303 3508 1557 3577 idemque
1601 3509 1822 3564 electior
1850 3511 2097 3578 inveniri,

526 3611 584 3654 ut
604 3599 932 3668 intell‘gatur
964 3595 1140 3652 Ilelias
1183 3611 1277 3652 cor
1305 3596 1399 3652 Dei
1448 3597 1619 3652 Patris
1650 3589 2005 3657 conversurus
2032 3603 2097 3656 ad

527 3688 762 3745 Filium:
796 3702 903 3742 non
934 3687 1115 3756 utique
1141 3687 1350 3756 agendo
1394 3697 1452 3742 ut
1500 3698 1650 3757 pater
1676 3688 1856 3760 diligat
1901 3691 1934 3744 ﬁ
1958 3691 2099 3757 inm,

525 3781 619 3836 sed
666 3778 910 3835 docendo
955 3777 1093 3846 quod
1138 3788 1288 3844 pater
1342 3777 1526 3847 diligat
1568 3779 1765 3844 ﬁlium,
1819 3793 1875 3835 ut
1924 3793 1978 3836 et
2015 3783 2105 3838 Ju-

525 3873 622 3927 ilzri
648 3887 803 3939 quem
825 3871 969 3940 prius
996 3869 1240 3937 oderant,
1260 3869 1500 3939 diligant,
1524 3872 1769 3926 eumdem
1800 3873 1890 3943 qui
1920 3885 2104 3929 u'oster

523 3973 628 4027 est,
660 3962 959 4018 Christum.
990 3958 1190 4016 Juda‘is
1212 3960 1352 4014 enim
1380 3975 1520 4014 nunc
1546 3976 1792 4016 aversum
1824 3978 1916 4017 cor
1940 3964 2101 4020 habet

529 4055 688 4117 Deus,
720 4067 748 4105 a
778 4051 994 4106 Christo
1039 4058 1229 4104 nostro
1259 4049 1402 4119 [quia
1435 4067 1536 4105 non
1570 4061 1755 4121 putant
1780 4068 1901 4108 eum
1934 4054 2100 4110 Deum

526 4164 646 4206 esse
677 4162 850 4215 neque
882 4147 976 4200 Del
1027 4143 1216 4214 ﬁlium]
1255 4147 1379 4214 quia
1430 4149 1529 4202 hoc
1577 4159 1782 4216 putant.
1837 4151 1929 4206 Eis
1976 4168 2104 4225 ergo

528 4253 657 4296 tunc
699 4254 792 4292 cor
833 4238 949 4306 ejus
976 4244 1317 4290 convertetur
1347 4237 1412 4289 ad
1460 4237 1656 4304 ﬁlium,
1689 4256 1809 4295 cum
1841 4243 1941 4311 ipsi
1982 4260 2105 4300 con-

528 4347 688 4388 verso
718 4327 878 4386 corde
910 4327 1187 4382 didicerint
1220 4326 1553 4382 dilectionem
1596 4331 1765 4386 Patris
1796 4333 1847 4386 itt
1886 4333 2101 4389 Filium.

2197 3154 2361 3209 lidum
2388 3153 2596 3208 scilicet
2624 3161 2782 3221 atque
2823 3151 3172 3217 conspicuum
3207 3147 3413 3200 nullum
3444 3157 3583 3209 esse,
3610 3153 3754 3210 atque

2196 3256 2256 3302 ut
2284 3261 2389 3300 uno
2420 3245 2597 3314 potius
2628 3245 2845 3298 nomine
2875 3242 2925 3296 id
2956 3242 3239 3310 explicem,
3283 3239 3481 3292 nullam
3504 3251 3623 3291 esse
3645 3250 3755 3290 ear-

2199 3352 2319 3390 nem
2376 3351 2496 3402 quae
2542 3334 2726 3388 dolere
2769 3333 2934 3402 possit
2978 3347 3066 3384 mo
3099 3331 3221 3399 ique
3263 3343 3370 3383 non
3403 3327 3606 3396 possit:
3638 3324 3749 3395 quid

2199 3427 2343 3482 aliud
2368 3427 2585 3489 dicitur,
2630 3424 2732 3478 nisi
2774 3424 2914 3492 quod
2967 3437 3126 3475 sensu
3161 3421 3404 3487 corporis
3451 3417 3686 3470 homines
3709 3423 3758 3466 et

2203 3519 2536 3587 experientia
2592 3512 2968 3584 collegerunt?
3019 3512 3230 3565 Nullam
3278 3523 3506 3576 namque
3557 3519 3753 3559 carnem

2203 3608 2303 3663 nisi
2335 3605 2616 3661 mortalem
2647 3605 2842 3666 sciunt,
2885 3611 2940 3657 et
2985 3604 3098 3656 hate
3139 3610 3224 3656 est
3272 3613 3457 3654 eorum
3483 3607 3589 3652 tota
3615 3597 3755 3658 ratio,

2205 3710 2264 3754 ut
2292 3697 2432 3766 quod
2460 3695 2663 3765 experti
2687 3710 2790 3749 non
2813 3702 2938 3747 sunt
2962 3705 3292 3762 nequaquam
3322 3704 3443 3744 esse
3465 3684 3659 3760 [posse]
3683 3699 3756 3737 sr-

2205 3792 2489 3847 bitrcntur.
2549 3789 2679 3843 Nam
2725 3786 2880 3856 cujus
2932 3785 3150 3839 rationis
3194 3792 3280 3837 est
3318 3782 3556 3836 dolorem
3603 3781 3758 3833 facere

2204 3883 2394 3938 mortis
2423 3891 2820 3950 argumentum,
2855 3894 2973 3932 cum
3003 3879 3124 3930 vita:
3169 3875 3345 3944 patius
3374 3874 3442 3926 sit
3490 3868 3754 3926 indicium?

2208 3976 2318 4029 Etsi
2351 3973 2494 4027 enim
2541 3974 2852 4041 quaerimus,
2899 3977 3070 4022 utrum
3120 3979 3334 4033 semper
3366 3964 3531 4031 possit
3561 3963 3754 4014 vivere:

2206 4075 2408 4120 certum
2438 4073 2611 4116 tamen
2639 4069 2723 4116 est
2746 4059 2926 4113 vivere
2956 4073 3114 4110 omne
3136 4055 3279 4125 quod
3317 4053 3483 4114 dolet,
3510 4051 3757 4106 dolorem-

2207 4170 2312 4225 que
2337 4167 2571 4217 omnem,
2604 4150 2704 4204 nisi
2738 4151 2791 4203 in
2820 4164 2877 4202 re
2907 4149 3135 4211 vivente,
3157 4161 3276 4201 esse
3319 4160 3424 4198 nou
3458 4157 3631 4212 posse.
3667 4138 3756 4193 Nec

2210 4259 2362 4299 cesse
2389 4249 2474 4298 est
2497 4256 2646 4312 ergo,
2679 4250 2735 4294 ut
2781 4240 2925 4293 vivat
2950 4237 3162 4300 dolens,
3196 4252 3301 4290 non
3348 4245 3431 4289 est
3473 4247 3682 4288 necesse
3710 4240 3758 4282 ut

2210 4335 2420 4391 occidat
2441 4333 2615 4398 dolor,
2647 4331 2774 4401 quia
2805 4344 2902 4385 nec
2941 4341 3167 4397 corpora
3196 4329 3294 4379 ista
3323 4325 3563 4378 mortalia
3589 4334 3640 4378 et
3667 4321 3755 4374 uti-

530 4420 682 4488 Quod
715 4433 843 4474 vero
871 4417 1131 4485 sequitur,
1191 4415 1252 4469 Et
1279 4430 1372 4470 cor
1421 4417 1648 4473 hominis
1689 4421 1754 4475 ad
1803 4426 2102 4491 proximum
2136 4427 2185 4486 Ι)
2213 4441 2319 4496 que
2361 4424 2616 4480 moritura
2657 4421 2834 4476 omnis
2880 4419 3034 4474 dolor
3059 4417 3275 4481 occidit,
3308 4425 3364 4470 et
3407 4422 3465 4469 ut
3506 4415 3654 4469 dolor
3677 4411 3756 4463 sli-

531 4524 685 4566 suum
706 4549 721 4572 ,
748 4507 873 4577 quid
908 4506 1099 4560 melius
1125 4504 1437 4572 intelligitur
1461 4520 1616 4575 quam
1645 4522 1740 4563 cor
1779 4510 2011 4567 hominis
2039 4516 2104 4569 ad

535 4602 801 4654 Itmniuem
829 4593 1279 4651 GltristumICum
1303 4597 1446 4649 enim
1473 4596 1541 4650 sit
1563 4597 1612 4651 in
1635 4584 1806 4656 iorma
1836 4601 1929 4658 Dei
1964 4603 2105 4659 Deus

534 4702 734 4756 uoster,
784 4688 1009 4742 formam
1059 4685 1200 4741 servi
1249 4687 1540 4756 accipiens,
1587 4704 1708 4746 esse
1735 4691 1980 4762 dignatus
2008 4706 2109 4758 est.

530 4786 694 4841 etiam
728 4782 1005 4851 proximus
1032 4779 1250 4834 noster?
1291 4779 1416 4834 Haec
1447 4794 1576 4850 ergo
1609 4780 1765 4839 faciet
1793 4786 1968 4842 Helias
1997 4832 2011 4853 ,
2044 4807 2112 4846 ne

531 4874 644 4946 94
675 4873 833 4940 forte,
867 4871 1058 4942 inquit,
1092 4871 1300 4926 veniam
1332 4881 1385 4926 et
1413 4872 1703 4940 percutiam
1736 4884 1929 4932 terram
1965 4881 2111 4948 peni-

535 4977 639 5022 tus.
663 4965 825 5020 Terra
848 4974 974 5018 sunt
995 4962 1138 5024 enim
1165 4962 1254 5032 qui
1278 4971 1488 5017 terrena
1511 4963 1743 5034 sapiunt,
1777 4968 1913 5024 sicut
1942 4971 2108 5026 Iudaei

536 5057 778 5114 carnales
819 5071 988 5124 usque
1049 5069 1190 5108 nunc
1222 5094 1238 5119 ,
1288 5069 1350 5108 es
1399 5069 1506 5124 quo
1557 5056 1685 5109 vitio
1723 5072 1906 5114 contra
1943 5063 2108 5117 Deum

537 5166 808 5207 murmura
839 5149 926 5203 illa
949 5157 1252 5210 venerunt.
1282 5149 1400 5217 quia
1452 5149 1575 5202 mali
1603 5150 1649 5205 ei
1685 5153 1907 5218 placent,
1940 5167 1994 5211 ct
2024 5174 2112 5210 vu-

541 5257 643 5299 nus
671 5252 756 5299 est
783 5243 870 5311 qui
898 5242 1064 5296 servit
1095 5241 1225 5295 Deo.

1089 5353 1314 5412 CAPUT
1354 5357 1556 5412 CXLII.

552 5456 630 5509 An
651 5452 843 5522 possint
885 5466 1098 5526 corpora
1134 5457 1186 5526 tu
1225 5453 1422 5526 ustione
1449 5453 1578 5526 ignis
1620 5469 1726 5507 esse
1767 5469 2027 5526 perpetua,
2053 5475 2114 5511 ea:

978 5523 1102 5574 libro
1129 5524 1191 5574 de
1219 5523 1430 5576 Civitate
1457 5523 1552 5577 Dei
1578 5540 1691 5578 ut.

616 5612 749 5681 Quid
797 5615 950 5682 igitur
979 5612 1273 5678 ostendam,
1323 5615 1463 5672 unde
1510 5619 1899 5675 convincuntur
1936 5622 2105 5677 incre-

2216 4518 2336 4588 quis
2366 4506 2533 4586 possit
2564 4513 2813 4568 occidere
2857 4511 2944 4565 illa
2974 4523 3133 4564 causa
3178 4518 3281 4577 est,
3316 4505 3565 4578 quoniam
3595 4508 3665 4558 sic
3691 4510 3760 4555 est

2215 4611 2390 4664 anima
2435 4621 2674 4662 connexa
2707 4605 2830 4659 huic
2875 4603 3113 4673 corpori,
3159 4610 3218 4657 ut
3246 4601 3471 4657 summis
3507 4596 3758 4653 doloribus

2216 4699 2372 4756 cedat
2425 4708 2586 4767 atque
2635 4695 2877 4752 discedat
2911 4712 2924 4747 :
2957 4695 3204 4764 quoniam
3249 4700 3306 4747 et
3359 4690 3469 4760 ipsa
3529 4699 3762 4754 compago

2219 4791 2579 4846 membrorum
2625 4799 2785 4858 atque
2827 4787 3063 4842 vitalinm
3093 4785 3170 4841 sic
3199 4785 3409 4840 inﬁrma
3451 4795 3553 4844 est,
3581 4791 3634 4834 ut
3663 4792 3760 4832 eaut

2217 4883 2322 4937 vim
2364 4897 2484 4950 quas
2530 4895 2776 4950 maguum
2805 4879 2892 4933 vel
2943 4891 3208 4934 summum
3256 4873 3496 4928 dolorem
3529 4873 3650 4927 facit
3672 4880 3759 4920 son

2216 4976 2392 5031 valeat
2419 4974 2708 5030 sustinere.
2758 4973 2909 5028 Tunc
2947 4980 3129 5027 autem
3170 4970 3264 5026 tali
3292 4968 3505 5039 corpori
3530 4967 3693 5021 anima
3717 4971 3762 5014 ct

2217 5083 2283 5122 eo
2324 5066 2662 5121 connectitur
2691 5065 2871 5129 modo,
2906 5074 2963 5118 ut
2991 5064 3120 5119 illud
3150 5063 3419 5117 vinculum
3464 5063 3603 5115 sicut
3638 5056 3757 5113 nulla

2220 5159 2477 5227 temporis
2509 5154 2839 5225 longitudine
2867 5155 3118 5219 solvitur,
3144 5156 3217 5209 ita
3249 5153 3400 5208 nullo
3425 5153 3610 5207 dolore
3641 5165 3759 5204 rum-

2223 5259 2396 5318 patur.
2431 5246 2662 5302 Proinde
2702 5247 2865 5302 etiam
2909 5248 2955 5302 si
2988 5262 3116 5303 caro
3163 5261 3306 5300 nunc
3337 5245 3456 5300 talis
3499 5245 3636 5298 nulla
3675 5248 3758 5297 est.

2224 5359 2340 5410 qua:
2364 5355 2579 5394 sensum
2610 5338 2813 5394 doloris
2839 5339 3043 5409 perpeti
3083 5338 3272 5408 possit,
3303 5345 3633 5406 mortemque
3673 5343 3758 5383 που

2225 5434 2410 5502 possit,
2443 5441 2549 5488 erit
2576 5442 2751 5487 tamen
2781 5441 2905 5486 tunc
2951 5433 3074 5486 talis
3112 5447 3262 5498 mro,
3287 5431 3462 5501 qualis
3503 5442 3640 5485 nunc
3669 5437 3758 5479 non

2223 5533 2325 5589 est,
2359 5525 2497 5578 sicut
2540 5524 2660 5578 talis
2698 5525 2796 5576 crit
2840 5531 2895 5578 et
2939 5537 3105 5586 mors,
3153 5522 3330 5592 qualis
3358 5534 3499 5575 nunc
3541 5520 3756 5572 nonut;

2225 5633 2326 5672 non
2373 5616 2513 5672 cnim
2549 5615 2708 5678 nulla,
2737 5615 2826 5668 sed
2859 5614 3184 5684 sempiterna
3230 5628 3375 5668 mors
3421 5612 3544 5678 erit,
3574 5604 3754 5680 quando
