3842 6226
78 413 164 469 785

1251 395 1678 453 τιιεδλυῐιυδ.
1719 394 1874 451 ων.
1913 398 2138 455 CXLIV.

3190 401 3292 457 786

85 535 169 572 nec
196 517 371 572 anima
403 517 582 570 vivere
625 509 820 581 poterit
864 510 1029 564 Deum
1077 524 1180 562 non
1225 509 1499 572 habendo,
1531 521 1628 562 nec
1655 511 1700 566 Α
1731 513 1864 566 mori
1913 524 2110 582 cogunt
2148 531 2160 566 :
2201 529 2306 568 non
2359 525 2442 569 est
2491 507 2647 586 igitur
2694 514 3050 571 necessarium
3108 515 3293 572 futura

69 610 340 676 doloribus
384 605 626 674 corporis
671 616 853 656 carere
903 601 1201 654 moriendo.
1258 601 1434 655 Prima
1484 613 1631 653 mors

81 707 294 754 animam
343 697 610 752 nolentetn
642 693 790 762 pellit
827 707 858 746 e
893 706 1148 760 corpore,
1204 690 1436 745 secunda
1483 691 1630 743 'mors

80 794 298 847 animam
353 789 616 842 nolentem
669 795 812 839 tenet
865 785 918 839 in
985 799 1254 854 corpore:
1289 783 1357 837 ab
1409 793 1632 852 utraque

79 891 240 936 ntorte
260 882 616 933 communiter
645 876 696 930 id
712 876 952 938 habetur,
967 885 1024 928 ut
1045 873 1188 944 quod
1205 890 1308 929 non
1325 875 1437 929 vult
1453 874 1630 928 anima

78 973 137 1026 de
155 986 253 1026 suo
271 982 495 1038 corpore
517 967 774 1035 patiatur:
791 966 1075 1020 attendunt
1102 975 1277 1019 autem
1302 966 1388 1019 isti
1419 975 1632 1020 contra-

79 1062 301 1114 dictores
323 1057 520 1112 nullam
547 1071 664 1111 esse
691 1071 830 1110 nunc
853 1069 1089 1117 carnem,
1113 1070 1230 1123 qua:
1259 1055 1497 1110 dolorem
1523 1054 1630 1123 pati

81 1153 242 1218 possit
265 1159 594 1216 mortemque
625 1164 727 1202 non
758 1148 945 1216 possit,
968 1155 1022 1202 et
1048 1146 1634 1218 [nonjadtenduntessc

82 1254 252 1296 tamen
307 1241 506 1311 aliquid
547 1243 649 1296 tale
701 1242 839 1310 quod
895 1257 1122 1312 corpore
1163 1240 1335 1308 majus
1380 1239 1479 1302 sit,
1517 1239 1633 1308 ipsa

79 1333 265 1400 quippe
292 1331 467 1385 anima
519 1330 670 1400 cujus
699 1336 979 1401 praesentia
1018 1347 1216 1400 corpus
1248 1331 1408 1395 vivit,
1450 1338 1504 1384 ct
1551 1344 1637 1383 re-

77 1425 226 1493 gitur,
284 1433 339 1477 et
383 1424 620 1477 dolorem
677 1425 787 1491 pati
841 1431 1045 1493 potest,
1101 1433 1154 1479 et
1203 1421 1338 1476 mori
1387 1436 1493 1475 non
1545 1433 1636 1486 po-

82 1523 196 1568 test.
241 1515 380 1570 Ecce
413 1515 629 1568 inventa
661 1529 746 1569 res
767 1524 869 1578 est,
898 1530 1014 1584 qua:
1041 1529 1162 1568 cum
1191 1527 1404 1567 sensum
1437 1509 1638 1564 doloris

80 1607 285 1672 habeat,
313 1607 626 1660 immortalis
653 1616 753 1660 est.
784 1606 894 1660 lloc
926 1607 1084 1675 igitur
1105 1605 1206 1660 erit
1237 1614 1363 1658 tunc
1390 1603 1550 1657 etiam
1582 1600 1638 1654 in

80 1698 384 1765 corporibus
404 1699 799 1766 damnatorum,
831 1698 972 1768 quod
1017 1712 1160 1752 nunc
1189 1710 1308 1751 esse
1357 1697 1555 1750 scimus
1587 1695 1639 1748 in

78 1787 263 1842 animis
291 1787 547 1841 omnium.
576 1787 631 1841 Si
658 1795 836 1839 autem
873 1786 1280 1840 consideremus
1306 1783 1635 1852 diligentius,

1735 605 1924 659 mortis
1953 617 2326 676 argumentum
2353 607 2528 662 dolor.

2267 717 2492 775 CAPUT
2539 719 2763 775 CXLIV.

1737 807 1888 872 Quod
1920 809 1970 859 in
2003 809 2149 862 rebus
2181 811 2324 863 miris
2362 827 2558 865 summa
2586 813 2822 865 credendi
2866 813 2932 867 sit
2957 814 3092 864 ratio
3133 813 3297 864 omni-

1805 879 2034 999 pDotentiu
2096 880 2384 946 creatoris,
2431 897 2496 935 ea:
2558 884 2730 936 eodem
2783 883 2908 938 libro
2966 885 3028 936 de
3084 880 3298 936 Civitate

1855 963 1899 999 et
1929 962 2038 999 xxt.

1855 963 1899 1000 ει
1929 962 2038 1002 XXI.

1802 1063 1909 1119 Cur
1939 1065 2114 1134 itaque
2163 1064 2337 1120 fat-ere
2380 1080 2484 1118 non
2535 1068 2702 1134 possit
2744 1067 2904 1134 Deus,
2934 1077 2992 1120 ttt
3015 1075 3070 1121 et
3114 1082 3292 1122 resur-

1733 1166 1860 1227 gant
1879 1170 2104 1221 corpora
2146 1165 2499 1221 mortuorum,
2538 1165 2592 1210 et
2622 1155 2743 1226 igne
2772 1167 2969 1210 aeterno
2997 1157 3299 1210 crucientur
3339 1163 3341 1166 ‘

1735 1260 1960 1315 Corpora
1981 1247 2378 1311 damnatorum,
2407 1247 2493 1315 qui
2527 1245 2652 1300 fecit
2693 1246 2944 1302 mundum
2981 1244 3033 1299 iu
3055 1247 3213 1306 casio,
3248 1244 3297 1297 itt

1738 1344 1898 1396 terra,
1940 1335 1991 1390 in
2039 1351 2186 1407 aere,
2229 1338 2280 1391 in
2319 1337 2476 1407 aquis
2524 1335 2999 1390 innumerabilibus
3034 1334 3301 1388 miraculis

1740 1427 1972 1496 plenum,
2006 1445 2128 1484 cum
2163 1429 2234 1483 sit
2257 1429 2514 1484 omnibus
2547 1429 2740 1496 quibus
2777 1428 2969 1496 plenos
2991 1434 3074 1480 est
3107 1424 3312 1494 procul-

1737 1516 1902 1572 dubio
1928 1519 2097 1590 majus
2121 1529 2175 1574 et
2196 1519 2656 1590 excellentiusgs
2674 1518 2907 1573 mundus
2934 1517 3049 1586 ipse
3075 1516 3305 1570 miracu-

1741 1610 1887 1666 lum?
1915 1610 2020 1664 Sed
2052 1610 2140 1665 isti
2176 1625 2296 1666 cum
2327 1612 2518 1681 quibus
2550 1612 2632 1666 vel
2678 1620 2863 1666 contra
2893 1624 3034 1680 quos
3074 1610 3301 1678 agimus,

1741 1702 1829 1772 qui
1857 1711 1911 1758 et
1943 1701 2224 1759 Dominum
2250 1717 2370 1758 esse
2393 1703 2616 1758 credunt
2643 1717 2672 1757 a
2697 1717 2804 1772 quo
2834 1702 3002 1757 lactus
3042 1708 3125 1754 est
3152 1714 3306 1752 mun-

1742 1791 1864 1856 dus,
1887 1802 1940 1845 et
1969 1791 2100 1846 deos
2127 1791 2196 1846 ab
2225 1792 2318 1846 illo
2346 1791 2535 1857 factos,
2567 1807 2661 1859 per
2689 1808 2822 1860 quos
2851 1792 2920 1846 ab
2959 1791 3052 1846 illo
3080 1789 3308 1843 admini-

78 1877 222 1929 dolor
242 1877 334 1944 qui
364 1875 557 1929 dicitur
605 1875 847 1944 corporis
879 1879 1046 1944 magis
1091 1874 1155 1928 ad
1201 1875 1432 1929 animam
1476 1875 1639 1941 perti-

1762 1892 1948 1938 ttratur
1986 1883 2447 1955 [administrantur
2491 1881 2598 1951 hic]
2646 1883 2896 1946 mundus,
2939 1894 2992 1936 et
3022 1882 3307 1935 miraculo-

79 1977 181 2030 nct,
211 1967 407 2020 animae
454 1976 538 2021 est
588 1967 730 2021 enim
780 1966 963 2021 dolere
1017 1982 1121 2022 nou
1178 1966 1440 2036 corporis,
1481 1967 1641 2021 etiam

78 2057 287 2126 quando
314 2057 360 2112 ei
384 2057 594 2112 dolendi
622 2071 781 2112 causa
813 2057 993 2113 existit
1017 2074 1046 2112 a
1072 2072 1319 2126 corpore,
1348 2072 1468 2112 cum
1501 2059 1552 2110 itt
1579 2071 1644 2110 eo

82 2150 193 2204 loco
217 2149 366 2205 dolet
412 2149 498 2204 ubi
532 2148 747 2204 laeditur
797 2163 1012 2217 corpus.
1059 2151 1207 2204 Sicut
1249 2163 1377 2218 ergo
1416 2147 1645 2203 dicimus

79 2257 300 2310 corpora
322 2242 625 2305 sentientis,
648 2251 704 2297 et
724 2256 952 2312 corpora
975 2242 1224 2306 viventia,
1250 2255 1370 2296 cum
1386 2240 1454 2296 ab
1468 2240 1644 2294 anima

81 2336 146 2387 sit
169 2333 382 2402 corpori
404 2343 593 2387 sensus
617 2343 669 2388 et
698 2334 823 2401 vita,
858 2333 928 2386 ita
956 2347 1178 2398 corpora
1205 2331 1434 2386 dicimus
1457 2340 1512 2386 et
1542 2331 1644 2385 do-

83 2428 237 2482 lentia
281 2442 403 2481 cum
433 2427 590 2481 dolor
631 2426 847 2494 corpori
890 2425 990 2481 nisi
1021 2425 1086 2478 ab
1138 2424 1316 2478 anima
1367 2438 1489 2479 esse
1539 2437 1645 2476 non

81 2521 267 2589 possit.
300 2521 447 2574 Dolet
469 2521 644 2587 itaque
669 2521 843 2572 anima
869 2534 988 2573 cum
1012 2533 1240 2586 corpore
1267 2517 1319 2571 in
1344 2518 1419 2589 [in
1442 2532 1508 2570 eo
1530 2517 1648 2569 loco

80 2608 214 2680 ejus]
242 2625 311 2665 eo
341 2611 480 2676 loco,
510 2610 596 2663 ubi
640 2610 835 2679 aliquid
870 2609 1128 2677 contingit
1158 2618 1215 2661 ut
1252 2608 1462 2670 doleat;
1507 2606 1649 2660 dolet

81 2711 129 2754 et
164 2701 278 2754 sola
325 2700 569 2768 quamvis
609 2701 680 2753 sit
734 2700 784 2753 iu
840 2715 1069 2769 corpore
1118 2714 1238 2753 cum
1269 2698 1443 2765 aliqua
1489 2711 1649 2750 causa

83 2792 240 2844 etiam
290 2790 538 2845 invisibili
589 2791 758 2844 tristis
796 2791 945 2858 ipsa,
991 2804 1216 2857 corpore
1249 2789 1500 2844 incolumi
1544 2795 1646 2841 est.

92 2883 238 2936 Dolet
279 2884 438 2936 etiam
471 2897 576 2935 non
605 2883 655 2934 in
695 2896 920 2949 corpore
948 2883 1273 2935 constituta:
1308 2894 1427 2932 nam
1469 2879 1654 2945 utique

87 2973 297 3026 dolebat
328 2972 476 3026 dives
505 2971 593 3025 ille
614 2971 751 3040 apud
772 2971 991 3037 inferos,
1015 2970 1227 3040 quando
1243 2969 1456 3023 dicebat
1476 3007 1492 3033 ,
1514 2967 1650 3022 Cru-

83 3066 192 3116 eLor
217 3063 271 3116 in
320 3063 417 3116 hac
445 3061 680 3116 llatnma.
712 3061 914 3130 Corpus
941 3074 1116 3114 autem
1150 3074 1247 3114 nec
1277 3059 1525 3113 exanime
1553 3059 1652 3112 do-

85 3153 172 3215 let,
206 3167 309 3207 nec
353 3152 642 3206 animatum
675 3152 791 3206 sine
826 3153 1002 3205 anima
1047 3151 1209 3205 dolet.
1238 3151 1293 3204 Si
1339 3165 1467 3238 ergo
1497 3165 1525 3202 a
1556 3150 1642 3202 du-

88 3245 199 3298 lore
237 3252 612 3315 argumentum
659 3252 804 3299 recte
851 3252 1152 3298 sumeretur
1190 3241 1256 3295 ad
1304 3253 1554 3307 mortem,
1599 3249 1655 3294 ut

86 3335 204 3388 ideo
228 3349 378 3389 mors
401 3334 564 3404 possit
583 3334 848 3400 accidere,
872 3334 992 3402 quia
1025 3334 1191 3402 potuit
1213 3332 1460 3387 accidere
1487 3341 1540 3386 et
1565 3330 1663 3384 do-

88 3426 188 3490 lor,
224 3426 394 3495 magis
415 3424 479 3478 ad
511 3424 742 3478 animam
773 3425 1226 3491 pertineretmori
1257 3423 1322 3478 ad
1355 3438 1509 3492 quam
1543 3438 1658 3476 ma-

89 3515 168 3581 gis
189 3514 427 3584 pertinet
455 3521 511 3568 et
539 3515 755 3579 dolere;
781 3529 901 3568 cum
935 3529 1062 3569 vero
1092 3514 1178 3568 illa
1221 3528 1341 3582 qua:
1371 3516 1538 3581 magis
1568 3513 1662 3566 do-

87 3607 200 3660 lere
228 3615 405 3675 potest
446 3622 550 3660 non
593 3607 762 3676 possit
789 3607 948 3672 mori,
979 3606 1104 3676 quid
1149 3608 1404 3661 momenti
1442 3604 1659 3676 [aufert]

85 3699 263 3762 atIert,
295 3713 391 3751 cur
422 3697 511 3751 illa
538 3713 784 3767 corpora,
818 3699 1067 3767 quoniam
1096 3695 1274 3753 futura
1304 3699 1354 3752 in
1385 3699 1661 3766 doloribus

85 3801 230 3851 sunt,
262 3785 388 3841 ideo
414 3787 574 3842 etiam
606 3787 862 3840 moritura
904 3801 1024 3842 esse
1062 3787 1377 3842 credamus?
1409 3787 1665 3840 Dixerunt

84 3879 305 3946 quidem
329 3877 586 3931 Platonici
612 3894 625 3933 :
654 3877 730 3931 Ex
780 3880 1007 3933 terrenis
1033 3880 1347 3948 corporibus
1386 3879 1664 3940 moribun-

86 3971 281 4038 disque
311 3970 590 4035 membris,
634 3986 755 4024 esse
784 3972 978 4026 anima:
1023 3980 1078 4028 et
1106 3982 1344 4026 metuere
1367 3981 1421 4026 et
1444 3987 1528 4038 cul
1550 3986 1665 4038 ere,

87 4071 138 4113 et
170 4060 365 4115 dolere
393 4071 553 4130 atque
595 4061 848 4130 gaudere.
889 4061 1037 4116 Unde
1074 4061 1361 4131 Virgilius:
1394 4061 1547 4124 Hine,
1581 4061 1666 4114 in-

89 4157 226 4223 quit,
257 4154 311 4208 id
334 4163 417 4209 est
444 4169 507 4207 ex
531 4154 865 4208 moribun’dis
887 4154 1085 4208 terreni
1115 4153 1356 4222 corporis
1388 4145 1665 4218 membris,

92 4257 347 4303 metuunt
391 4248 737 4317 eupittntque,
783 4248 1096 4315 dolentque,
1141 4247 1502 4317 gaudentque.
1563 4245 1666 4300 Sed

87 4345 429 4398 convicimus
457 4356 550 4396 eos
579 4343 628 4396 in
657 4351 848 4411 quarto
877 4341 1082 4396 decimo
1118 4341 1275 4410 hujus
1295 4341 1480 4408 'operis
1507 4340 1666 4404 libro,

91 4437 297 4491 habere
319 4435 524 4488 animas
564 4433 856 4487 sezundum
892 4432 1050 4501 ipsos
1081 4433 1149 4485 ab
1178 4433 1325 4485 omni
1354 4434 1512 4484 etiam
1544 4446 1664 4483 cor-

89 4527 238 4592 poris
270 4524 392 4578 labe
432 4523 677 4593 purgatas
701 4521 873 4575 diram
924 4521 1288 4589 cupiditatem,
1336 4537 1436 4590 qua
1483 4537 1666 4575 rursus

88 4617 364 4686 incipiunt
386 4614 437 4667 in
477 4628 700 4683 corpora
730 4612 871 4667 velle
896 4611 1115 4666 reverti.
1151 4611 1252 4666 Ubi
1284 4623 1462 4665 autem
1494 4620 1668 4678 potest

87 4725 212 4765 8:50
255 4707 548 4778 cupiditas,
597 4705 838 4774 profecto
882 4704 1044 4758 etiam
1093 4704 1246 4757 dolor
1290 4710 1488 4770 potest.
1539 4702 1671 4757 Fru-

88 4811 263 4854 strata
305 4802 502 4867 qu‘ppe
546 4797 810 4865 cupiditas
857 4795 969 4849 sive
1012 4810 1117 4847 non
1163 4793 1526 4861 perveniendo
1565 4809 1670 4860 quo

86 4894 210 4945 tend
255 4894 371 4953 bat,
400 4891 514 4945 sive
541 4889 834 4943 amittendo
861 4904 968 4957 quo
1005 4897 1323 4956 pervenerat
1361 4887 1586 4942 vertitur
1618 4887 1669 4939 in

84 4985 362 5039 dolorem.
415 4982 752 5048 Quapropter
800 4980 844 5033 si
895 4980 1073 5032 anima
1130 4995 1250 5046 quas
1297 4979 1377 5033 vel
1426 4979 1538 5032 sola
1586 4979 1670 5032 vel

87 5075 332 5130 maxime
354 5073 524 5137 dolet,
555 5072 712 5125 habet
735 5080 913 5126 tamen
943 5070 1224 5139 quamdam
1259 5085 1356 5138 pro
1382 5085 1480 5126 suo
1511 5070 1669 5123 modo

85 5164 552 5219 immortalitatem
595 5178 769 5227 suam,
811 5178 915 5216 non
960 5145 1256 5217 ideu'mori
1304 5171 1556 5230 poterunt
1582 5162 1668 5215 illa

78 5271 342 5324 corpora,
391 5254 514 5323 quia
565 5253 840 5308 dolebunt.
893 5252 1170 5307 Postremo
1214 5253 1259 5306 si
1307 5267 1532 5319 corpora
1589 5252 1668 5304 fa-

79 5351 236 5402 ciunt
281 5355 344 5400 ut
385 5347 576 5399 anima:
622 5343 857 5407 doleant,
889 5357 984 5397 cur
1030 5344 1111 5396 eis
1139 5343 1378 5397 dolorem
1425 5351 1668 5410 possunt,

82 5448 328 5491 mortem
357 5449 486 5490 vero
511 5432 708 5488 inferre
737 5439 840 5486 nun
874 5440 1117 5500 possunt,
1164 5434 1266 5487 nisi
1298 5429 1420 5501 Quia
1453 5447 1556 5486 non
1584 5443 1666 5487 est

79 5539 433 5595 consequens
478 5532 537 5578 ut
564 5532 788 5577 mortent
836 5521 994 5576 faciat
1042 5522 1184 5592 quod
1232 5522 1474 5578 dolorem
1506 5523 1660 5577 facit.

81 5622 194 5674 Cur
235 5632 377 5685 ergo
427 5614 739 5670 incredibile
782 5621 866 5670 est
897 5616 966 5669 ita
1016 5615 1163 5684 ignes
1209 5615 1312 5668 illis
1351 5610 1670 5680 'cortoribus

79 5713 339 5764 dolorem
381 5722 537 5775 posse
562 5705 777 5770 inferre,
825 5722 929 5760 non
965 5717 1213 5772 mortem,
1247 5707 1384 5760 sicut
1409 5705 1520 5773 ipsa
1551 5723 1668 5760 cor-

84 5817 218 5871 pora
253 5799 445 5856 dolcte
495 5797 698 5852 animas
747 5797 972 5865 faciunt,
1014 5815 1146 5868 quas
1189 5807 1366 5852 tamen
1411 5815 1516 5853 non
1549 5798 1668 5853 ideo

1745 1988 1863 2027 rum
1912 1972 2231 2038 effectrices,
2261 1973 2382 2027 sive
2426 1980 2867 2041 spontaneorum,
2916 1972 3030 2026 sive
3072 1972 3226 2041 cultu;
3254 1979 3309 2023 et

1747 2064 1851 2119 ritu
1896 2062 2135 2132 quolibet
2183 2061 2588 2133 imperatorum,
2623 2061 2735 2116 sive
2773 2061 2933 2116 etiam
2983 2060 3307 2129 magicorum

1747 2154 2045 2209 mundanas
2068 2154 2150 2208 vel
2179 2169 2284 2207 non
2315 2163 2532 2221 negant,
2565 2152 2659 2207 vel
2680 2153 2896 2221 insuper
2939 2161 2995 2206 et
3025 2150 3314 2219 praedicant

1748 2256 2072 2316 potestates,
2091 2244 2308 2315 quando
2339 2245 2422 2301 eis
2451 2259 2630 2299 rerum
2661 2245 2764 2297 vim
2792 2242 3088 2299 mirabilem
3119 2257 3312 2311 propo-

1747 2337 1924 2391 nimus
1964 2337 2187 2392 aliarum
2209 2377 2226 2405 ,
2256 2350 2375 2406 qua
2407 2349 2505 2391 nec
2547 2334 2796 2390 animalia
2839 2342 2964 2389 sunt
3005 2333 3276 2390 rationalia
3300 2373 3323 2399 ,_

1747 2443 1846 2484 nec
1872 2428 1980 2483 ulla
2007 2428 2215 2482 ratione
2243 2427 2450 2498 prmditl
2489 2424 2739 2497 Spiritus,
2753 2427 2888 2482 sicut
2920 2415 3053 2480 sunt
3086 2439 3150 2480 ea
3175 2440 3312 2495 quo-

1748 2533 1865 2572 rum
1901 2532 2066 2585 pauca
2093 2519 2648 2582 commemoravimus,
2675 2514 3000 2585 respondere
3038 2514 3270 2569 assolent
3299 2529 3316 2569 τ

1751 2608 1844 2664 Vis
1870 2617 1954 2664 est
1985 2610 2090 2664 ista
2138 2618 2363 2672 naturae,
2411 2617 2595 2661 natura
2628 2622 2812 2662 eorum
2855 2609 2934 2662 sic
2982 2620 3100 2661 sese
3137 2605 3314 2669 habet,

1751 2704 2086 2772 propriarum
2120 2701 2238 2756 i-taa
2270 2710 2396 2756 sunt
2420 2699 2676 2770 efﬁcacia:
2706 2711 3036 2754 naturarum.
3067 2698 3198 2753 Tota
3226 2699 3318 2751 ita-

1751 2809 1854 2862 que
1903 2793 2039 2850 ratio
2093 2800 2211 2858 est,
2265 2806 2362 2846 cur
2427 2791 2831 2860 Agrigentinum
2890 2790 3055 2844 salem
3111 2787 3321 2844 ﬂamma

1752 2883 1920 2940 ﬂuere
1961 2883 2136 2947 faciat,
2180 2899 2317 2954 aqua
2343 2885 2652 2959 crepitare,
2698 2883 2821 2953 quia
2852 2883 2966 2938 hate
3017 2891 3099 2936 est
3139 2890 3324 2936 natura

1753 2977 1892 3049 ejus.
1923 2978 1993 3032 At
2021 2979 2125 3032 hoc
2153 2991 2276 3031 esse
2299 2977 2474 3047 p0tius
2504 2985 2688 3030 contra
2715 2985 2954 3030 naturam
2985 2969 3188 3029 videtur
3211 2989 3327 3042 qua:

1756 3084 1862 3122 non
1903 3067 2034 3136 igni,
2065 3067 2158 3122 sed
2207 3081 2359 3136 aquas
2403 3065 2550 3120 dedit
2593 3068 2761 3120 salem
2804 3064 3031 3128 solvere,
3067 3072 3326 3118 torrorent

1761 3156 2014 3232 [torrere]
2047 3169 2222 3212 autem
2243 3158 2384 3226 igni,
2420 3171 2524 3211 non
2551 3153 2721 3225 aquae.
2773 3155 2877 3210 Sed
2909 3154 3028 3217 ista,
3063 3153 3328 3222 iwquiuttl,

1764 3255 1893 3307 salis
1925 3252 2080 3318 hujus
2112 3251 2367 3306 naturalis
2395 3261 2477 3304 est
2505 3251 2604 3313 vis,
2653 3258 2711 3304 ut
2737 3248 2819 3304 his
2863 3247 3128 3302 contraria
3161 3249 3329 3313 patia-

1765 3356 1867 3399 tur.
1901 3346 2023 3399 llanc
2055 3344 2219 3413 igitur
2249 3345 2385 3397 ratio
2414 3341 2671 3406 redditur,
2706 3353 2757 3394 et
2784 3340 2856 3394 de
2878 3339 2966 3393 illo
2993 3335 3138 3392 fonte
3166 3337 3332 3391 Gara-

1764 3435 2013 3497 tnantico,
2059 3434 2148 3488 ubi
2196 3449 2298 3488 una
2329 3446 2462 3486 vena
2493 3431 2650 3500 lriget
2680 3430 2888 3493 diebus,
2941 3428 3184 3496 noctibus
3230 3428 3331 3480 fer-

1765 3539 1872 3586 vet,
1906 3526 1954 3578 vi
1984 3537 2206 3593 utraque
2253 3523 2478 3577 molesta
2514 3521 2870 3590 tangentibus.
2915 3519 3036 3572 llaec
3066 3529 3118 3573 et
3148 3519 3213 3571 de
3245 3517 3335 3570 illo

1763 3618 1870 3672 alio
1898 3617 1988 3686 qui
2017 3633 2138 3670 cum
2178 3617 2250 3670 sit
2297 3613 2756 3670 contrectantihus
2802 3613 3044 3684 frigidus,
3078 3618 3133 3666 ct
3164 3609 3332 3664 faccttt

1765 3706 1910 3761 sicut
1936 3706 2026 3759 alii
2069 3705 2243 3760 fontes
2287 3705 2591 3774 exstinguat
2643 3718 2954 3768 accensam;
3005 3701 3335 3756 dissimiliter

1769 3809 1949 3870 tamen
1979 3808 2139 3867 atque
2180 3797 2494 3852 mirabiliter
2517 3797 2656 3852 idem
2701 3799 2814 3863 ipse
2859 3782 3103 3850 accendit
3131 3793 3335 3849 exstin-

1768 3881 1930 3943 cfam.
1965 3889 2087 3943 llmc
2114 3897 2167 3942 et
2194 3889 2260 3943 de
2287 3887 2463 3956 lapide
2494 3889 2727 3952 asbesto,
2761 3889 2848 3955 qui
2875 3904 2994 3941 cuzu
3025 3888 3198 3955 ignem
3224 3887 3337 3939 nul-

1772 3983 1881 4038 lum
1939 3983 2128 4037 habeat
2181 3984 2495 4051 proprium,
2551 3993 2773 4048 accepto
2822 3994 2993 4033 tamen
3051 3980 3129 4034 sic
3189 3981 3338 4036 artlz-t

1769 4073 1968 4136 alieno,
2003 4083 2056 4125 ut
2091 4087 2193 4124 non
2225 4073 2389 4140 possit
2418 4071 2699 4145 exstingui.
2737 4071 2858 4125 llaec
2892 4072 2957 4124 de
2984 4072 3194 4124 catt-ris
3223 4086 3355 4139 quas

1773 4163 1917 4231 piget
1945 4172 2221 4225 retexere,
2255 4163 2448 4228 quibus
2489 4162 2615 4215 licet
2644 4163 2722 4216 vis
2772 4163 2981 4216 insolita
3025 4173 3210 4214 contra
3251 4179 3341 4212 na-

1774 4264 1945 4307 turam
1979 4254 2157 4307 inesse
2188 4254 2464 4318 videatur;
2495 4253 2597 4307 alia
2630 4263 2806 4307 tamen
2848 4252 2912 4306 dc
2940 4252 3043 4306 illis
3074 4266 3180 4305 non
3222 4252 3340 4304 rcd-

1772 4343 1918 4397 ditur
1963 4347 2118 4408 ratio,
2172 4343 2273 4396 nisi
2325 4354 2378 4396 ttt
2408 4343 2617 4397 dicatur
2646 4344 2779 4396 hanc
2804 4358 2990 4396 eorum
3028 4356 3149 4394 esse
3181 4350 3352 4395 natu-—

1775 4451 1906 4487 ratu.
1941 4433 2126 4488 Brevis
2156 4449 2285 4487 sane
2315 4435 2410 4487 ista
2442 4445 2524 4488 est
2554 4435 2708 4500 ratio,
2743 4432 2935 4496 fateor,
2966 4431 3349 4499 sufﬁciensque

1781 4526 2081 4592 reSponsio.
2115 4526 2221 4580 Sed
2251 4541 2370 4579 cum
2405 4525 2541 4580 Deus
2569 4536 2754 4581 auctor
2780 4525 2852 4578 sit
2891 4534 3195 4578 naturarum
3225 4535 3344 4574 om.-

1701 4589 1749 4648 θ
1777 4615 1946 4681 nium,
1974 4630 2070 4671 cur
2100 4617 2291 4670 nolunt
2313 4612 2544 4687 [volunt]
2569 4612 2841 4669 fortiorem
2869 4627 2964 4667 nos
3004 4612 3230 4666 reddere
3260 4626 3343 4664 ra—

1775 4708 1996 4770 tionem,
2030 4707 2245 4777 quando
2267 4708 2463 4777 aliquid
2488 4708 2630 4773 velut
2659 4704 2984 4774 impossibile
3009 4703 3196 4758 nolunt
3225 4717 3351 4759 cre-

1773 4797 1922 4864 dere,
1973 4797 2157 4867 eisque
2205 4796 2557 4852 redditionem
2608 4795 2828 4848 rationis
2875 4793 3217 4865 poscentibus
3251 4807 3341 4846 re-

1775 4889 2140 4958 spondemus,
2204 4889 2341 4942 hanc
2397 4902 2516 4942 esse
2576 4887 2914 4955 voluntatem
2956 4885 3346 4952 Otnuipotentis

1778 4981 1911 5045 Dei;
1945 4979 2032 5049 qui
2080 4989 2228 5033 certe
2279 4993 2380 5031 non
2425 4979 2494 5032 ob
2523 4978 2668 5032 aliud
2716 4986 2936 5031 vocatur
2971 4976 3350 5044 Omnipotens,

1780 5069 1879 5123 nisi
1917 5071 2165 5139 quoniam
2193 5067 2446 5138 quidquid
2490 5068 2598 5121 volt
2627 5078 2823 5141 potest,
2846 5067 2936 5137 qui
2965 5068 3134 5135 potuit
3163 5079 3348 5118 creare

1780 5171 1885 5213 tam
1919 5160 2104 5222 multa,
2150 5173 2269 5227 quae
2321 5156 2419 5211 nisi
2449 5156 2514 5227 [si
2555 5157 2690 5229 noni
2725 5157 3284 5220 ostcuderentur,_aut
3313 5170 3344 5207 a

1778 5250 2058 5305 credeudis
2087 5249 2349 5317 hodieque
2377 5248 2679 5304 dicerentur
2708 5249 2949 5311 testibus,
2985 5245 3220 5314 profecto
3243 5244 3344 5297 itn-

1780 5339 2052 5408 possibilia
2105 5347 2448 5406 putarentur,
2493 5355 2596 5393 non
2647 5339 2816 5394 solum
2848 5351 2966 5407 qua:
3013 5334 3346 5405 ignotissima

1779 5431 1916 5498 apud
1951 5445 2066 5494 nos,
2105 5445 2289 5484 verum
2321 5431 2480 5484 etiam
2529 5447 2647 5501 quas
2677 5427 3138 5495 notissimaposui
3166 5444 3177 5476 :
3205 5428 3345 5478 sicut

1774 5522 1840 5575 de
1864 5524 2009 5575 calce
2041 5521 2185 5588 quod
2211 5521 2382 5577 ﬁcrvet
2421 5524 2472 5577 iit
2504 5539 2658 5592 aqua,
2689 5533 2740 5577 et
2765 5521 2817 5576 itt
2865 5521 2982 5574 oleo
3014 5518 3198 5586 fligida
3229 5531 3306 5573 est
3329 5561 3348 5581 ,

1773 5613 1840 5667 de
1873 5624 2118 5681 ntagnctc
2168 5613 2344 5683 lapide
2395 5615 2534 5683 quod
2585 5615 2762 5668 nescio
2793 5628 2891 5679 qua
2933 5610 3228 5664 sorbitione
3270 5610 3346 5661 in.

1772 5703 2035 5766 sensibili,
2067 5704 2315 5772 stipulam
2346 5720 2448 5757 non
2493 5712 2700 5758 moveat
2727 5714 2778 5756 et
2811 5703 3004 5755 ferrum
3039 5701 3247 5767 rapiat;
3280 5700 3349 5753 do

1774 5811 1934 5850 carne
1987 5812 2090 5849 non
2143 5806 2477 5864 putresceutc
2518 5797 2757 5865 pavonis,
2809 5811 2926 5846 cunt
2982 5792 3245 5861 putruerit
3291 5801 3357 5846 ct;
