3886 6224
558 423 616 476 513
1601 423 1662 479 D.
1707 421 2019 477 EUGYPPJ
2060 421 2347 479 AllBATlS
2387 423 2704 478 AFlilCASl
3657 436 3743 486 τε

518 555 643 590 ram
678 540 944 606 Platonis;
967 542 1034 597 de
1067 543 1212 609 palea
1261 541 1336 594 sic
1369 537 1592 606 frigente
1636 549 1689 591 ut
1721 537 1981 590 nitescere
2012 550 2085 587 nt.
2113 541 2160 593 Λ
2192 540 2232 590 si
2266 541 2453 594 aliena:
2498 541 2706 595 femina:
2734 542 2975 595 osculum
3023 544 3244 598 infixum
3286 546 3501 600 rationis
3539 550 3608 602 sit
3636 565 3740 602 ver-

519 643 638 680 vcm
680 645 787 684 non
838 631 1004 691 sinat.
1049 631 1124 681 sic
1170 630 1375 680 calente
1424 636 1478 680 ιιι
1531 635 1891 679 maturescere
1936 639 2088 691 poma

525 726 852 792 rotnpellat;
890 725 958 778 de
1003 727 1121 792 igne
1163 724 1362 786 fulgidi)
1411 723 1550 788 quod
1598 720 1889 774 secundum
1936 735 2088 772 snmu

524 812 783 882 fulgorem
809 813 1007 882 lapides
1033 814 1311 880 coquendo
1336 813 1634 874 eandilleet,
1661 822 1716 864 et
1742 821 1921 862 contra
1944 826 2090 863 cuin-

523 901 644 958 tlem
678 917 830 953 suum
883 903 1136 968 fulgorem
1189 903 1390 954 urendo
1439 902 1664 970 plurima
1696 901 1938 952 olluscel.
1965 898 2090 949 Tale

529 1001 609 1042 est
638 992 776 1058 quod
801 1002 849 1044 et
876 991 1038 1061 nigra:
1066 993 1288 1044 macula!
1316 993 1656 1044 offenduntur
1683 1007 1742 1044 ex
1770 1013 1779 1036 ι
1804 991 1886 1042 leo
1908 990 2088 1058 Splen-

525 1082 672 1142 dido,
715 1084 958 1136 sitni'iter
985 1085 1146 1154 nigra:
1175 1084 1328 1136 inea:
1357 1084 1422 1138 de
1454 1083 1679 1135 candido
1719 1081 2090 1149 imprimuntur

527 1184 778 1239 argento;
813 1175 877 1226 de
904 1175 1224 1228 carbonibus
1255 1182 1409 1227 etiam
1442 1175 1577 1242 quod
1620 1175 1943 1226 accendente
1973 1173 2093 1239 igne

528 1266 607 1319 sic
633 1275 910 1317 vertantur
941 1266 990 1318 in
1035 1268 1380 1329 contrarium,
1423 1277 1477 1317 ut.
1507 1265 1572 1318 de
1606 1266 1757 1329 lignis
1796 1262 2094 1330 pulcherri-

541 1352 639 1404 mis
669 1355 810 1410 tetri.
846 1355 1054 1422 fragiles
1096 1358 1162 1409 de
1192 1357 1358 1417 duris,
1399 1354 1746 1420 iinpntiibiles
1777 1355 1840 1405 de
1870 1352 2092 1420 pntribi-

530 1440 673 1493 libus
706 1446 851 1498 haut.
885 1444 984 1497 Sed
1021 1446 1135 1496 ideo
1160 1449 1316 1496 etiam
1347 1445 1455 1510 ipsa
1488 1444 1656 1510 posui,
1682 1442 1932 1509 quoniam
1956 1443 2092 1509 apud

537 1545 721 1582 eorum
754 1548 933 1583 ι·ι›ιιϊ;ι
964 1548 1097 1586 auos
1121 1535 1324 1598 agimus
1363 1532 1645 1584 ltistorieos
1673 1531 1795 1598 legi,
1828 1543 1880 1582 ιιι
1915 1542 2095 1582 esten.

537 1621 720 1672 durem
761 1622 930 1682 qualia
973 1622 1136 1672 multa
1178 1622 1430 1689 multique
1459 1624 1686 1684 illorum,
1718 1624 1855 1674 nulla
1891 1623 2093 1674 reddita

539 1713 764 1770 t‘atiCttP,
799 1711 848 1761 iu
897 1726 1111 1764 suorum
1152 1713 1498 1765 ililel‘ﬂltll'llltl
1528 1715 1724 1781 seripta
1757 1714 1947 1765 litteris
1980 1727 2094 1765 crc«

537 1799 680 1856 dunt.
715 1802 799 1866 qui
845 1800 995 1853 nobis
1027 1802 1267 1864 credere,
1312 1803 1594 1870 quandoid
1619 1805 1756 1871 quod
1793 1820 1975 1856 eorum
2005 1821 2095 1857 ex-

2199 629 2325 683 bere
2353 634 2648 696 vindicare,
2683 647 2862 687 nonne
2903 636 2990 696 qui
3025 637 3150 689 illud
3185 647 3384 706 puncto
3415 641 3660 706 temporis.
3683 642 3740 692 fe.

2197 725 2352 783 cerit.
2387 725 2786 789 incomparabili
2823 725 3077 779 horarum
3122 731 3296 795 spatio
3335 729 3655 794 verberatur,
3695 739 3740 780 et

2195 814 2430 865 suavitas
2458 815 2743 876 voluptatis
2775 816 2982 884 exigua:
3012 818 3266 871 diuturno
3294 818 3481 871 dolore
3506 820 3739 886 punitur?

2195 902 2329 962 Quid
2382 905 2430 952 in
2467 902 2730 954 vinculis?
2764 902 3004 970 Nunquid
3039 903 3159 975 [ibi]
3192 907 3376 958 tundiu
3419 907 3629 975 q'tisque
3665 908 3740 972 ju-

2196 993 2452 1044 dicandus
2483 1003 2560 1044 est
2595 1006 2716 1045 esse
2743 993 2940 1046 debere
2968 995 3201 1061 quandiu
3235 996 3361 1049 fecit
3405 996 3536 1049 unde
3565 998 3735 1049 meruit

2197 1082 2421 1151 alligari,
2466 1099 2582 1133 ιΙΙΙΙὶ
2611 1082 2907 1148 justissime
2957 1097 3184 1137 annosas
3242 1099 3430 1152 partas
3473 1100 3646 1138 servus
3696 1088 3735 1135 in

2195 1170 2540 1236 Compedibus
2585 1171 2809 1236 pendat,
2851 1171 2974 1237 qui,
3011 1173 3172 1223 verbo
3213 1182 3307 1225 aut
3336 1175 3440 1226 ictu
3483 1175 3735 1227 celerrime

2199 1268 2506 1312 transeunte
2538 1256 2924 1328 [transeunter]
2949 1261 3031 1312 vel
3065 1260 3336 1314 lacessivit
3363 1264 3638 1327 dominum,
3668 1263 3734 1313 \‘cfi

2200 1350 2460 1417 plagavit?
2489 1351 2605 1403 .lam
2637 1366 2764 1404 vero
2804 1352 3080 1414 damnum,
3131 1354 3441 1422 ignominia,
3489 1359 3732 1416 exsilium,

2200 1442 2452 1504 servitus,
2503 1456 2621 1493 cum
2660 1442 2971 1510 plerumque
3016 1443 3092 1496 sie
3141 1445 3468 1511 iulliguntur.
3516 1457 3566 1498 nt
3611 1451 3734 1498 nulla

2200 1529 2351 1580 venia
2386 1531 2716 1592 relaxentur,
2763 1545 2941 1583 nonne
2969 1547 3062 1598 pro
3093 1532 3251 1598 hujus
3278 1534 3400 1586 vitae
3432 1550 3492 1585 ιιι-
3514 1535 3579 1585 do
3606 1536 3735 1584 simi-

2203 1619 2264 1669 lia
2302 1619 2440 1686 pmni
2503 1620 2752 1672 videntur
2777 1622 3022 1674 maternis?
3054 1623 3177 1676 ldeo
3205 1625 3401 1690 quippe
3422 1634 3604 1677 :etcrna
3633 1640 3735 1676 eae

2201 1720 2303 1758 non
2344 1717 2585 1773 possunt,
2635 1709 2756 1775 quia
2807 1725 2906 1763 nec
2950 1711 3062 1774 ipsa
3089 1712 3194 1764 vita
3229 1727 3350 1779 qua:
3395 1712 3474 1764 his
3518 1715 3735 1777 p'et‘lilttr

2202 1800 2486 1866 porrigitur
2517 1802 2569 1851 in
2603 1809 2884 1864 aeternum,
2916 1811 2969 1854 et
2998 1812 3175 1856 tamen
3206 1815 3422 1871 peccata
3450 1820 3560 1872 qu:e
3587 1805 3733 1855 vindi-

541 1890 849 1953 perientiam
881 1905 1201 1961 sensumque
1236 1894 1554 1958 transgrt-dit
1577 1911 1638 1958 .r,
1672 1894 2094 1957 tlinuipotentrm
2132 1896 2174 1953 Β
2203 1905 2389 1942 rantur
2427 1891 2718 1957 Iu.:gissitni
2761 1895 3018 1958 teiuporis
3066 1895 3237 1958 poenis
3285 1895 3584 1947 brevissimo
3611 1905 3729 1945 tent-

545 1979 712 2032 Deutn
763 1981 986 2034 dicimus
1041 1997 1162 2033 esse
1228 1983 1522 2043 factm-um.
1590 1999 1685 2036 nec
1753 1985 1954 2037 reddita
2012 2000 2098 2037 ra-

540 2064 688 2117 tione
723 2065 1025 2132 digni-utor.
1073 2066 1200 2118 Nam
1233 2083 1346 2133 qua:
1393 2068 1582 2118 melior
1627 2077 1682 2118 rt
1719 2068 1939 2120 validior
1969 2070 2101 2120 ratio

543 2157 610 2209 de
640 2158 794 2210 rebus
825 2160 1018 2212 ta'ibus
1043 2162 1307 2223 redditur,
1336 2176 1489 2223 quam
1516 2176 1636 2211 cum
1665 2161 2009 2226 Omnipmcus
2039 2175 2099 2213 ea

543 2264 698 2312 posse
752 2252 922 2303 facere
967 2251 1293 2319 perbibi-tur,
1341 2262 1392 2302 et
1439 2251 1669 2302 facturus
1725 2251 1935 2312 dicitur,
1985 2266 2101 2318 qua:

543 2355 686 2405 prro
730 2342 926 2394 utinsse
968 2343 1034 2394 ibi
1069 2343 1277 2410 legitur,
1310 2342 1395 2394 ubi
1438 2343 1535 2393 alia
1587 2361 1617 2393 ιι
1642 2343 1747 2394 ulta
1783 2345 2101 2408 prtenuutia-

544 2431 634 2495 vit,
667 2447 784 2497 quae
815 2432 1002 2487 fecisse
1031 2436 1385 2487 monsuatur?
1417 2437 1530 2502 lpse
1552 2436 1745 2503 quippe
1777 2435 1953 2497 faciet,
1979 2437 2100 2502 quia

541 2536 600 2574 se
647 2521 908 2575 facturum
952 2538 1070 2578 esse
1115 2525 1375 2592 prmdixit,
1409 2525 1495 2592 qui
1548 2525 1899 2593 impossibilia
1939 2524 2102 2596 [esse]

542 2620 814 2678 putantur,
845 2613 931 2682 qui
962 2615 1204 2681 promisit
1235 2625 1285 2667 rt
1306 2615 1444 2678 fecit,
1469 2625 1520 2666 ιιι
1561 2615 1628 2666 ab
1658 2615 1942 2669 incredulis
1971 2630 2102 2681 grn-

544 2698 684 2753 tibus
715 2701 1045 2756 incredibilia
1074 2706 1440 2758 crederentur.
1470 2704 1525 2755 Si
1557 2717 1731 2756 autem
1759 2706 2101 2772 respondent,

545 2801 824 2857 propterea
872 2806 930 2846 se
961 2808 1062 2844 non
1093 2794 1314 2846 credere
1345 2809 1459 2861 qua:
1503 2792 1569 2846 de
1621 2794 1862 2846 humanis
1893 2809 2104 2861 semper

543 2881 743 2934 arsuris
773 2898 872 2936 nec
903 2899 1168 2950 nunquam
1212 2884 1482 2937 morituris
1512 2887 1823 2952 corporibus
1855 2885 2098 2950 dicimus,

542 2973 666 3038 quia
700 2973 1050 3026 humanorum
1082 2989 1362 3040 corporum
1403 2987 1641 3027 naturam
1675 2975 1920 3028 norimus
1954 2979 2104 3044 Iunge

543 3063 702 3116 aliter
730 3065 1057 3129 institutam;
1097 3066 1235 3118 unde
1279 3080 1374 3119 nec
1403 3066 1492 3118 illa
1519 3067 1654 3118 ratio
1685 3065 1804 3118 hinc
1832 3066 1978 3119 reddi
2013 3083 2105 3135 po-

546 3163 649 3208 test
677 3171 793 3222 qu:e
839 3156 902 3209 de
950 3157 1052 3209 illis
1085 3157 1289 3209 naturis
1316 3157 1646 3210 mirabilibus
1679 3160 2019 3223 reddebatur,
2049 3173 2104 3214 ut

2208 1997 2333 2050 pore
2363 1992 2756 2050 perpetrantur.
2786 1982 2893 2035 Nee
2925 1987 3203 2052 quisquam
3230 1987 3435 2038 exstitit
3463 1987 3544 2054 qui
3575 2000 3734 2038 cense-

2208 2083 2306 2136 ret,
2363 2086 2467 2126 tam
2523 2075 2630 2126 cito
2675 2076 2981 2128 norentium
3038 2077 3264 2129 finienda
3323 2092 3440 2130 esse
3483 2087 3732 2137 tormenta.

2206 2181 2361 2230 quam
2395 2168 2502 2217 cito
2535 2164 2731 2218 factum
2774 2176 2876 2231 est,
2929 2169 3007 2218 vel
3041 2169 3407 2226 hemicidium.
3439 2168 3514 2219 vel
3562 2167 3733 2217 adulte-

2207 2256 2365 2317 rium,
2404 2258 2483 2305 vel
2530 2256 2890 2323 sacrilegium,
2940 2256 3024 2309 vel
3067 2256 3342 2324 quodlibet
3384 2257 3514 2308 aliud
3559 2257 3727 2315 scelus,

2205 2361 2307 2397 non
2332 2345 2585 2412 temporis
2611 2345 2961 2412 longitudine,
2989 2349 3079 2398 sed
3101 2347 3389 2413 impietatis
3411 2359 3458 2397 et
3480 2348 3732 2414 iniquiatis

2207 2436 2571 2500 magnitudine
2605 2436 2954 2489 metiendum.
2979 2436 3077 2501 Qui
3110 2448 3239 2489 vero
3267 2453 3361 2504 pro
3391 2439 3552 2504 aliqua
3577 2437 3731 2502 grandi

2205 2527 2378 2580 crimi.
2404 2542 2435 2580 e
2466 2536 2634 2579 morte
2665 2529 2971 2592 tuulctatur,
3004 2524 3242 2596 nunquid
3287 2544 3430 2581 mora
3459 2544 3550 2596 qua
3574 2526 3733 2579 occidi.

2206 2628 2308 2682 tur,
2341 2632 2459 2686 qua:
2487 2616 2755 2683 perbrevis
2781 2626 2900 2680 est,
2919 2618 3034 2682 ejus
3064 2619 3391 2682 supplicium
3436 2620 3566 2681 leges
3611 2619 3732 2669 εδιτ-

2207 2716 2351 2759 mant
2383 2707 2546 2776 [leges
2573 2706 2733 2759 breve
2779 2704 3129 2774 eXiSlitllalll].
3158 2716 3212 2759 et
3260 2722 3362 2758 non
3397 2711 3524 2774 quod
3554 2721 3653 2757 curn
3685 2708 3726 2754 in

2205 2802 2592 2865 sempiternum
2625 2797 2874 2848 auferunt
2900 2796 2964 2848 de
2994 2798 3252 2848 Sucietate
3278 2797 3577 2847 viventium.
3605 2793 3730 2858 Quot

2205 2897 2286 2942 est
2308 2899 2486 2941 autem
2518 2888 2582 2941 de
2607 2890 2702 2940 ista
2733 2886 2959 2940 Civitate
2985 2887 3195 2939 mortali
3229 2889 3470 2940 homines
3509 2888 3728 2952 supplicio

2208 2981 2388 3044 prima:
2435 2979 2645 3041 mortis,
2681 2979 2781 3029 hoc
2830 2987 2931 3033 est.
2963 2977 3028 3030 de
3076 2977 3166 3030 illa
3212 2977 3440 3031 Civitate
3486 2979 3724 3030 immortali

2207 3070 2452 3123 homines
2501 3069 2764 3135 supplicio
2813 3069 3058 3121 secunda:
3107 3071 3297 3120 mortis
3343 3068 3555 3136 auferre.
3609 3068 3729 3120 Sicut

2206 3162 2345 3214 enim
2386 3175 2490 3212 non
2531 3160 2771 3213 efficiunt
2809 3160 2949 3228 leges
2999 3159 3154 3225 hujus
3182 3160 3445 3221 Civitatis,
3472 3170 3518 3211 ut
3561 3160 3604 3211 in
3633 3174 3730 3211 eam

545 3245 647 3297 dici
669 3247 855 3313 possit,
883 3247 971 3299 \'is
995 3247 1094 3300 ista
1121 3264 1183 3300 na
1215 3248 1376 3301 uralis
1397 3258 1499 3312 εει,
1527 3248 1600 3301 rei
1623 3248 1778 3316 hujus
1803 3251 1896 3301 ista
1927 3262 2109 3304 natura
2139 3257 2181 3314 (ζ
2216 3252 2438 3319 quisque
2467 3260 2746 3304 revocetur
2777 3251 3013 3314 occisus;
3046 3252 3122 3303 s'e
3164 3266 3261 3305 nec
3293 3252 3431 3304 illius
3468 3252 3597 3319 leges
3620 3249 3731 3301 Civ.-

546 3345 648 3399 est,
680 3340 927 3405 quoniam
958 3341 1152 3394 scimus
1186 3342 1425 3393 humana:
1458 3343 1634 3394 carnis
1669 3341 1821 3394 istam
1856 3357 1959 3394 non
1992 3361 2110 3396 esse

547 3439 832 3483 naturam:
867 3432 1121 3486 habemus
1165 3433 1372 3499 quidem
1421 3433 1542 3500 quid
1591 3433 2006 3499 re-pondeamus
2044 3433 2109 3484 de

547 3520 735 3574 litteris
767 3521 951 3586 sacris,
995 3525 1130 3574 banc
1153 3522 1320 3590 ipsum
1345 3522 1551 3576 scilicet
1580 3521 1861 3574 humanam
1891 3536 2105 3573 carnem

549 3608 703 3663 aliter
732 3610 1024 3664 institutam
1046 3611 1204 3665 fuisse
1228 3623 1351 3666 ante
1377 3620 1670 3679 peccatum,
1707 3611 1755 3663 id
1782 3621 1867 3664 est
1899 3620 1954 3663 ut
1975 3629 2109 3663 nun-

548 3714 702 3766 quam
729 3711 904 3766 posset
937 3702 1139 3769 perpeti
1170 3712 1392 3754 mortem
1417 3718 1430 3765 ;
1459 3701 1614 3754 aliter
1642 3711 1818 3753 autem
1850 3710 1966 3768 post
1992 3712 2111 3764 pec-

552 3798 728 3844 catum
751 3793 919 3856 qualis
949 3791 1001 3842 in
1028 3805 1263 3843 :erumua
1296 3791 1450 3857 hujus
1482 3790 1822 3851 mortalitatis
1855 3792 2038 3841 innotu
2069 3794 2106 3853 t,

557 3887 615 3931 ιιι
637 3889 904 3947 perpetem
930 3883 1088 3934 vitam
1119 3889 1298 3933 tenere
1328 3893 1431 3932 non
1465 3879 1649 3946 possit.
1690 3879 1778 3933 Sic
1808 3895 1934 3947 ergo
1962 3875 2114 3935 aliter

554 3983 710 4036 quam
739 3970 890 4023 nobis
912 3982 1034 4024 nom
1057 3977 1137 4022 cst
1157 3971 1458 4024 instituetur
1481 3969 1531 4022 in
1557 3969 1949 4023 resurrectione
1973 3985 2114 4022 mor-

556 4068 786 4112 tuorum.

1097 4127 1321 4183 CAPUT
1358 4127 1559 4183 CXLV.

550 4239 629 4294 An
645 4240 861 4309 ⁸ἱιιδιῑιίαξ
893 4242 979 4302 sit,
1017 4250 1072 4293 ut
1101 4258 1199 4295 non
1242 4241 1339 4294 sint
1368 4242 1650 4296 eateitsinra
1701 4256 1959 4300 partarum
1990 4252 2112 4293 (cm-

877 4327 1023 4377 pora,
1059 4328 1211 4377 quam
1244 4313 1429 4380 fuerint
1457 4322 1791 4379 peccatorum.

621 4399 712 4455 Sic
738 4408 911 4452 autem
950 4401 1160 4466 quidam
1191 4418 1369 4455 eorum
1399 4413 1577 4453 contra
1613 4415 1748 4468 quos
1778 4401 2114 4455 defendimus

550 4490 832 4544 Civitatem
862 4490 953 4543 Dei
984 4488 1235 4559 inj-istum
1267 4499 1474 4558 putant,
1503 4507 1598 4559 pro
1629 4495 1858 4558 iet-eatis
1887 4495 2112 4560 quamli-

2217 3342 2340 3392 tatis
2386 3339 2698 3397 admittunt.
2745 3348 2801 3391 ut
2832 3338 2896 3390 ad
2944 3339 3058 3407 ejus
3089 3339 3205 3405 quis
3234 3339 3368 3391 ultra
3401 3339 3729 3392 beatitudinem

2216 3439 2494 3484 revocetur
2521 3439 2774 3483 aeternam
2827 3430 3054 3481 Secunda
3104 3440 3276 3482 morte
3306 3431 3585 3485 damnatus.
3613 3432 3726 3491 Qun-

2215 3520 2370 3572 tttodo
2399 3535 2526 3586 ergo
2568 3535 2751 3572 verum
2804 3529 2906 3584 est,
2961 3518 3220 3584 inqttittut,
3255 3521 3394 3586 quod
3440 3523 3507 3572 ait
3533 3518 3734 3571 Christus

2225 3623 2398 3662 \ester
2424 3629 2436 3662 :
2474 3611 2526 3662 ln
2558 3626 2657 3676 qua
2691 3625 2943 3663 mensura
2976 3611 3142 3661 mensi
3173 3607 3379 3662 fueritis
3406 3611 3508 3678 93
3531 3609 3733 3660 remetir-

2215 3705 2300 3750 tur
2328 3698 2497 3760 vobis,
2533 3701 2576 3750 si
2625 3697 2918 3764 temporale
2963 3706 3236 3763 peccatum
3266 3697 3525 3764 ειιμριὶιτιυ
3567 3699 3734 3766 punitur

2215 3788 2415 3839 aeterno
2439 3788 2460 3839 ?
2487 3804 2582 3840 nte
2606 3789 2905 3850 attendunt,
2934 3804 3036 3840 non
3064 3801 3279 3855 prnpter
3307 3791 3504 3857 a‘qualc
3531 3791 3734 3842 tem:oris

2215 3878 2466 3944 spatium,
2498 3878 2591 3930 sed
2624 3889 2839 3946 prepter
2868 3879 3289 3931 viciss'tudinem
3343 3881 3495 3940 mali,
3528 3879 3571 3932 id
3607 3889 3734 3931 estut

2215 3968 2302 4033 qui
2348 3969 2480 4022 mala
2534 3967 2751 4030 fecerit,
2811 3969 2946 4020 mala
3004 3971 3254 4034 patiatur,
3306 3971 3537 4022 eamdem
3582 3970 3734 4022 dictam

2216 4057 2382 4114 fuisse
2419 4075 2744 4126 mensuram,
2793 4060 3033 4129 quamvis
3084 4061 3184 4113 hoc
3237 4062 3288 4112 in
3357 4076 3420 4113 ea
3469 4075 3524 4113 re
3569 4059 3735 4127 proprie

2217 4151 2379 4216 possit
2409 4153 2595 4219 accipi.
2634 4150 2703 4203 de
2732 4165 2834 4218 qua
2868 4149 3145 4213 Dominus,
3178 4165 3299 4202 cum
3335 4152 3432 4203 hoc
3455 4151 3651 4206 diceret.
3677 4149 3734 4199 Ι.)-

2215 4241 2498 4309 quebatur,
2547 4242 2595 4292 id
2644 4248 2729 4294 est
2772 4241 2837 4294 de
2871 4239 3086 4308 judiriis
3135 4252 3187 4292 et
3240 4241 3732 4292 caudemnationihus.

2220 4331 2450 4384 Proinde
2475 4331 2562 4397 qui
2585 4328 2787 4397 judicat
2818 4341 2870 4383 et
2899 4331 3221 4382 condemnat
3246 4332 3460 4394 injuste,
3502 4333 3540 4382 si
3575 4330 3734 4396 judica-

2219 4429 2301 4474 tur
2328 4433 2377 4474 et
2410 4422 2800 4474 condemnatur
2821 4420 2985 4488 jusse,
3011 4421 3059 4469 in
3089 4419 3274 4472 eadem
3308 4435 3545 4472 mensura
3569 4419 3734 4485 recipit.

2217 4513 2458 4577 quamvis
2486 4525 2586 4562 non
2621 4513 2719 4561 hoc
2749 4510 2886 4576 quod
2929 4509 2992 4560 de
3016 4509 3074 4560 'it
3104 4510 3339 4577 :judicio
3364 4512 3500 4562 enim
3531 4508 3735 4572 ferit,ju-

549 4583 644 4636 bet
695 4583 904 4651 magnis
965 4597 1126 4649 parvo
1190 4583 1395 4636 scilicet
1450 4592 1695 4648 tempore
1748 4588 2104 4653 perpetratis,

2214 4601 2351 4653 dicio
2380 4602 2594 4668 patitur,
2627 4601 2868 4666 quamvis
2898 4597 3088 4651 fecerit
3126 4601 3466 4653 tl.tlllttaliutte
3496 4600 3621 4666 quod
3659 4598 3735 4651 iui-

551 4689 706 4742 poena
758 4676 1034 4743 quisquam
1083 4675 1361 4728 damnetur
1408 4684 1628 4740 aeterna,
1669 4678 1816 4744 quasi
1850 4679 2010 4732 ullius
2059 4679 2110 4732 id

551 4779 781 4835 unquam
806 4765 1004 4833 justitin
1036 4766 1165 4834 legis
1194 4764 1449 4831 attendat,
1477 4774 1532 4818 ut
1557 4775 1699 4820 tanta
1735 4781 1879 4820 tuOra
1908 4778 2112 4836 tempo-

549 4858 627 4910 tis
665 4856 891 4925 quisque
937 4857 1202 4923 puniatur,
1253 4869 1448 4927 quanta
1483 4873 1627 4911 mora
1681 4859 1934 4924 temporis
1974 4861 2114 4914 unde

550 4947 830 5018 puniretur
867 4947 1097 5000 admisit.
1126 4947 1258 5001 Octo
1283 4963 1476 5016 genera
1506 4963 1778 5016 pmnarum
1821 4950 1871 5000 in
1912 4950 2115 5017 legibus

548 5055 670 5094 esse
714 5039 897 5094 scribit
925 5038 1148 5102 Tullius,
1183 5042 1454 5104 damnum,
1483 5039 1714 5102 vincula,
1747 5040 1992 5103 verbera,
2032 5051 2112 5092 ta-

551 5131 773 5196 lionem,
803 5130 1170 5198 ignominiam,
1200 5131 1467 5195 exsilium,
1494 5143 1742 5194 mortem,
1776 5132 2109 5185 servitutem.

549 5225 685 5290 Quid
713 5223 900 5275 horum
932 5233 1036 5287 est,
1066 5222 1204 5288 quod
1236 5222 1286 5273 in
1317 5221 1476 5276 breve
1500 5232 1706 5289 tempus
1742 5237 1834 5290 pro
1858 5222 2116 5290 cujusque

550 5313 752 5384 peccati
778 5313 1054 5367 celeritate
1079 5321 1400 5377 coarctetur,
1433 5325 1487 5365 ut
1512 5322 1651 5366 tanta
1676 5314 1970 5368 vindicetur
1997 5331 2112 5366 ιιιιι-

550 5405 696 5468 I'ula,
731 5413 925 5469 quanta
968 5402 1275 5470 depreheud
1303 5414 1386 5457 tur
1413 5413 1804 5472 perpetratum,
1853 5407 1950 5458 nisi
1983 5407 2116 5459 forte

556 5495 716 5551 talio?
745 5495 797 5550 ld
821 5497 959 5549 enim
993 5497 1120 5563 agit,
1155 5505 1212 5548 ut
1245 5497 1343 5550 hoc
1373 5498 1597 5564 patiatur
1626 5499 1848 5565 quisque
1871 5502 2008 5567 quod
2041 5500 2116 5553 fe-

559 5595 650 5646 cit.
680 5590 831 5646 Unde
858 5589 981 5643 illud
1015 5602 1095 5644 est
1126 5591 1275 5660 legis,
1308 5592 1530 5644 Oculum
1563 5607 1654 5659 pro
1698 5593 1873 5656 oculo,
1903 5596 2114 5647 dentem

563 5698 655 5749 pro
685 5684 863 5735 dente.
895 5683 1033 5735 Fieri
1075 5684 1217 5735 enim
1252 5692 1423 5753 potest
1470 5691 1525 5734 ut
1558 5695 1660 5733 tam
1703 5681 1848 5734 brevi
1880 5693 2118 5750 tempore

562 5773 783 5836 quisque
813 5773 1022 5826 amittat
1060 5773 1273 5826 oculum
1321 5777 1606 5827 severitate
1647 5772 1912 5838 vindicta),
1960 5792 2116 5842 quam

562 5860 681 5915 tulit
726 5863 836 5929 ipse
881 5864 1032 5918 alteri
1073 5864 1412 5933 improbitate
1462 5867 1683 5936 peccati.
1735 5864 1896 5920 l’urro
1942 5878 2117 5923 autem

2219 4708 2376 4760 quum
2407 4701 2508 4755 est,
2544 4695 2770 4760 patiatur
2793 4691 3134 4743 damnatione
3165 4691 3304 4756 quod
3333 4692 3529 4757 justum
3557 4701 3642 4744 est.

2778 4800 2988 4854 CAPUI
3033 4799 3254 4852 CXLVI.

2223 4891 2297 4944 De
2313 4892 2656 4960 magnitudine
2681 4889 3104 4960 prmrarimtionis
3139 4890 3336 4954 primm,
3359 4891 3418 4942 ob
3445 4899 3737 4960 qucum-tenta

2294 4959 2436 5022 ιωιιιι
2477 4959 2705 5014 omnibus
2746 4961 2983 5012 debeatur
3006 5000 3018 5014 .
3047 4976 3076 5024 η
3101 4961 3132 5008 ri
3167 4970 3309 5011 extra
3341 4964 3549 5028 gratiam
3586 4959 3732 5025 furiat

2295 5033 2417 5086 Sum
2435 5033 2595 5094 ituris,
2618 5047 2680 5083 ea:
2709 5031 2838 5082 libro
2862 5045 2945 5081 χιιι
2977 5031 3037 5080 de
3061 5028 3271 5082 Civitate
3298 5029 3409 5082 Dei.

2290 5144 2338 5195 S-
2361 5144 2390 5194 d
2427 5157 2575 5206 ιωιιιι
2605 5152 2802 5195 attenta
2833 5142 2947 5193 ideo
2976 5142 3103 5192 dura
3134 5151 3184 5191 et
3225 5139 3418 5208 injusta
3446 5140 3656 5193 sensibus
3677 5136 3734 5186 vi-

2219 5233 2371 5284 detur
2401 5231 2662 5295 humanis,
2705 5231 2824 5298 quia
2879 5229 2929 5280 in
2963 5229 3061 5281 bac
3111 5229 3420 5282 infirmitate
3463 5226 3736 5281 moribundo-

2222 5339 2335 5374 rutu
2378 5336 2627 5373 sensuum
2658 5322 2809 5373 deest
2840 5319 2928 5370 ille
2963 5333 3150 5371 sensus
3181 5320 3449 5372 alti~simzn
3479 5318 3740 5386 purissime-

2221 5427 2322 5479 que
2351 5414 2646 5475 sapientia;
2694 5427 2796 5476 quo
2826 5406 3010 5461 sentiri
3045 5409 3230 5473 pOSsil,
3263 5422 3509 5474 quantum
3541 5408 3662 5461 nefas
3700 5409 3736 5455 in

2229 5503 2311 5555 ida
2365 5503 2534 5568 prima
2583 5502 3015 5568 pramaricatione
3070 5501 3414 5554 commissum
3455 5504 3536 5555 sit.
3581 5505 3736 5566 Quanto

2223 5595 2362 5647 enim
2385 5596 2547 5661 magis
2583 5594 2742 5646 homo
2781 5593 3034 5646 fruebatur
3069 5592 3198 5648 Deo.
3233 5605 3377 5646 tanto
3400 5595 3580 5662 majore
3603 5593 3737 5657 impie-

2227 5694 2332 5737 late
2378 5685 2666 5750 dereliquit
2717 5685 2899 5748 Deum,
2952 5693 3003 5737 et
3065 5683 3236 5740 factus
3291 5694 3374 5737 est
3426 5689 3552 5738 malo
3596 5684 3735 5750 dignun

2227 5787 2446 5840 mteruu,
2471 5776 2556 5842 qui
2591 5775 2762 5828 hocin
2797 5791 2854 5829 se
2885 5776 3102 5843 peremit
3137 5775 3334 5828 bunum
3365 5777 3496 5838 quod
3530 5788 3627 5828 esse
3645 5786 3734 5838 p05-

2229 5875 2310 5922 sct
2362 5876 2642 5922 a'lrtuum.
2702 5869 2832 5922 llinc
2885 5877 2959 5921 est
3013 5867 3261 5919 uuivttsa
3316 5869 3518 5936 genesis
3569 5860 3730 5916 ιιιιωξιιιί
