3886 6224
480 355 576 410 791

1473 357 1535 411 D.
1579 354 1898 413 EUCYl’Pll
1931 351 2227 408 ABBATIS
2267 331 2584 410 armcmt

3625 354 3719 409 79?.

475 482 535 522 se
558 468 756 523 faciunt
781 470 1022 525 membra
1053 468 1369 532 meretricis,
1403 468 1504 522 nisi
1529 469 1723 522 malum
1755 466 1881 519 illud
1931 478 2044 534 pte-
2074 462 2124 517 Α
2153 460 2285 514 rime
2317 464 2680 535 proﬁteretur]
2706 504 2721 530 ,
2757 465 2882 519 illud
2913 465 3124 520 Christo
3154 481 3259 520 non
3306 478 3715 533 praeponeretur.

475 561 694 616 nitendo
724 575 846 616 esse
871 560 1204 625 destiterint,
1270 555 1326 612 et
1355 560 1420 612 ad
1471 560 1573 615 hoc
1613 559 1811 613 bonum
1858 571 2050 611 recon-

473 652 748 708 ciliatione
779 653 1056 707 redierint.
1084 650 1189 706 Sed
1218 651 1436 720 habent,
1463 653 1732 723 inquiunt,
1762 649 2048 705 Christiani

473 745 736 816 Catholici
769 748 819 801 in
853 747 1200 800 fundamento
1234 745 1528 808 Christum,
1573 759 1602 797 a
1647 743 1800 813 cujus
1842 742 2048 795 unitate

476 837 766 908 {veritate}
822 853 925 891 non
989 849 1365 900 recesserunt,
1418 836 1626 890 tametsi
1683 834 1806 887 huic
1866 831 2049 885 funda-

476 937 653 980 mct-to
700 917 1268 996 supertedilicaverunt
1306 928 1596 996 quamlibet
1649 924 1930 993 pessimam
1974 923 2051 974 vi-

475 1031 580 1073 tam
608 1061 621 1078 .
668 1022 810 1075 velut
857 1021 1032 1090 ligtta,
1083 1020 1302 1086 fcitum,
1351 1021 1622 1088 stipulam.
1663 1018 1825 1070 [tecta
1873 1016 2051 1085 itaque

475 1112 627 1178 ﬁdes,
655 1127 748 1180 per
774 1127 932 1181 quam
955 1112 1201 1167 Christus
1228 1123 1307 1167 est
1350 1112 1776 1174 fundamentum,
1809 1108 2051 1176 quamvis

471 1218 593 1257 cum
621 1203 822 1257 damno
851 1205 1129 1271 (quon'am
1184 1204 1271 1257 illa
1308 1218 1425 1272 qua:
1468 1199 1885 1268 supermdiliCata
1927 1206 2052 1250 sunt

473 1295 811 1362 exurentur),
841 1305 1019 1348 tamen
1065 1295 1260 1362 poterit
1301 1308 1396 1348 eos
1436 1291 1755 1360 quandoque
1796 1289 1863 1342 ab
1912 1290 2052 1343 illius

475 1384 615 1455 ignis
641 1388 990 1454 perpetuitate
1013 1388 1239 1439 salt-are.
1265 1381 1600 1450 Respondeat
1627 1381 1799 1451 {ergo}
1829 1381 1906 1434 eis
1935 1380 2052 1434 hrc-

474 1475 611 1528 viter
639 1476 912 1544 apOstoltts
938 1475 1170 1527 Jacobus
1195 1491 1208 1526 :
1251 1473 1306 1526 Si
1348 1474 1468 1542 quis
1494 1472 1638 1526 dicat
1666 1487 1724 1526 se
1755 1472 1914 1525 fidem
1962 1471 2053 1524 lia—

473 1568 619 1626 bere.
651 1582 809 1635 opera
835 1579 1010 1620 autem
1041 1581 1143 1617 non
1169 1565 1382 1631 habeat,
1414 1563 1649 1632 nunquid
1692 1563 1885 1629 poterit
1921 1565 2054 1618 fides

470 1657 676 1709 salvatc
704 1657 867 1709 eum?
897 1657 959 1710 Et
990 1656 1108 1725 quis
1129 1666 1234 1722 est,
1260 1655 1526 1724 inquiunt,
1552 1655 1618 1708 de
1647 1670 1754 1722 quo
1780 1656 1907 1709 dicit
1933 1669 2053 1722 apo-

469 1747 637 1799 stolus
694 1746 927 1800 l’nulttS:
972 1746 1088 1814 Ipse
1130 1756 1306 1800 autem
1355 1747 1536 1800 salvus
1590 1748 1714 1809 erit,
1767 1747 1845 1801 sic
1877 1759 2051 1800 tamen

468 1838 621 1904 quasi
671 1852 766 1906 per
804 1837 1014 1908 ignem?
1042 1834 1210 1894 Simul
1248 1839 1371 1908 quis
1410 1841 1510 1894 iste
1551 1840 1639 1902 sit,
1687 1838 2047 1908 inquiratnus;

469 1928 610 1981 hunc
641 1939 819 1982 tamen
852 1943 955 1981 non
1002 1942 1122 1982 esse
1151 1930 1511 1983 certissimum
1563 1938 1666 1993 est,
1711 1943 1778 1983 ne
1822 1930 2048 1983 duorum

413 2021 435 2036 "
469 2020 846 2086 Apostolorum
875 2020 1170 2074 sententias
1202 2021 1474 2076 mittamus
1506 2021 1558 2074 in
1591 2023 1782 2085 rixam,
1829 2028 1871 2074 si
1916 2038 2050 2075 unus

470 2110 637 2161 dicit:
673 2111 841 2163 lati-ant
885 2113 927 2162 si
963 2115 1096 2162 mala
1141 2127 1302 2180 opera
1333 2113 1451 2178 quis
1502 2113 1770 2178 habuerit,
1823 2112 2051 2165 salvablt

468 2214 589 2250 eum
617 2213 714 2267 per
742 2199 913 2268 ignem
940 2199 1103 2263 lides;
1133 2201 1267 2254 alius
1296 2211 1472 2254 autem
1505 2219 1516 2253 :
1548 2203 1602 2256 Si
1630 2217 1788 2269 opera
1823 2217 1926 2253 non
1958 2201 2050 2253 Ita-

470 2289 613 2350 bcat,
643 2288 879 2357 nunquid
905 2290 1096 2356 poterit
1127 2290 1260 2344 liiles
1291 2292 1504 2346 salvare
1527 2293 1685 2345 eum?
1716 2291 2049 2348 Inteniemus

469 2394 597 2447 ergo
619 2380 736 2446 quis
767 2377 899 2450 [qui]
935 2381 1099 2445 lossit
1126 2381 1320 2434 salvari
1359 2395 1450 2448 per
1483 2381 1681 2450 ignem,
1716 2385 1759 2434 si
1791 2385 1937 2451 prius
1969 2383 2048 2436 ἰ..-

468 2471 777 2524 venerimus
807 2471 932 2539 quid
961 2469 1030 2525 sit
1062 2470 1259 2526 habere
1286 2474 1337 2525 ιιι
1371 2473 1718 2527 lundamento
1752 2475 2046 2529 Christum.

473 2559 624 2624 Quod
654 2569 707 2612 ut
734 2557 946 2628 dc'ipsa
969 2561 1320 2615 similitudine.
1350 2564 1665 2631 quantocius
1687 2565 2048 2631 advertamus,

471 2649 600 2704 nihil
637 2650 688 2705 in
734 2652 960 2705 :cdillcio
1007 2653 1335 2720 praipouitur
1378 2653 1745 2718 fundamento.
1798 2656 2050 2727 Quisquis
2080 2715 2093 2727 ,

2084 2741 2090 2747 ’
2153 2737 2341 2790 ambos
2375 2736 2583 2804 probet.
2614 2737 2670 2792 Si
2700 2747 2878 2792 autem
2922 2737 3094 2805 ignem
3136 2737 3286 2790 illum
3321 2741 3433 2792 loco
3480 2738 3574 2788 isto
3618 2750 3698 2783 vo-

474 2741 653 2810 itaque
682 2742 761 2795 sic
792 2742 952 2796 habet
978 2742 1028 2797 in
1053 2742 1216 2798 corde
1243 2744 1533 2811 Christum,
1570 2760 1621 2798 ut
1653 2747 1703 2800 ei
1735 2757 1946 2803 terrena
1996 2759 2052 2805 et

476 2834 809 2901 temporalia,
846 2849 944 2888 nec
984 2849 1044 2889 ea
1096 2851 1214 2904 qua:
1243 2836 1382 2890 licita
1427 2848 1550 2890 sunt
1583 2848 1748 2907 atque
1791 2855 2047 2896 concessa

476 2935 774 2990 praipunat,
827 2924 1230 2979 fundamentum
1267 2926 1429 2981 habet
1458 2926 1729 2983 Christum
1757 2949 1768 2983 :
1795 2933 1838 2984 si
1870 2943 2046 2987 autem

474 3013 767 3079 prmponit.
806 3015 907 3066 etsi
942 3014 1182 3069 videatur
1227 3015 1427 3071 habere
1477 3016 1634 3071 fidem
1687 3019 1910 3084 Christi,
1943 3035 2048 3074 non

470 3112 555 3157 est
604 3111 779 3156 tamen
826 3103 878 3156 in
918 3119 983 3157 eo
1032 3103 1438 3160 fundamentum
1467 3105 1737 3175 Christus,
1785 3110 1872 3163 cui
1926 3111 2047 3166 talia

2159 551 2287 606 Vide
2318 553 2370 606 in
2397 549 2720 624 A'postolicis
2749 559 2925 612 verbis
2957 556 3225 613 hominem
3247 557 3604 612 aedificantem
3639 573 3716 613 su-

2152 658 2247 712 per
2279 643 2683 701 fundamentum
2726 663 2945 713 aurum,
2983 657 3300 718 argentum,
3352 648 3555 717 lapides
3601 663 3716 716 pre-

2154 734 2337 790 tiosos.
2371 736 2471 803 Qui
2499 737 2616 791 sine
2647 754 2813 793 uxore
2842 750 2959 806 est,
3004 741 3189 810 inquit,
3234 742 3432 810 cogitat
3458 755 3579 808 qua
3607 749 3717 792 sunt

2155 823 2269 888 Dei,
2301 825 2569 890 quomodo
2600 827 2804 894 placeat
2836 829 2966 884 Deo.
2997 829 3133 884 Vide
3160 830 3326 884 alium
3371 830 3712 883 aediﬁcantem

2151 912 2312 981 ligna,
2350 913 2550 976 fenum,
2577 917 2824 985 stipulam
2849 935 2861 970 :
2889 919 2986 985 Qui
3016 932 3193 974 autem
3226 922 3569 975 matrimonio
3600 919 3714 988 jun-

2152 1013 2269 1057 ctus
2289 1013 2391 1067 est,
2423 1006 2617 1074 inquit,
2641 1009 2837 1076 cogitat
2856 1023 2917 1062 ea
2939 1025 3056 1077 qua:
3085 1020 3210 1063 sunt
3234 1013 3436 1075 mundi,
3464 1012 3717 1080 quomodo

2154 1095 2362 1163 placeat
2394 1098 2580 1162 uxori;
2618 1099 3030 1168 uniuscujusque
3076 1117 3210 1171 opus
3243 1103 3421 1175 [quale
3447 1101 3538 1173 sit]
3562 1103 3717 1155 maui-

2153 1184 2467 1252 festabithr;
2501 1187 2615 1243 dies
2641 1192 2783 1244 enim
2819 1191 3027 1245 Domini
3059 1193 3378 1256 declarabit,
3405 1194 3519 1246 dies
3546 1193 3714 1260 utique

2157 1278 2512 1333 tribu‘ationis
2538 1296 2550 1332 :
2575 1283 2822 1345 quoniam
2857 1282 2952 1353 [in]
2985 1284 3125 1352 igne,
3156 1286 3344 1352 inquit,
3378 1287 3708 1340 revelabitur.

2159 1370 2414 1423 Eamilem
2447 1371 2842 1426 tribulationem
2878 1376 3049 1442 ignem
3078 1385 3252 1437 vocat,
3278 1376 3415 1428 sicut
3443 1377 3488 1428 al
3513 1377 3560 1429 bi
3595 1377 3711 1444 legi-

2157 1472 2281 1514 tur:
2311 1460 2444 1516 Vasa
2477 1462 2620 1532 figuli
2675 1463 2861 1532 probat
2903 1464 3119 1528 furuax,
3164 1477 3218 1518 et
3270 1465 3510 1519 homines
3548 1465 3712 1532 justus

2156 1554 2381 1608 tentatio
2411 1554 2800 1620 tribulatioiiis;
2833 1567 2887 1610 et
2927 1557 3343 1624 uniuscujusque
3382 1571 3513 1624 opus
3557 1557 3710 1624 quale

2155 1645 2224 1698 sit
2253 1645 2389 1713 ignis
2415 1645 2678 1713 probabit.
2704 1646 2748 1699 si
2773 1645 2925 1714 cujus
2956 1661 3088 1716 opus
3111 1647 3479 1715 permanserit.
3506 1645 3708 1699 Perma-

2157 1745 2247 1790 net
2274 1738 2416 1791 enim
2447 1739 2584 1805 quod
2618 1740 2842 1808 quisque
2880 1742 3076 1808 cogitat
3110 1754 3227 1808 quae
3274 1748 3398 1792 sunt
3428 1737 3539 1800 Dei,
3586 1753 3708 1805 quo-

2093 1823 2132 1880 Β
2162 1827 2321 1880 modo
2351 1827 2555 1896 placeat
2585 1828 2714 1892 Deo,
2745 1828 2886 1897 quod
2915 1829 3377 1896 supera‘dilicarit,
3424 1829 3704 1881 mercedem

2154 1918 2404 1986 accipiet,
2435 1919 2486 1973 id
2517 1930 2599 1975 est
2627 1920 2764 1974 unde
2796 1920 3049 1988 cogitatit
3093 1920 3194 1974 hoc
3235 1930 3428 1973 sumet.
3470 1920 3524 1974 Si
3565 1917 3706 1986 cujus

2154 2019 2330 2062 autem
2358 2024 2490 2078 opus
2515 2011 2702 2064 arserit
2730 2010 2985 2064 damnum
3021 2013 3269 2079 patietur,
3305 2012 3546 2080 quoniam
3575 2010 3703 2079 quod

2154 2100 2415 2154 dilexerat
2439 2117 2545 2155 non
2576 2101 2790 2155 habebit
2817 2118 2831 2155 :
2865 2102 2976 2169 ipse
3006 2111 3181 2155 autem
3211 2103 3394 2157 salvas
3438 2104 3554 2165 erit,
3595 2103 3703 2168 quia

2153 2189 2292 2241 nera
2320 2203 2441 2242 eum
2473 2190 2742 2243 tribulatio
2782 2191 2851 2244 ab
2895 2191 3032 2243 illius
3075 2190 3399 2259 fundamenti
3441 2189 3702 2242 stabilitate

2149 2282 2404 2342 ttemovit;
2453 2281 2532 2335 sic
2582 2290 2758 2336 tamen
2804 2283 2954 2350 quasi
3001 2298 3093 2346 per
3140 2281 3316 2350 ignem
3348 2297 3363 2334 :
3392 2282 3524 2346 quod
3574 2283 3699 2332 enim

2151 2370 2409 2434 illiciente
2447 2387 2633 2428 amore
2674 2372 2837 2444 [quod
2869 2373 3011 2427 enim
3054 2374 3172 2434 sine
3215 2372 3468 2427 illicieute
3512 2370 3696 2441 amore]

2153 2477 2257 2517 non
2288 2462 2490 2528 habuit,
2541 2463 2657 2517 sine
2705 2474 2894 2518 urente
2933 2464 3120 2516 dolore
3149 2477 3256 2516 non
3315 2463 3499 2531 perdit.
3557 2462 3696 2523 Erer,

2152 2563 2408 2623 quantum
2435 2554 2560 2606 tuilti
2590 2553 2819 2619 videtur,
2845 2554 3090 2608 iuventus
3112 2563 3194 2609 est
3227 2554 3382 2623 ignis,
3412 2553 3496 2620 qui
3519 2553 3699 2604 nullum

2151 2661 2337 2701 eorum
2365 2645 2600 2709 damnet,
2627 2645 2722 2700 sed
2752 2662 2911 2699 unum
2939 2647 3093 2710 ditet,
3119 2646 3347 2700 alterum
3394 2644 3697 2703 damnilieet,

2153 2827 2412 2882 luerimus
2443 2827 2707 2896 accipere,
2746 2829 2813 2882 de
2841 2844 2946 2897 quo
2978 2829 3236 2882 Dominus
3266 2828 3405 2883 dicet
3446 2826 3663 2882 sinistris
3683 2863 3697 2886 ,

2155 2917 2425 2973 Discedite
2450 2933 2480 2971 a
2511 2934 2621 2982 me,
2651 2920 2939 2986 maledicti,
2969 2919 3019 2973 in
3051 2921 3224 2989 ignem
3258 2931 3526 2980 aeternum,
3555 2928 3616 2972 ut
3651 2918 3696 2970 in

2151 3008 2230 3062 eis
2257 3007 2326 3062 eti
2347 3023 2414 3061 im
2446 3009 2529 3061 isti
2559 3023 2678 3063 esse
2702 3009 2988 3062 credantur
3017 3010 3103 3078 qui
3131 3011 3396 3064 aediﬁcant
3424 3023 3570 3077 super
3593 3007 3698 3059 luu-

2154 3097 2464 3152 damentum
2514 3098 2672 3166 ligna,
2714 3091 2912 3163 fenum,
2963 3098 3233 3166 stipulam,
3278 3115 3470 3168 eosque
3516 3113 3574 3150 ex
3618 3096 3696 3149 illo

471 3204 887 3260 praeponuntur;
919 3203 1120 3263 quanto
1162 3197 1332 3265 magis
1382 3197 1426 3250 si
1478 3199 1729 3252 salutaria
1782 3183 2121 3270 praeceme
2156 3188 2275 3257 igne
2307 3199 2426 3257 pOst
2455 3198 2663 3258 telttpus
2689 3203 2784 3256 plO
2807 3187 2960 3241 malis
2994 3189 3197 3242 ineritis
3231 3190 3543 3257 impertitum
3579 3187 3693 3241 libe-

468 3294 836 3347 contemnens,
861 3288 1158 3340 committat
1187 3288 1389 3353 illicita,
1419 3304 1523 3343 non
1548 3289 1730 3362 [etiam
1764 3289 1892 3363 noo]
1917 3308 2050 3359 prte-

472 3377 713 3443 posuissc
760 3377 1069 3442 Christum,
1119 3381 1212 3434 sed
1267 3385 1634 3449 postposuisse
1690 3386 2047 3452 convincitur,

468 3480 626 3532 quem
685 3468 987 3536 posthabuit
1035 3471 1424 3538 imperantem,
1479 3474 1592 3526 sive
1641 3476 2045 3540 concedentem,

469 3556 597 3610 dum
627 3568 810 3611 contra
843 3557 959 3626 ejus
991 3561 1270 3627 imperata,
1304 3561 1417 3615 sive
1447 3575 1732 3626 concessa,
1774 3568 1921 3617 suam
1955 3581 2050 3633 per

467 3648 665 3716 ﬂagitia
715 3648 916 3716 delegit
966 3650 1183 3718 explere
1235 3649 1551 3706 libidinem?
1589 3653 1644 3707 Si
1700 3655 1818 3721 quis
1869 3656 2049 3722 itaque

468 3738 806 3795 Christianus
827 3741 997 3810 diligit
1020 3742 1380 3808 meretricem,
1405 3744 1560 3813 eique
1586 3745 1866 3799 adhaerens
1888 3763 2047 3801 unum

470 3844 664 3898 corpus
690 3829 939 3894 ellicitur,
970 3830 1079 3897 jam
1112 3834 1163 3883 in
1195 3830 1540 3887 fundamento
1571 3850 1675 3888 non
1705 3835 1870 3889 habet
1898 3836 2050 3889 Citri-

470 3931 612 3974 stum
642 3939 654 3972 :
684 3920 728 3974 si
752 3922 872 3987 quis
902 3934 1076 3976 autem
1107 3921 1280 3992 diligit
1305 3940 1524 3978 uxorem
1555 3942 1728 3986 suam,
1776 3929 1820 3980 si
1861 3943 2050 3983 secun—

469 4010 599 4063 dum
627 4008 917 4074 Christum,
952 4011 1071 4079 quis
1115 4012 1163 4064 ei
1201 4012 1404 4066 dubitet
1439 4013 1489 4066 in
1537 4014 1886 4069 fundamento
1929 4031 2050 4072 esse

467 4098 775 4154 Christum?
804 4099 858 4155 Si
882 4101 1019 4154 Vero
1047 4100 1340 4154 secundum
1389 4100 1490 4154 hoc
1527 4103 1806 4167 saeculum,
1838 4104 1880 4156 si
1929 4119 2048 4157 caro

469 4189 684 4257 naliter,
720 4189 764 4243 si
798 4191 850 4244 in
889 4190 1078 4243 morbo
1127 4191 1706 4258 concupiscentiarum,
1760 4193 1897 4246 sicut
1949 4193 2044 4266 [et]

465 4292 652 4349 gentes
680 4296 798 4349 qua:
828 4281 1073 4350 ignorant
1103 4281 1293 4344 Deum,
1321 4282 1481 4335 etiam
1507 4282 1608 4335 hoc
1637 4286 1927 4337 secundum
1953 4299 2045 4336 ve-

466 4372 613 4425 niant
647 4371 897 4426 concedit
935 4371 1244 4438 Apostolus,
1278 4373 1383 4427 imo
1425 4388 1518 4441 per
1545 4375 1857 4440 Apostolum
1895 4372 2045 4430 Chri-

465 4471 600 4516 stus.
635 4461 817 4516 Potest
844 4475 972 4530 ergo
1004 4471 1058 4513 et
1088 4461 1191 4514 isto
1219 4462 1269 4516 iu
1294 4461 1641 4516 fundamento
1669 4465 1865 4518 habere
1886 4463 2042 4519 Chri-

2156 3289 2239 3333 ret
2270 3281 2392 3333 boni
2425 3279 2672 3333 meritum
2704 3280 3055 3343 fundamenti,
3085 3281 3211 3348 quid
3240 3281 3548 3333 arbitremur
3575 3279 3694 3331 det-

2157 3378 2287 3430 tros,
2317 3371 2508 3437 quibus
2531 3370 2774 3424 dicetur:
2810 3370 3024 3433 Venite,
3067 3369 3337 3441 benedicti
3388 3375 3540 3437 ptris
3581 3367 3692 3429 mei,

2154 3462 2422 3528 possidete
2451 3472 2687 3527 paratum
2722 3461 2870 3515 vobis
2917 3461 3171 3528 regnum?
3211 3460 3310 3514 nisi
3340 3475 3429 3514 eos
3458 3459 3538 3526 qui
3579 3459 3694 3508 :edi-

2155 3549 2446 3604 [icavt'runt
2492 3567 2653 3621 super
2703 3551 3102 3604 fundamentum
3152 3567 3365 3615 aurum,
3421 3563 3691 3616 argen'um,

2153 3640 2356 3708 lapides
2409 3642 2699 3707 pletiuSOs?
2739 3643 2832 3695 sed
2883 3641 2932 3694 iit
2974 3641 3119 3693 illum
3152 3641 3351 3709 ignem,
3383 3643 3448 3693 de
3493 3654 3586 3707 quo
3625 3637 3692 3689 di-

2155 3739 2296 3784 ctum
2325 3741 2426 3792 est,
2488 3731 2576 3785 Sic
2602 3732 2944 3798 tamenquasi
2972 3746 3062 3797 per
3091 3730 3287 3792 ignem,
3334 3733 3378 3784 si
3415 3730 3508 3782 hoc
3550 3731 3689 3780 tuo-lo

2154 3831 2238 3876 est
2279 3821 2670 3888 intelligendus,
2720 3823 2928 3888 utrique
2977 3818 3219 3872 mittendi
3252 3831 3394 3885 sunt,
3443 3827 3494 3872 et
3532 3815 3691 3870 dextri

2153 3912 2359 3966 scilicet
2386 3923 2438 3966 et
2459 3911 2656 3964 sinistri
2683 3928 2695 3962 :
2725 3911 2812 3963 illo
2844 3911 3039 3979 quippe
3071 3913 3186 3978 igne
3211 3913 3418 3974 utrique
3460 3904 3690 3976 probandi

2152 4014 2300 4069 sunt,
2333 4006 2398 4059 de
2422 4019 2526 4073 quo
2555 4003 2750 4057 dictum
2781 4015 2857 4056 est
2888 4019 2902 4054 :
2935 4004 3053 4055 lties
3081 4002 3220 4054 enim
3244 3999 3548 4062 declarabit,
3585 3997 3689 4064 quia

2153 4100 2205 4152 in
2239 4098 2370 4166 igne,
2391 4097 2735 4159 revelabitur,
2759 4106 2812 4149 et
2844 4092 3265 4160 uniuscujusque
3286 4105 3419 4159 opus
3457 4091 3604 4158 quale
3627 4087 3686 4140 sit

2153 4190 2288 4258 ignis
2320 4188 2581 4256 probabit.
2615 4186 2669 4240 Si
2702 4201 2831 4254 ergo
2862 4195 3146 4252 utrumque
3186 4197 3261 4251 pr-
3287 4182 3434 4234 babLt
3473 4179 3615 4247 ignis,
3645 4188 3690 4228 ut

2149 4278 2192 4333 si
2216 4277 2369 4345 cujus
2415 4289 2547 4344 cpus
2600 4274 2973 4346 permanserit,
3008 4273 3057 4326 id
3105 4280 3186 4326 est
3235 4285 3341 4324 non
3397 4270 3549 4324 fuerit
3587 4267 3688 4336 igne

2150 4377 2544 4433 consumptum,
2575 4367 2712 4435 quod
2743 4362 3211 4432 supermdilicavit,
3245 4361 3543 4414 mercedem
3569 4353 3686 4409 acci-

2152 4464 2234 4528 p'a
2272 4476 2285 4522 ;
2312 4460 2355 4512 si
2382 4458 2532 4528 cujus
2561 4466 2734 4512 autem
2766 4471 2897 4524 Opus
2917 4454 3128 4520 arserit,
3153 4453 3405 4506 damnum
3438 4453 3645 4520 patiatur
3668 4463 3680 4499 :

466 4560 611 4604 stum
641 4567 655 4604 :
681 4551 724 4603 si
759 4549 898 4603 enim
931 4549 1058 4603 nihil
1091 4550 1140 4602 ei
1173 4550 1293 4602 talis
1319 4549 1616 4604 alfectionis
1651 4554 2043 4623 voluptatisque
2072 4543 2385 4624 Dprofecto
2428 4568 2531 4605 non
2577 4560 2660 4605 est
2704 4550 2817 4616 ipse
2845 4558 3076 4602 aeternus
3124 4546 3214 4598 ille
3257 4545 3431 4611 ignis;
3468 4546 3518 4597 in
3560 4543 3684 4594 illum

467 4655 746 4711 praeponat
773 4642 1019 4711 quamvis
1045 4641 1438 4710 supertediflcet
1465 4643 1689 4709 lignum,
1721 4644 1919 4709 fenum,
1951 4647 2044 4700 sti-

465 4734 666 4801 pulam,
683 4732 926 4786 Christus
941 4741 1022 4784 est
1040 4731 1473 4796 fundamentum;
1500 4743 1713 4800 propter
1745 4734 1845 4788 hoc
1867 4736 2046 4790 salvus

463 4825 570 4878 erit
591 4838 686 4892 per
706 4823 904 4892 ignem.
937 4822 1164 4876 Delicias
1186 4823 1380 4891 quippe
1409 4823 1708 4891 hujusmodi
1732 4839 2046 4896 amoresque

472 4929 720 4973 terrenos
759 4925 977 4986 propter
1021 4916 1358 4985 conjugalem
1399 4919 1641 4987 copulam
1677 4935 1778 4973 non
1826 4920 2045 4974 damna-

462 5012 598 5066 biles
646 5009 1009 5067 tribulationis
1046 5007 1183 5076 ignis
1223 5017 1432 5062 exuret.
1464 5009 1540 5062 Ad
1587 5026 1742 5079 quem
1775 5012 2040 5079 pertinent

465 5104 639 5169 ignem
671 5111 726 5155 et
768 5101 1046 5164 orbitates,
1075 5109 1126 5152 et
1155 5113 1488 5168 quacunque
1531 5101 1878 5166 calamitates,
1921 5119 2038 5172 quae

463 5195 714 5246 auferunt
759 5191 894 5245 haec.
929 5192 1008 5246 Ac
1064 5207 1160 5259 per
1199 5191 1302 5244 hoc
1357 5191 1406 5245 ei
1450 5193 1538 5260 qui
1585 5193 1887 5256 :edilicavit,
1936 5194 2040 5246 erit

461 5284 750 5340 aedificatio
780 5283 883 5338 ista
913 5284 1205 5346 damnosa;
1242 5284 1361 5350 quia
1395 5298 1500 5336 non
1530 5284 1747 5338 habebit
1776 5286 1914 5354 quod
1948 5302 2036 5339 su-

464 5375 865 5442 pertedillcavit,
903 5383 1170 5429 eteorum
1203 5375 1496 5430 amissione
1537 5375 1880 5439 cruciabitur,
1921 5379 2034 5445 (μιτ-

459 5469 556 5522 bus
588 5467 812 5522 fruendo
843 5469 1024 5537 utique
1055 5466 1356 5532 laetabatur,
1396 5464 1490 5518 sed
1535 5480 1629 5532 per
1674 5465 1815 5520 hunc
1864 5467 2036 5533 ignem

463 5561 642 5614 salvus
680 5560 786 5614 erit
839 5560 1030 5613 merito
1060 5555 1423 5621 fundamenti,
1455 5555 1581 5624 quia
1636 5557 1733 5609 etsi
1783 5564 1954 5609 utrum
1988 5557 2036 5608 id

462 5651 659 5707 habere
687 5652 892 5714 mallet,
923 5666 990 5704 an
1014 5650 1308 5713 Christum,
1341 5663 1369 5702 a
1400 5655 1738 5716 persecutore
1781 5661 2039 5714 propone-

2148 4647 2288 4698 enim
2321 4643 2419 4697 Soli
2450 4642 2651 4696 sinistrl
2683 4640 2970 4693 novissima
2997 4647 3052 4691 et
3086 4646 3340 4704 perpetua
3376 4633 3687 4687 damnatione

2149 4737 2454 4797 mittentur;
2489 4733 2591 4788 iste
2619 4741 2797 4785 autem
2824 4729 3040 4783 dextros
3072 4727 3292 4794 probat,
3322 4725 3416 4778 sed
3446 4723 3570 4775 alios
3610 4733 3687 4772 eo-

2148 4843 2262 4880 rtttn
2294 4825 2372 4879 sic
2395 4822 2605 4892 probat,
2639 4830 2696 4874 ιιι
2732 4819 3018 4874 aedilicium
3045 4816 3183 4885 quod
3233 4830 3398 4884 super
3441 4811 3688 4866 Christum

2149 4916 2551 4969 fundamentum
2606 4911 2674 4965 ab
2717 4911 2797 4964 eis
2841 4906 3101 4962 invenerit
3156 4919 3276 4959 esse
3329 4911 3688 4958 constructum,

2149 5023 2253 5062 non
2270 5014 2457 5060 exurat
2479 5015 2636 5072 atque
2656 5008 2969 5063 consumat;
3001 4997 3132 5050 alios
3155 5005 3331 5049 autem
3360 4995 3528 5052 aliter,
3554 4989 3598 5041 id
3619 4997 3688 5037 est

2147 5109 2204 5152 ut
2223 5097 2363 5167 quod
2394 5091 2970 5162 supera-dificaverunt,
2991 5088 3177 5140 ardeat
3202 5085 3555 5148 damnumque
3579 5074 3684 5174 inde

2148 5197 2436 5259 pot-antur,
2479 5182 2612 5238 salvi
2659 5183 2785 5234 fiant
2813 5189 3012 5243 autem,
3047 5174 3298 5245 quoniam
3347 5171 3604 5259 Christum
3643 5171 3685 5216 in

2145 5256 2487 5333 fundamento
2515 5271 2775 5326 stabiliter
2802 5271 3031 5338 positum
3078 5263 3407 5334 przecelleuti
3452 5256 3685 5313 cbaritate

2146 5379 2448 5426 tenuerunt.
2478 5367 2531 5421 Si
2561 5375 2735 5418 autem
2769 5361 2898 5416 salii
2925 5362 3076 5422 lient,
3115 5356 3358 5426 profecto
3398 5365 3449 5406 et
3490 5351 3548 5403 ad
3576 5349 3684 5400 det-

2142 5473 2274 5516 tram
2305 5460 2541 5525 stabunt,
2573 5466 2767 5510 etcum
2809 5453 3018 5506 eieteris
3053 5449 3275 5503 audient
3311 5465 3326 5499 :
3371 5444 3562 5503 Venite,
3601 5439 3683 5490 bc-

2145 5553 2335 5608 nedicii
2369 5549 2538 5603 Patris
2560 5543 2695 5608 mei;
2721 5542 2990 5612 possidete
3019 5549 3261 5609 paratum
3291 5536 3441 5590 vobis
3469 5541 3678 5599 regum”.

2145 5661 2248 5699 non
2282 5643 2350 5697 ad
2378 5641 2644 5694 sinistram
2677 5635 2762 5688 ubi
2793 5634 2873 5688 illi
2902 5640 3063 5687 erunt
3092 5631 3180 5700 qui
3206 5628 3339 5683 salsi
3369 5640 3469 5679 non
3507 5625 3676 5675 erunt.
