3842 6226
136 427 221 485 793

1291 405 1720 466 TIIESAURUS.
1761 407 1912 468 CAP.
1954 413 2186 471 CXLIX.

3245 419 3347 476 70$

126 544 388 591 aeternum.
421 535 587 591 Nemo
619 535 814 604 quippe
842 532 909 586 ab
931 530 1020 584 illo
1038 517 1165 599 igne
1203 528 1529 590 salvab'ttur,
1556 524 1680 594 quia
1711 522 1757 580 Α
1787 524 2000 582 dilectio
2028 531 2323 598 reperiatur
2351 533 2400 586 in
2434 508 2611 601 lignis,
2649 535 2773 589 feno
2814 546 2864 591 et
2911 535 3100 602 stipula
3152 551 3350 591 consu-

128 629 169 684 in
197 628 505 696 supplicium
533 636 792 680 aeternum
822 624 972 678 ibunt
1006 625 1082 678 illi
1117 638 1325 687 omnes,
1363 622 1448 675 ubi
1477 623 1672 676 vermis

122 734 290 773 eorum
321 733 424 771 non
452 717 672 770 moritur
701 714 1021 787 [morietur],
1055 724 1110 768 et
1147 716 1282 784 ignis
1320 730 1424 766 non
1472 714 1672 767 exstin-

123 816 316 875 guetur,
347 821 452 873 quo
480 805 854 859 cruciabuntur
894 806 978 860 die
1022 820 1083 860 ac
1131 796 1306 869 nocte,
1367 804 1418 858 in
1474 804 1670 858 saecula

123 897 439 950 seculorum.
471 895 595 949 Post
627 895 779 949 istius
800 909 929 950 sane
949 897 1191 962 corporis
1223 905 1473 958 mortem,
1499 893 1670 948 donec

122 988 180 1041 ad
199 988 341 1041 illum
373 986 611 1041 veniatur
643 988 733 1055 qui
766 998 884 1056 post
912 989 1356 1042 resurrectionem
1384 1002 1668 1053 corporum

121 1078 318 1132 futurus
344 1090 456 1145 est,
497 1080 855 1134 damnationis
885 1089 936 1132 et
965 1077 1408 1132 remunerationis
1452 1078 1669 1130 ultimus

119 1169 239 1233 dies,
274 1173 317 1224 si
350 1170 447 1225 hoc
468 1172 722 1239 temporis
747 1170 1026 1224 intervallo
1053 1171 1269 1238 spiritus
1295 1166 1665 1222 defunctorum

117 1261 368 1328 ejusmodi
402 1262 571 1328 ignem
602 1261 849 1314 dicuntur
881 1261 1083 1329 perpeti
1107 1276 1262 1329 quem
1297 1275 1398 1313 nou
1437 1259 1669 1312 sentiant

118 1351 203 1415 illi,
233 1352 324 1420 qui
348 1367 448 1405 non
480 1351 770 1405 habuerunt
807 1351 938 1404 tales
970 1366 1168 1414 mores,
1211 1349 1288 1423 [et
1338 1346 1572 1418 amores]
1619 1351 1668 1402 in

116 1441 264 1511 hujus
299 1446 537 1510 corporis
588 1441 714 1506 vita,
760 1451 816 1496 ut
853 1457 1036 1496 eorum
1087 1441 1225 1509 ligna
1274 1451 1327 1494 et
1364 1437 1564 1504 fenum,
1615 1450 1669 1493 et

115 1533 297 1601 stipula
323 1541 683 1596 consumatur,
713 1533 798 1586 alii
841 1545 967 1586 vero
993 1534 1256 1592 sentiant,
1288 1529 1376 1598 qui
1406 1528 1667 1597 ejusmodi

117 1641 290 1680 secum
319 1625 538 1679 aedilicia
566 1633 927 1692 portaverunt,
961 1623 1074 1675 sive
1105 1623 1174 1674 ibi
1208 1632 1434 1688 tantum,
1464 1621 1578 1674 sive
1612 1631 1666 1674 et

116 1714 193 1768 hic
213 1727 263 1770 et
297 1715 385 1779 ibi,
412 1719 521 1768 sive
553 1715 670 1769 ideo
695 1715 778 1766 hic
801 1723 980 1766 utnon
1009 1713 1075 1764 ibi
1106 1713 1399 1776 saecularia,
1427 1717 1666 1779 quatnv's

111 1824 138 1858 a
169 1807 506 1860 damnatione
530 1805 753 1858 venialia
786 1815 1210 1857 concremantetn
1253 1804 1423 1869 ignem
1473 1803 1667 1856 transi-

1782 619 1991 680 tnenda,
2019 622 2112 674 sed
2145 638 2361 690 prorsus
2387 625 2612 678 :ndillcio
2649 642 2832 694 aureo,
2878 637 3151 695 argenteo,
3201 644 3350 696 gem-

1778 723 1899 761 nteo
1953 711 2315 778 deputabitur.
2365 716 2644 781 QuOmodo
2691 729 2866 771 autem
2900 730 3069 786 potest
3097 733 3190 790 eos
3231 719 3350 788 plus

1777 798 1957 853 amare
1997 817 2153 870 quam
2195 804 2486 872 Christum,
2521 821 2654 874 quos
2692 816 2847 861 'atnat
2897 810 3075 876 utique
3132 793 3349 875 pro‘pter

1775 888 2078 945 Christum?
2107 923 2174 930 —
2204 891 2280 945 De
2324 897 2638 960 expositione
2672 899 2802 966 psal.
2834 887 2988 951 Lxxx.
3030 927 3100 938 η-
3132 901 3347 967 Expone

1775 996 1920 1051 ergo,
1949 983 2135 1050 inquit,
2169 985 2323 1037 nobis
2354 987 2513 1050 ligna,
2545 986 2745 1052 fenum,
2776 991 3043 1057 stipulam,
3065 992 3153 1059 qui
3179 992 3344 1046 atdili-

1775 1082 1897 1122 cant
1928 1088 2086 1140 supra
2118 1073 2545 1136 fundamentum,
2578 1077 2844 1143 quomodo
2873 1093 2977 1131 non
3006 1091 3221 1146 pereant
3251 1081 3341 1134 sed

1773 1162 1904 1214 salvi
1937 1162 2083 1225 fiant,
2124 1164 2200 1217 sic
2230 1173 2405 1218 tamen
2459 1175 2707 1234 tanquam
2753 1181 2846 1232 per
2886 1167 3080 1235 ignem.
3111 1169 3344 1223 Obscura

1773 1253 1988 1317 quidem
2019 1255 2103 1305 illa
2137 1257 2380 1323 quaestio,
2407 1255 2498 1308 sed
2533 1266 2588 1308 ut
2613 1270 2826 1322 possum
2873 1256 3103 1313 breviter
3145 1259 3340 1321 dicam,

1772 1340 1983 1396 fratres.
2016 1343 2152 1397 Sunt
2200 1346 2444 1398 homines
2473 1346 2692 1399 omnino
2730 1356 3127 1413 contemptores
3164 1349 3344 1400 seculi

1775 1433 1952 1502 hujus,
1979 1435 2170 1500 quibus
2193 1453 2297 1490 non
2331 1451 2406 1489 est
2453 1445 2634 1490 natum
2679 1438 2936 1506 quidquid
2980 1439 3347 1505 tempomlitcr

1774 1522 1919 1589 fluit;
1954 1540 2057 1578 non
2095 1527 2296 1580 luerent
2327 1527 2617 1583 dilectione
2641 1529 2815 1597 aliqua
2846 1529 3071 1584 terrenis
3098 1530 3344 1598 operibus

1771 1618 1922 1681 casti,
1940 1619 2132 1684 Sancti,
2159 1622 2515 1684 continentes,
2539 1621 2690 1687 justi,
2712 1621 2950 1675 fortassis
2974 1630 3027 1674 et
3051 1621 3227 1674 omnia
3251 1636 3343 1674 sua

1769 1709 2080 1774 vendentes,
2095 1718 2148 1762 et
2162 1712 2478 1778 pauperibus
2493 1710 2891 1769 distribueutes.
2906 1719 2996 1763 aut
3011 1711 3343 1779 possidentes

1771 1807 2019 1866 tanquam
2051 1815 2152 1852 non
2181 1804 2536 1865 possidentes,
2562 1811 2617 1854 et
2639 1812 2849 1855 utentes
2880 1801 2980 1855 hoc
3009 1802 3204 1855 tuundo
3229 1813 3345 1855 tan-

113 1898 252 1948 ιοιιίω
289 1894 641 1947 tribulationis
672 1894 962 1957 inveniam,
994 1909 1097 1947 non
1123 1894 1379 1961 redarguo
1401 1893 1522 1962 quia
1557 1896 1665 1947 for-
1702 1894 1747 1954 Β
1775 1904 1930 1955 quam
1953 1905 2056 1942 non
2077 1901 2308 1944 utentes.
2326 1893 2456 1945 Stlttl
2476 1893 2753 1945 autemalii
2774 1893 2858 1958 qui
2877 1892 3342 1964 rebusinlirmitati

110 1989 238 2042 sitan
265 1986 600 2041 verum‘est.
636 1985 815 2039 Potest
841 1988 1036 2055 quippe
1069 1986 1134 2038 ad
1184 1986 1337 2039 istam
1373 1986 1667 2039 tribulatio-

109 2094 222 2132 nem
256 2077 523 2145 pertinere
551 2076 708 2130 etiam
747 2091 891 2130 mors
921 2077 1030 2143 ipsa
1061 2078 1237 2131 carnis
1258 2117 1273 2141 ,
1307 2093 1426 2146 quae
1465 2077 1532 2131 de
1563 2079 1670 2146 pri-

107 2171 173 2225 rui
205 2171 408 2239 peccati
433 2169 826 2238 perpetratione
850 2176 1107 2232 concepta
1140 2177 1240 2231 est,
1272 2177 1329 2221 ut
1372 2170 1666 2222 secundum

106 2259 356 2330 cujusque
385 2258 684 2330 ediﬁcium,
719 2267 923 2324 tempus
952 2256 1093 2324 quod
1120 2271 1238 2311 eam
1283 2257 1524 2326 sequitur
1544 2298 1559 2323 ,
1601 2257 1670 2309 ab

109 2366 423 2419 unoquoque
464 2351 722 2404 sentiatur
751 2347 825 2419 [et
866 2347 1157 2401 secundum
1197 2347 1454 2417 ttijusque
1500 2348 1670 2402 tedif‘h

105 2442 236 2493 cium
280 2449 520 2506 tempore
562 2454 682 2503 suo,
713 2443 779 2489 ab
821 2452 1139 2506 unoquoque
1175 2449 1419 2508 suscepta
1451 2447 1674 2506 possunt

106 2540 158 2584 et
200 2530 597 2598 persecutiones
651 2525 947 2596 Ecclesiae].
999 2527 1408 2581 Persecutiones
1457 2541 1681 2595 quoque

102 2622 291 2686 quibus
325 2630 584 2688 martyres
624 2618 862 2672 coronati
913 2626 1057 2682 sunt,
1101 2629 1155 2672 et
1210 2632 1340 2687 quas
1404 2618 1676 2685 patiuntur

103 2711 398 2780 quicunque
441 2709 724 2762 Christiani
757 2709 981 2777 probant
1020 2720 1243 2777 utraque
1284 2708 1528 2771 mdificia,
1579 2724 1676 2763 ve-

104 2806 175 2855 lut
201 2803 363 2870 ignis,
390 2810 443 2854 et
472 2802 569 2853 alia
603 2811 958 2864 consumunt,
1004 2815 1123 2852 cutn
1168 2801 1295 2867 ipsis
1343 2800 1678 2853 aediﬁcatori-

104 2894 356 2964 bus,98
386 2895 429 2947 si
464 2892 730 2947 Christum
783 2894 832 2945 itt
877 2894 952 2946 eis
997 2908 1101 2945 non
1163 2893 1437 2946 inveniunt
1485 2892 1679 2945 funda-

99 2997 334 3040 mentum
371 3005 383 3039 :
417 2987 516 3037 alia
544 2987 657 3039 sine
685 2986 813 3052 ipsis
843 2985 884 3038 si
918 2986 1216 3046 inveniunt,
1245 2987 1365 3053 quia
1394 2987 1516 3040 licet
1551 3002 1673 3041 cum

101 3077 297 3128 damno
330 3075 460 3126 salvi
486 3085 639 3127 erunt
664 3074 763 3143 ipsi
793 3074 948 3146 [Quia
981 3076 1102 3128 licet
1131 3089 1251 3127 eum
1296 3075 1497 3146 damno
1546 3077 1676 3130 salvi

99 3174 275 3225 erunt,
309 3164 408 3231 ipsi
453 3179 556 3216 non
600 3175 1001 3227 consntnentur,
1034 3174 1251 3231 propter
1289 3143 1484 3217 Christi
1530 3165 1673 3220 vide-

1775 1983 2045 2036 concessis
2074 1983 2335 2036 iuba-rent
2361 1984 2694 2052 aliquantum
2740 1984 3028 2037 dilectione
3061 2000 3073 2035 τ
3127 1997 3230 2035 non
3262 1998 3345 2033 rn-

1778 2073 1846 2140 pit
1877 2073 2054 2124 villam
2085 2073 2338 2140 alienam,
2369 2074 2463 2127 sed
2503 2075 2580 2128 sic
2623 2086 2765 2127 amat
2811 2090 2983 2139 suam,
3012 2082 3070 2126 ut
3098 2073 3141 2126 si
3173 2073 3346 2140 perdi-

1771 2165 1855 2218 det
1873 2165 1930 2230 it,
1955 2167 2329 2232 contttrbetur;
2361 2183 2466 2222 non
2498 2169 2698 2238 appetit
2724 2183 2947 2221 uxorem
2977 2167 3227 2231 alienant,
3251 2165 3342 2219 sed

1773 2256 1849 2309 sic
1874 2257 2058 2324 haeret,
2088 2260 2163 2312 sic
2192 2260 2448 2313 miscetur
2468 2276 2600 2326 sum,
2627 2271 2684 2314 ut
2702 2261 2915 2313 modum
2939 2275 3044 2313 non
3073 2259 3141 2310 ibi
3167 2268 3344 2312 teneat

1776 2351 2142 2416 pra-scriptum
2160 2351 2372 2418 tabulis,
2389 2352 2677 2406 liberorum
2699 2352 3144 2420 procreandorum
3159 2366 3341 2412 causa;

1775 2452 1877 2488 nou
1909 2439 2260 2501 tollitaliena,
2293 2441 2388 2492 sed
2413 2442 2605 2507 repetit
2627 2455 2750 2503 sua,
2786 2452 2839 2495 et
2871 2428 3030 2494 habet
3073 2440 3336 2508 judicium

1775 2543 1894 2579 cum
1928 2515 2087 2581 fratre
2114 2545 2230 2582 suo.
2262 2530 2483 2584 Talibus
2529 2533 2670 2584 enim
2717 2532 2950 2585 dicitur:
2983 2531 3098 2585 Jant
3128 2531 3340 2598 quidem

1777 2620 1996 2672 omnino
2019 2620 2270 2673 delictum
2289 2630 2372 2679 est
2388 2621 2438 2673 in
2464 2622 2637 2686 vobis,
2659 2623 2997 2693 quiajudicia
3015 2623 3220 2675 habetis
3243 2636 3340 2674 vo-

1777 2706 2205 2763 biscum.\'erutn
2232 2711 2548 2779 ipsajudicia
2567 2711 2616 2764 in
2637 2711 3026 2778 Ecclesiajubet
3041 2712 3143 2780 agi.
3161 2711 3261 2764 non
3277 2710 3340 2764 ad

1779 2796 1950 2851 forum
1977 2800 2133 2862 trahi,
2164 2810 2338 2854 tamen
2362 2801 2552 2855 delicta
2578 2816 2698 2855 esse
2719 2801 2849 2855 dicit
2873 2820 2884 2852 :
2910 2800 3179 2855 contendit
3202 2801 3342 2853 enim

1779 2888 2121 2944 Christianus
2168 2908 2262 2960 pro
2304 2891 2460 2946 rebus
2493 2893 2720 2946 terrenis
2747 2892 2972 2961 amplius
3004 2907 3161 2961 quam
3192 2892 3344 2945 decet

1780 2994 1898 3032 eum
1932 2982 2014 3033 cui
2041 2981 2356 3048 promissum
2381 2992 2462 3035 est
2491 2981 3017 3048 regttttttt'cmlorum,
3046 2995 3149 3033 non
3177 2991 3342 3033 totuut

1780 3086 1873 3126 cor
1898 3087 2108 3125 sursum
2153 3074 2312 3139 levat,
2343 3074 2435 3128 sed
2463 3074 2693 3141 aliquam
2726 3072 2841 3141 ejus
2872 3084 3070 3141 partem
3101 3072 3262 3126 trahit
3289 3074 3340 3125 itt

1783 3172 1998 3215 terram.
2028 3164 2260 3230 Denique
2289 3165 2332 3217 si
2363 3164 2542 3217 veniat
2571 3164 2793 3216 tentatio
2818 3163 3043 3216 ducendi
3077 3163 3338 3232 martyrii,

97 3256 218 3309 licet
246 3258 494 3309 meritum
524 3255 575 3307 in
607 3253 948 3307 fundamento
1000 3255 1216 3320 reret-ti,
1248 3255 1336 3321 qui
1383 3265 1564 3309 manet
1612 3257 1662 3310 in
1705 3238 1748 3298 (Ζ
1780 3252 1855 3305 illi
1880 3253 1967 3320 qui
1998 3255 2191 3306 habent
2234 3254 2284 3306 in
2311 3252 2660 3307 fundamento
2680 3254 2970 3317 Christum,
3005 3264 3059 3308 et
3079 3254 3341 3308 :ediftcaut

95 3347 381 3418 :eternum]
409 3366 421 3399 :
453 3348 554 3401 alia
589 3363 715 3401 vero
746 3363 848 3400 non
881 3356 1226 3416 consumunt,
1261 3349 1382 3413 quia
1415 3350 1536 3402 talia
1583 3366 1666 3405 re—

96 3447 493 3506 pereruntquze
544 3447 757 3489 manent
799 3436 849 3489 itt
901 3447 1179 3494 aeternum.
1234 3439 1345 3491 Erit
1398 3440 1554 3491 etiam
1613 3442 1662 3493 in

94 3527 195 3581 line
245 3527 430 3580 saeculi
484 3526 752 3578 tribulatio
803 3535 1040 3594 tempore
1096 3527 1428 3591 Antichristi,
1491 3529 1663 3594 qualis

93 3633 368 3686 nunquam
397 3625 551 3670 antea
583 3616 700 3669 fuit.
730 3616 895 3682 Quam
922 3613 1103 3685 [Quia]
1133 3635 1163 3666 u
1188 3618 1294 3670 ulta
1342 3627 1498 3670 erunt
1541 3628 1666 3671 tunc

91 3709 345 3771 aedilicia,
374 3708 484 3765 sive
511 3721 693 3770 aurea,
724 3706 834 3758 sive
874 3706 1022 3760 fenea
1051 3721 1211 3772 super
1250 3720 1299 3768 ο,
1323 3707 1510 3758 timum
1547 3708 1663 3758 fun-

89 3798 426 3861 damentum,
461 3796 599 3865 quod
649 3805 733 3850 est
779 3795 1022 3849 Christus
1060 3795 1253 3860 Jesus,
1300 3805 1354 3849 ιιι
1398 3797 1533 3865 ignis
1578 3799 1666 3851 ille

93 3889 286 3954 probet
315 3895 561 3952 utraque,
594 3894 647 3936 et
678 3884 743 3937 de
768 3884 884 3936 aliis
913 3885 1183 3953 gaudium,
1209 3883 1278 3938 de
1310 3885 1430 3936 aliis
1473 3885 1668 3940 inferat.

87 3981 374 4038 damnum,
403 3985 620 4027 neutros
655 3983 828 4027 tamen
861 3975 1065 4041 perdat,
1099 3973 1150 4026 in
1202 3975 1391 4042 quibus
1441 3974 1555 4028 hzee
1587 3977 1666 4026 in-

89 4070 270 4123 veniet
305 4078 522 4136 propter
547 4066 736 4119 stabile
759 4065 1177 4120 fundamentum.
1211 4068 1526 4134 Quicunque
1569 4082 1664 4118 au-

87 4170 217 4222 tem,
273 4172 383 4211 non
430 4158 551 4210 dico
605 4169 817 4208 uxorem
863 4155 1014 4222 cujus
1069 4154 1230 4208 etiam
1284 4153 1664 4208 commixtione

84 4248 263 4302 carnis
294 4246 364 4301 ad
392 4246 658 4300 carnalem
689 4247 854 4298 utitur
873 4245 1216 4314 voluptatem,
1264 4247 1357 4298 sed
1393 4247 1499 4313 ipsa
1544 4261 1664 4312 quae

82 4339 148 4392 ab
185 4335 501 4407 hujusmodi
542 4333 1005 4398 delectationibus,
1057 4335 1228 4388 aliena
1279 4343 1406 4388 sunt
1450 4337 1662 4388 nomina

83 4426 326 4495 pietatis.
362 4425 597 4478 humano
627 4439 774 4478 more
798 4425 1082 4477 carnaliter
1131 4424 1401 4492 diligendo
1451 4424 1662 4501 Christo

79 4517 387 4584 anteponit,
430 4527 537 4567 non
569 4528 690 4566 eum
736 4514 890 4566 habet
929 4513 980 4565 in
1031 4512 1397 4576 fundamento,
1447 4522 1501 4566 et
1541 4511 1663 4567 ideo

80 4620 186 4658 non
220 4621 322 4673 per
355 4606 529 4673 ignem
559 4602 738 4656 salvus
766 4603 886 4657 erit.
917 4601 1022 4656 Sed
1052 4603 1158 4655 sals
1173 4617 1232 4656 us
1261 4618 1365 4657 non
1394 4601 1514 4667 erit,
1539 4603 1660 4671 quia

75 4709 198 4748 esse
227 4708 358 4747 cum
391 4692 667 4748 Salvatore
699 4706 802 4745 non
836 4692 1051 4759 poterit,
1076 4692 1166 4762 qui
1192 4693 1259 4746 de
1290 4694 1390 4766 hac
1417 4709 1473 4747 re
1503 4710 1662 4762 aper-

77 4786 291 4838 tissime
345 4785 568 4852 loquens
615 4784 692 4836 ait
727 4801 740 4835 :
773 4784 871 4848 Qui
899 4793 1043 4835 amat
1086 4785 1290 4852 patrem
1340 4795 1392 4837 et
1437 4794 1684 4838 matrem.

77 4877 367 4944 plusquam
397 4890 500 4937 me,
533 4889 638 4927 non
661 4883 744 4928 est
780 4889 865 4927 me
890 4876 1101 4943 dignus,
1129 4884 1184 4929 et
1208 4876 1295 4944 qui
1327 4888 1466 4928 amat
1497 4876 1660 4929 filium

77 4973 169 5018 aut
203 4966 376 5018 tiliam
407 4979 567 5031 super
597 4979 705 5026 tne,
737 4980 840 5016 non
863 4973 947 5019 est
989 4981 1073 5020 me
1109 4965 1318 5032 dignus.
1352 4966 1544 5021 Verum
1572 4968 1658 5034 qui

73 5057 170 5108 bas
194 5053 630 5108 necessitudines
656 5044 734 5107 sic
762 5063 906 5107 amat
934 5055 1238 5119 carnaliter,
1273 5067 1329 5108 ut
1370 5064 1545 5109 tamen
1569 5071 1661 5110 eas

70 5146 297 5198 Christo
325 5142 556 5197 Domino
584 5159 687 5196 non
722 5155 1018 5212 praeponat,
1049 5146 1302 5213 malitque
1323 5161 1506 5201 carere
1533 5147 1661 5214 ipsis

68 5251 231 5303 quam
257 5233 505 5299 Christo,
527 5234 572 5288 si
603 5235 666 5287 ad
696 5234 841 5293 hunc
862 5235 1022 5289 fuerit
1043 5238 1323 5291 articulum
1355 5239 1658 5294 tentationis

68 5327 372 5389 adductus,
394 5339 488 5393 per
511 5325 684 5396 ignem
713 5327 891 5380 salvus
912 5325 1035 5389 erit,
1060 5325 1179 5394 quia
1206 5342 1270 5381 ex
1292 5342 1474 5382 earum
1499 5329 1656 5382 amis-

66 5420 222 5473 sione
248 5427 464 5472 tantum
497 5431 714 5471 necesse
733 5427 816 5472 est
846 5429 966 5470 urat
993 5418 1168 5483 dolor,
1201 5428 1456 5488 quantum
1491 5421 1658 5475 hat-se-

69 5518 150 5563 rat
183 5525 374 5563 amor.
407 5509 569 5563 Porro
604 5509 693 5579 qui
735 5522 959 5579 patrem,
993 5521 1240 5578 matrem,
1290 5513 1444 5578 filios,
1501 5515 1656 5580 filias,

68 5599 380 5655 secundum
406 5595 677 5653 Christum
701 5599 964 5665 dilexerit,
998 5610 1056 5654 ut
1079 5601 1144 5654 ad
1172 5601 1286 5670 ejus
1313 5618 1532 5672 regnum
1562 5606 1658 5657 ob-

1771 3358 1982 3406 aurum,
1999 3353 2295 3411 argentum.
2313 3344 2512 3412 lapides
2533 3343 2812 3412 pretiosos,
2827 3343 2949 3411 quid
2966 3343 3225 3398 dicuntex
3247 3344 3342 3397 bac

1766 3435 2165 3502 Opportunitate
2194 3435 2215 3487 ?
2245 3435 2445 3487 Bonum
2490 3443 2570 3487 est
2600 3433 2727 3486 mihi
2750 3432 2968 3486 dissolvi
2996 3441 3050 3488 et
3079 3447 3202 3486 esse
3223 3446 3341 3484 cum

1765 3524 1976 3578 Christo
2004 3542 2015 3576 :
2048 3525 2251 3577 alacres
2282 3533 2525 3587 currunt,
2572 3531 2665 3576 aut
2703 3523 2857 3587 nihil,
2889 3533 2976 3574 aut
3018 3521 3225 3575 modice
3270 3520 3338 3574 de

1767 3623 1974 3667 terrena
2009 3613 2292 3681 fragilitate
2323 3613 2739 3677 contristantur;
2778 3612 2851 3664 illt
2890 3621 3065 3666 autem
3096 3604 3335 3663 amantes

1769 3716 1856 3755 res
1888 3702 2146 3770 proprias,
2180 3702 2367 3753 domos
2417 3702 2681 3768 proprias,
2733 3703 2965 3767 graviter
3008 3698 3332 3752 conturbau-

1770 3799 1899 3844 tur:
1940 3789 2140 3855 fenum,
2191 3790 2383 3859 Stipula
2433 3801 2488 3843 et
2528 3791 2667 3858 ligna
2715 3790 2925 3843 ardent.
2968 3789 3172 3843 Ilabent
3215 3804 3340 3858 ergo

1770 3881 1931 3951 ligna,
1963 3892 2016 3935 et
2046 3881 2246 3945 fenum,
2297 3892 2350 3934 et
2388 3882 2659 3948 stipulam,
2705 3896 2869 3949 super
2912 3879 3340 3942 fundamentum,

1768 3972 1860 4026 sed
1890 3987 2066 4026 rerum
2099 3986 2500 4037 concessarum,
2529 3987 2633 4024 non
2656 3971 2983 4024 illicitarum.
3019 3971 3148 4024 Dico
3173 3970 3338 4032 enim,

1768 4061 2010 4114 fratres:
2065 4061 2286 4114 Posside
2327 4062 2747 4124 fundamentum,
2797 4060 2939 4114 luere
2983 4064 3142 4127 caelo,
3194 4060 3339 4114 calca

1767 4158 1997 4214 terram;
2031 4150 2074 4202 si
2101 4149 2218 4202 talis
2249 4164 2330 4212 es,
2360 4165 2463 4202 non
2501 4150 2732 4203 aedificas
2764 4149 2862 4202 nisi
2908 4163 3117 4212 aurum,
3154 4165 3336 4217 argen-

1768 4249 1902 4305 tum,
1946 4240 2146 4307 lapides
2191 4241 2486 4308 pretiosos;
2518 4253 2654 4311 cum.
2692 4249 2868 4291 autem
2918 4239 3144 4302 dixeris,
3201 4243 3335 4292 Amo

1768 4331 2157 4399 possessionem
2208 4331 2383 4394 istam,
2431 4331 2591 4384 timeo
2644 4345 2710 4384 ne
2761 4338 2942 4397 pereat
2993 4338 3047 4382 et
3098 4330 3333 4381 imminet

1767 4420 2039 4483 damnum,
2085 4429 2136 4473 et
2170 4428 2223 4472 tu
2259 4417 2610 4483 contristaris,
2661 4433 2764 4470 non
2805 4418 3018 4487 quidem
3074 4419 3334 4486 pra-ponis

1767 4528 1882 4567 eam
1906 4513 2143 4568 Christo.
2176 4513 2306 4566 Nam
2342 4513 2420 4565 sic
2461 4526 2606 4564 amas
2651 4511 3041 4579 possessionem
3075 4513 3248 4572 istam,
3280 4521 3334 4564 ut

1696 4585 1745 4643 Ῐ)
1769 4607 1813 4660 si
1844 4606 2050 4660 dicatur
2078 4605 2168 4660 tibi
2193 4623 2203 4656 :
2241 4605 2410 4672 Ipsam
2443 4606 2545 4666 vis,
2573 4619 2640 4656 an
2673 4601 2978 4656 Christum?
3006 4609 3062 4655 et
3089 4601 3134 4654 si
3170 4602 3334 4655 tristis

1770 4712 1886 4750 eam
1919 4696 2116 4764 perdis,
2153 4695 2272 4763 plus
2304 4704 2478 4746 tamen
2502 4693 2844 4760 amplecteris
2866 4691 3155 4755 Christum,
3177 4705 3336 4758 quem

1700 4785 1713 4826 ί
1770 4788 1992 4854 posuisti
2036 4786 2087 4839 in
2138 4785 2522 4839 fundamento:
2554 4783 2734 4836 salvus
2788 4783 2893 4835 eris
2943 4791 3192 4850 tanquam
3243 4796 3338 4849 per

1770 4879 1966 4947 ignem.
1991 4879 2124 4931 Audi
2167 4878 2347 4930 aliud:
2386 4877 2497 4929 Non
2533 4864 2681 4943 potes
2725 4884 2907 4928 tenere
2944 4873 3333 4941 possessionem

1769 4967 1945 5032 istam,
1978 4969 2076 5022 nisi
2115 4971 2320 5023 dixeris
2364 4969 2552 5020 falsum
2597 4966 2987 5030 testimonium;
3018 4976 3069 5018 et
3101 4963 3198 5016 hoc
3229 4976 3333 5014 non

1768 5059 1965 5124 facere,
1995 5059 2262 5113 Christum
2293 5057 2343 5112 in
2378 5058 2721 5111 fundamento
2754 5070 2950 5123 ponere
2987 5063 3088 5108 est.
3124 5051 3332 5106 Veritas

1767 5151 1962 5204 etenim
2006 5150 2141 5203 dixit
2177 5167 2190 5204 :
2229 5149 2302 5204 Os
2340 5149 2479 5216 quod
2528 5147 2781 5201 mentitur
2827 5143 3022 5200 occidit
3071 5127 3327 5196 animant.

1771 5243 1908 5312 Ergo
1942 5243 1986 5295 si
2021 5243 2406 5310 possessionem
2437 5249 2576 5293 tuam
2599 5237 2794 5303 diligis,
2834 5251 2936 5289 non
2982 5242 3156 5286 tamen
3205 5247 3326 5300 pro-

1768 5344 1884 5399 pter
1911 5334 2053 5386 illam
2105 5331 2240 5385 facis
2281 5345 2374 5396 tap
2400 5345 2543 5392 nam,
2601 5344 2703 5382 non
2745 5334 2960 5394 propter
3008 5322 3150 5376 illam
3198 5321 3330 5375 dicis

1767 5422 1953 5476 falsum
1985 5417 2368 5484 test'monium’,
2399 5436 2502 5471 non
2546 5426 2758 5485 propter
2799 5413 2939 5466 illam
2989 5409 3328 5464 homicidium

1765 5514 1915 5575 facis,
1964 5529 2067 5565 non
2104 5523 2321 5580 propter
2351 5512 2491 5565 illam
2537 5508 2724 5561 falsum
2757 5506 2924 5570 jutas,
2967 5516 3071 5555 non
3116 5511 3329 5568 propter

1766 5607 1906 5659 illaut
1933 5604 2202 5658 Christum
2231 5618 2412 5670 negas,
2441 5615 2505 5654 eo
2529 5599 2790 5667 quodnon
2827 5602 3040 5663 propter
3069 5592 3216 5645 iilam
3254 5591 3330 5643 fa-
