  <div class='ocr_page' id='page_1' title='image "/cluster/home/n/w/nwhite01/storage/ocr_20150623/61-62/uva.x000827102/985.png"; bbox 0 0 3886 6224; ppageno 0'>
   <div class='ocr_carea' id='block_1_1' title="bbox 441 339 547 394">
    <p class='ocr_par' dir='ltr' id='par_1_1' title="bbox 441 339 547 394">
     <span class='ocr_line' id='line_1_1' title="bbox 441 339 547 394; baseline 0.019 -2"><span class='ocrx_word' id='word_1_1' title='bbox 441 339 547 394; x_wconf 66' lang='grc' dir='ltr'><strong>7ὺῦ</strong></span> 
     </span>
    </p>
   </div>
   <div class='ocr_carea' id='block_1_2' title="bbox 1522 329 3695 402">
    <p class='ocr_par' dir='ltr' id='par_1_2' title="bbox 1522 329 3695 402">
     <span class='ocr_line' id='line_1_2' title="bbox 1522 329 3695 402; baseline 0.003 -12"><span class='ocrx_word' id='word_1_2' title='bbox 1522 335 1582 390; x_wconf 92' lang='lat' dir='ltr'><strong>D.</strong></span> <span class='ocrx_word' id='word_1_3' title='bbox 1629 329 1944 392; x_wconf 74' lang='lat' dir='ltr'><strong>EUGYPI&#39;H</strong></span> <span class='ocrx_word' id='word_1_4' title='bbox 1983 335 2274 392; x_wconf 63' lang='lat' dir='ltr'><strong>ABBATIS</strong></span> <span class='ocrx_word' id='word_1_5' title='bbox 2315 340 2631 396; x_wconf 59' lang='lat' dir='ltr'><strong>AFRICANI</strong></span> <span class='ocrx_word' id='word_1_6' title='bbox 3603 350 3695 402; x_wconf 68' lang='lat'><strong>216</strong></span> 
     </span>
    </p>
   </div>
   <div class='ocr_carea' id='block_1_3' title="bbox 440 448 3697 533">
    <p class='ocr_par' dir='ltr' id='par_1_3' title="bbox 440 448 3697 533">
     <span class='ocr_line' id='line_1_3' title="bbox 440 448 3697 533; baseline 0.004 -30"><span class='ocrx_word' id='word_1_7' title='bbox 440 448 749 506; x_wconf 70' lang='lat' dir='ltr'><strong>dementuni</strong></span> <span class='ocrx_word' id='word_1_8' title='bbox 780 449 1024 520; x_wconf 74' lang='lat' dir='ltr'><strong>posuisti,</strong></span> <span class='ocrx_word' id='word_1_9' title='bbox 1074 463 1176 501; x_wconf 90' lang='lat' dir='ltr'><strong>non</strong></span> <span class='ocrx_word' id='word_1_10' title='bbox 1226 461 1438 520; x_wconf 63' lang='lat' dir='ltr'><strong>aprum,</strong></span> <span class='ocrx_word' id='word_1_11' title='bbox 1473 458 1769 518; x_wconf 76' lang='lat' dir='ltr'><strong>argentum,</strong></span> <span class='ocrx_word' id='word_1_12' title='bbox 1820 448 2020 516; x_wconf 97' lang='lat' dir='ltr'><strong>lapides</strong></span> <span class='ocrx_word' id='word_1_13' title='bbox 2051 456 2096 512; x_wconf 86' lang='grc' dir='ltr'><strong>Λ</strong></span> <span class='ocrx_word' id='word_1_14' title='bbox 2127 459 2387 503; x_wconf 89' lang='lat' dir='ltr'><strong>conantur</strong></span> <span class='ocrx_word' id='word_1_15' title='bbox 2414 462 2468 504; x_wconf 89' lang='lat' dir='ltr'><strong>et</strong></span> <span class='ocrx_word' id='word_1_16' title='bbox 2497 463 2686 507; x_wconf 85' lang='lat' dir='ltr'><strong>testem</strong></span> <span class='ocrx_word' id='word_1_17' title='bbox 2715 472 2730 510; x_wconf 88' lang='lat'>:</span> <span class='ocrx_word' id='word_1_18' title='bbox 2761 457 2799 512; x_wconf 91' lang='lat' dir='ltr'>S</span> <span class='ocrx_word' id='word_1_19' title='bbox 2821 465 2912 512; x_wconf 92' lang='lat' dir='ltr'><strong>cut</strong></span> <span class='ocrx_word' id='word_1_20' title='bbox 2939 458 3079 512; x_wconf 90' lang='lat' dir='ltr'><strong>enim</strong></span> <span class='ocrx_word' id='word_1_21' title='bbox 3113 460 3288 514; x_wconf 89' lang='lat' dir='ltr'><strong>nullus</strong></span> <span class='ocrx_word' id='word_1_22' title='bbox 3311 474 3414 525; x_wconf 64' lang='grc' dir='ltr'><strong>εει,</strong></span> <span class='ocrx_word' id='word_1_23' title='bbox 3452 465 3697 533; x_wconf 82' lang='lat' dir='ltr'><strong>inquiunt,</strong></span> 
     </span>
    </p>
   </div>
   <div class='ocr_carea' id='block_1_4' title="bbox 449 539 2025 611">
    <p class='ocr_par' dir='ltr' id='par_1_4' title="bbox 449 539 2025 611">
     <span class='ocr_line' id='line_1_4' title="bbox 449 539 2025 611; baseline -0.001 -17"><span class='ocrx_word' id='word_1_24' title='bbox 449 540 738 611; x_wconf 81' lang='lat' dir='ltr'><strong>pictiusos,</strong></span> <span class='ocrx_word' id='word_1_25' title='bbox 782 541 875 595; x_wconf 76' lang='lat' dir='ltr'><strong>sed</strong></span> <span class='ocrx_word' id='word_1_26' title='bbox 909 541 1066 608; x_wconf 83' lang='lat' dir='ltr'><strong>ligna,</strong></span> <span class='ocrx_word' id='word_1_27' title='bbox 1105 539 1306 603; x_wconf 87' lang='lat' dir='ltr'><strong>fcitum,</strong></span> <span class='ocrx_word' id='word_1_28' title='bbox 1346 541 1628 609; x_wconf 78' lang='lat' dir='ltr'><strong>stipu&#39;am;</strong></span> <span class='ocrx_word' id='word_1_29' title='bbox 1681 542 1858 595; x_wconf 81' lang='lat' dir='ltr'><strong>salvus</strong></span> <span class='ocrx_word' id='word_1_30' title='bbox 1897 554 2025 610; x_wconf 88' lang='lat' dir='ltr'><strong>ergo</strong></span> 
     </span>
    </p>
   </div>
   <div class='ocr_carea' id='block_1_5' title="bbox 447 632 2025 703">
    <p class='ocr_par' dir='ltr' id='par_1_5' title="bbox 447 632 2025 703">
     <span class='ocr_line' id='line_1_5' title="bbox 447 632 2025 703; baseline -0.003 -13"><span class='ocrx_word' id='word_1_31' title='bbox 447 637 578 700; x_wconf 86' lang='lat' dir='ltr'><strong>eris,</strong></span> <span class='ocrx_word' id='word_1_32' title='bbox 612 651 730 690; x_wconf 89' lang='lat' dir='ltr'><strong>cum</strong></span> <span class='ocrx_word' id='word_1_33' title='bbox 761 635 950 693; x_wconf 80' lang='lat' dir='ltr'><strong>ardere</strong></span> <span class='ocrx_word' id='word_1_34' title='bbox 979 632 1204 703; x_wconf 69' lang='lat' dir='ltr'><strong>eu&#39;per&#39;u</strong></span> <span class='ocrx_word' id='word_1_35' title='bbox 1229 633 1371 702; x_wconf 89' lang='lat' dir='ltr'><strong>quod</strong></span> <span class='ocrx_word' id='word_1_36' title='bbox 1402 633 1696 696; x_wconf 76' lang='lat' dir='ltr'><strong>nidificasli,</strong></span> <span class='ocrx_word' id='word_1_37' title='bbox 1729 635 1807 686; x_wconf 88' lang='lat' dir='ltr'><strong>sic</strong></span> <span class='ocrx_word' id='word_1_38' title='bbox 1849 643 2025 686; x_wconf 86' lang='lat' dir='ltr'><strong>tamen</strong></span> 
     </span>
    </p>
   </div>
   <div class='ocr_carea' id='block_1_6' title="bbox 446 721 2024 797">
    <p class='ocr_par' dir='ltr' id='par_1_6' title="bbox 446 721 2024 797">
     <span class='ocr_line' id='line_1_6' title="bbox 446 721 2024 797; baseline -0.004 -16"><span class='ocrx_word' id='word_1_39' title='bbox 446 739 694 797; x_wconf 83' lang='lat' dir='ltr'><strong>tanquam</strong></span> <span class='ocrx_word' id='word_1_40' title='bbox 715 741 806 793; x_wconf 87' lang='lat' dir='ltr'><strong>per</strong></span> <span class='ocrx_word' id='word_1_41' title='bbox 830 725 1028 794; x_wconf 90' lang='lat' dir='ltr'><strong>ignem.</strong></span> <span class='ocrx_word' id='word_1_42' title='bbox 1066 721 1396 779; x_wconf 51' lang='lat' dir='ltr'><strong>Nt-ttio&#39;enim</strong></span> <span class='ocrx_word' id='word_1_43' title='bbox 1438 740 1599 793; x_wconf 85' lang='lat' dir='ltr'><strong>super</strong></span> <span class='ocrx_word' id='word_1_44' title='bbox 1622 726 2024 779; x_wconf 75' lang='lat' dir='ltr'><strong>fundamentum</strong></span> 
     </span>
    </p>
   </div>
   <div class='ocr_carea' id='block_1_7' title="bbox 448 817 2029 886">
    <p class='ocr_par' dir='ltr' id='par_1_7' title="bbox 448 817 2029 886">
     <span class='ocr_line' id='line_1_7' title="bbox 448 817 2029 886; baseline -0.003 -12"><span class='ocrx_word' id='word_1_45' title='bbox 448 824 548 876; x_wconf 91' lang='lat' dir='ltr'><strong>hoc</strong></span> <span class='ocrx_word' id='word_1_46' title='bbox 580 819 851 874; x_wconf 66' lang='lat' dir='ltr'><strong>nidificans</strong></span> <span class='ocrx_word' id='word_1_47' title='bbox 874 819 1153 879; x_wconf 85' lang='lat' dir='ltr'><strong>adulteria,</strong></span> <span class='ocrx_word' id='word_1_48' title='bbox 1185 818 1569 886; x_wconf 85' lang='lat' dir='ltr'><strong>blaspliemias,</strong></span> <span class='ocrx_word' id='word_1_49' title='bbox 1594 817 1890 885; x_wconf 79' lang='lat' dir='ltr'><strong>sacri&#39;egia,</strong></span> <span class='ocrx_word' id='word_1_50' title='bbox 1913 817 2029 870; x_wconf 80' lang='lat' dir='ltr'><strong>ido-</strong></span> 
     </span>
    </p>
   </div>
   <div class='ocr_carea' id='block_1_8' title="bbox 447 908 2030 978">
    <p class='ocr_par' dir='ltr' id='par_1_8' title="bbox 447 908 2030 978">
     <span class='ocr_line' id='line_1_8' title="bbox 447 908 2030 978; baseline -0.001 -14"><span class='ocrx_word' id='word_1_51' title='bbox 447 915 719 975; x_wconf 86' lang='lat' dir='ltr'><strong>lolatrias,</strong></span> <span class='ocrx_word' id='word_1_52' title='bbox 763 909 1026 978; x_wconf 71' lang='lat' dir='ltr'><strong>periuria,</strong></span> <span class='ocrx_word' id='word_1_53' title='bbox 1076 917 1228 978; x_wconf 89' lang='lat' dir='ltr'><strong>putet</strong></span> <span class='ocrx_word' id='word_1_54' title='bbox 1277 925 1334 964; x_wconf 88' lang='lat' dir='ltr'><strong>se</strong></span> <span class='ocrx_word' id='word_1_55' title='bbox 1382 909 1588 963; x_wconf 87' lang='lat' dir='ltr'><strong>salvum</strong></span> <span class='ocrx_word' id='word_1_56' title='bbox 1641 908 1876 963; x_wconf 90' lang='lat' dir='ltr'><strong>futurum</strong></span> <span class='ocrx_word' id='word_1_57' title='bbox 1937 922 2030 976; x_wconf 90' lang='lat' dir='ltr'><strong>per</strong></span> 
     </span>
    </p>
   </div>
   <div class='ocr_carea' id='block_1_9' title="bbox 445 998 2028 1071">
    <p class='ocr_par' dir='ltr' id='par_1_9' title="bbox 445 998 2028 1071">
     <span class='ocr_line' id='line_1_9' title="bbox 445 998 2028 1071; baseline -0.002 -16"><span class='ocrx_word' id='word_1_58' title='bbox 445 1005 645 1070; x_wconf 77' lang='lat' dir='ltr'><strong>ignem.</strong></span> <span class='ocrx_word' id='word_1_59' title='bbox 681 1002 830 1071; x_wconf 89' lang='lat' dir='ltr'><strong>quasi</strong></span> <span class='ocrx_word' id='word_1_60' title='bbox 855 1001 956 1059; x_wconf 85' lang='lat' dir='ltr'><strong>ista</strong></span> <span class='ocrx_word' id='word_1_61' title='bbox 986 1013 1106 1056; x_wconf 79' lang='lat' dir='ltr'><strong>sntit</strong></span> <span class='ocrx_word' id='word_1_62' title='bbox 1138 1001 1300 1069; x_wconf 80' lang='lat' dir='ltr'><strong>ligna,</strong></span> <span class='ocrx_word' id='word_1_63' title='bbox 1335 1002 1533 1065; x_wconf 87' lang='lat' dir='ltr'><strong>fenum,</strong></span> <span class='ocrx_word' id='word_1_64' title='bbox 1563 1000 1786 1066; x_wconf 76' lang='lat' dir='ltr'><strong>stipula;</strong></span> <span class='ocrx_word' id='word_1_65' title='bbox 1820 999 1911 1052; x_wconf 88' lang='lat' dir='ltr'><strong>sed</strong></span> <span class='ocrx_word' id='word_1_66' title='bbox 1939 998 2028 1067; x_wconf 86' lang='lat' dir='ltr'><strong>qui</strong></span> 
     </span>
    </p>
   </div>
   <div class='ocr_carea' id='block_1_10' title="bbox 443 1091 2028 1157">
    <p class='ocr_par' dir='ltr' id='par_1_10' title="bbox 443 1091 2028 1157">
     <span class='ocr_line' id='line_1_10' title="bbox 443 1091 2028 1157; baseline -0.003 -9"><span class='ocrx_word' id='word_1_67' title='bbox 443 1095 671 1148; x_wconf 77' lang='lat' dir='ltr'><strong>aiditicat</strong></span> <span class='ocrx_word' id='word_1_68' title='bbox 734 1107 974 1156; x_wconf 81' lang='lat' dir='ltr'><strong>amorem</strong></span> <span class='ocrx_word' id='word_1_69' title='bbox 1027 1105 1359 1148; x_wconf 86' lang='lat' dir='ltr'><strong>terrenornm</strong></span> <span class='ocrx_word' id='word_1_70' title='bbox 1409 1108 1570 1157; x_wconf 86' lang='lat' dir='ltr'><strong>super</strong></span> <span class='ocrx_word' id='word_1_71' title='bbox 1625 1091 2028 1146; x_wconf 73' lang='lat' dir='ltr'><strong>fundamentum</strong></span> 
     </span>
    </p>
   </div>
   <div class='ocr_carea' id='block_1_11' title="bbox 446 1181 2030 1252">
    <p class='ocr_par' dir='ltr' id='par_1_11' title="bbox 446 1181 2030 1252">
     <span class='ocr_line' id='line_1_11' title="bbox 446 1181 2030 1252; baseline 0.001 -18"><span class='ocrx_word' id='word_1_72' title='bbox 446 1185 592 1252; x_wconf 82' lang='lat' dir='ltr'><strong>regni</strong></span> <span class='ocrx_word' id='word_1_73' title='bbox 622 1187 902 1248; x_wconf 73' lang='grc' dir='ltr'>εωιοιιιιιι,</span> <span class='ocrx_word' id='word_1_74' title='bbox 927 1181 978 1236; x_wconf 90' lang='lat' dir='ltr'><strong>id</strong></span> <span class='ocrx_word' id='word_1_75' title='bbox 1002 1193 1104 1247; x_wconf 60' lang='lat' dir='ltr'><strong>est,</strong></span> <span class='ocrx_word' id='word_1_76' title='bbox 1133 1198 1173 1235; x_wconf 54' lang='lat' dir='ltr'><strong>si</strong></span> <span class='ocrx_word' id='word_1_77' title='bbox 1200 1199 1294 1250; x_wconf 91' lang='lat' dir='ltr'><strong>per</strong></span> <span class='ocrx_word' id='word_1_78' title='bbox 1317 1182 1612 1246; x_wconf 71' lang='lat' dir='ltr'><strong>Christum,</strong></span> <span class='ocrx_word' id='word_1_79' title='bbox 1643 1183 1849 1237; x_wconf 85' lang='lat' dir='ltr'><strong>ardebit</strong></span> <span class='ocrx_word' id='word_1_80' title='bbox 1877 1199 2030 1236; x_wconf 87' lang='lat' dir='ltr'><strong>amor</strong></span> 
     </span>
    </p>
   </div>
   <div class='ocr_carea' id='block_1_12' title="bbox 451 1273 2027 1342">
    <p class='ocr_par' dir='ltr' id='par_1_12' title="bbox 451 1273 2027 1342">
     <span class='ocr_line' id='line_1_12' title="bbox 451 1273 2027 1342; baseline 0.001 -14"><span class='ocrx_word' id='word_1_81' title='bbox 451 1292 629 1331; x_wconf 88' lang='lat' dir='ltr'><strong>rerum</strong></span> <span class='ocrx_word' id='word_1_82' title='bbox 664 1275 1056 1342; x_wconf 78' lang='lat' dir='ltr'><strong>temporalium,</strong></span> <span class='ocrx_word' id='word_1_83' title='bbox 1094 1283 1146 1327; x_wconf 85' lang='lat' dir='ltr'><strong>et</strong></span> <span class='ocrx_word' id='word_1_84' title='bbox 1178 1275 1289 1342; x_wconf 77' lang='lat' dir='ltr'><strong>ipse</strong></span> <span class='ocrx_word' id='word_1_85' title='bbox 1319 1275 1498 1327; x_wconf 66' lang='lat' dir='ltr'><strong>Salvus</strong></span> <span class='ocrx_word' id='word_1_86' title='bbox 1521 1273 1622 1328; x_wconf 88' lang='lat' dir='ltr'><strong>etit</strong></span> <span class='ocrx_word' id='word_1_87' title='bbox 1653 1291 1747 1341; x_wconf 88' lang='lat' dir='ltr'><strong>per</strong></span> <span class='ocrx_word' id='word_1_88' title='bbox 1779 1276 2027 1330; x_wconf 86' lang='lat' dir='ltr'><strong>idoneum</strong></span> 
     </span>
    </p>
   </div>
   <div class='ocr_carea' id='block_1_13' title="bbox 451 1363 2026 1432">
    <p class='ocr_par' dir='ltr' id='par_1_13' title="bbox 451 1363 2026 1432">
     <span class='ocr_line' id='line_1_13' title="bbox 451 1363 2026 1432; baseline 0.001 -13"><span class='ocrx_word' id='word_1_89' title='bbox 451 1363 1096 1424; x_wconf 76' lang='lat' dir='ltr'><strong>fundamentum.Inimici</strong></span> <span class='ocrx_word' id='word_1_90' title='bbox 1117 1364 1325 1417; x_wconf 85' lang='lat' dir='ltr'><strong>DOmini</strong></span> <span class='ocrx_word' id='word_1_91' title='bbox 1345 1366 1552 1418; x_wconf 82' lang='lat' dir='ltr'><strong>mentiti</strong></span> <span class='ocrx_word' id='word_1_92' title='bbox 1572 1376 1692 1421; x_wconf 85' lang='lat' dir='ltr'><strong>sunt</strong></span> <span class='ocrx_word' id='word_1_93' title='bbox 1710 1364 1756 1418; x_wconf 84' lang='lat' dir='ltr'><strong>ei</strong></span> <span class='ocrx_word' id='word_1_94' title='bbox 1775 1366 2026 1432; x_wconf 51' lang='lat' dir='ltr'><strong>dicendo,</strong></span> 
     </span>
    </p>
   </div>
   <div class='ocr_carea' id='block_1_14' title="bbox 459 1457 2028 1526">
    <p class='ocr_par' dir='ltr' id='par_1_14' title="bbox 459 1457 2028 1526">
     <span class='ocr_line' id='line_1_14' title="bbox 459 1457 2028 1526; baseline -0.003 -11"><span class='ocrx_word' id='word_1_95' title='bbox 459 1462 534 1519; x_wconf 75' lang='lat' dir='ltr'><strong>Eo</strong></span> <span class='ocrx_word' id='word_1_96' title='bbox 563 1461 626 1514; x_wconf 85' lang='lat' dir='ltr'><strong>ad</strong></span> <span class='ocrx_word' id='word_1_97' title='bbox 654 1461 862 1516; x_wconf 86' lang='lat' dir='ltr'><strong>vineam</strong></span> <span class='ocrx_word' id='word_1_98' title='bbox 882 1498 903 1523; x_wconf 90' lang='lat'><strong>,</strong></span> <span class='ocrx_word' id='word_1_99' title='bbox 941 1468 997 1516; x_wconf 82' lang='lat' dir='ltr'><strong>et</strong></span> <span class='ocrx_word' id='word_1_100' title='bbox 1027 1473 1129 1516; x_wconf 90' lang='lat' dir='ltr'><strong>non</strong></span> <span class='ocrx_word' id='word_1_101' title='bbox 1159 1457 1358 1520; x_wconf 79' lang='lat' dir='ltr'><strong>eundo,</strong></span> <span class='ocrx_word' id='word_1_102' title='bbox 1387 1469 1439 1512; x_wconf 88' lang='lat' dir='ltr'><strong>et</strong></span> <span class='ocrx_word' id='word_1_103' title='bbox 1468 1457 1570 1510; x_wconf 92' lang='lat' dir='ltr'><strong>erit</strong></span> <span class='ocrx_word' id='word_1_104' title='bbox 1605 1467 1816 1526; x_wconf 85' lang='lat' dir='ltr'><strong>tempus</strong></span> <span class='ocrx_word' id='word_1_105' title='bbox 1843 1473 2028 1515; x_wconf 85' lang='lat' dir='ltr'><strong>eorum</strong></span> 
     </span>
    </p>
   </div>
   <div class='ocr_carea' id='block_1_15' title="bbox 455 1551 1932 1622">
    <p class='ocr_par' dir='ltr' id='par_1_15' title="bbox 455 1551 1932 1622">
     <span class='ocr_line' id='line_1_15' title="bbox 455 1551 1932 1622; baseline -0.003 -14"><span class='ocrx_word' id='word_1_106' title='bbox 455 1553 646 1616; x_wconf 80' lang='lat' dir='ltr'><strong>nonad</strong></span> <span class='ocrx_word' id='word_1_107' title='bbox 678 1562 908 1622; x_wconf 82' lang='lat' dir='ltr'><strong>tempus,</strong></span> <span class='ocrx_word' id='word_1_108' title='bbox 933 1552 1026 1610; x_wconf 84' lang='lat' dir='ltr'><strong>sed</strong></span> <span class='ocrx_word' id='word_1_109' title='bbox 1059 1553 1110 1615; x_wconf 82' lang='lat' dir='ltr'><strong>in</strong></span> <span class='ocrx_word' id='word_1_110' title='bbox 1135 1563 1416 1611; x_wconf 68' lang='lat' dir='ltr'><strong>teter-num.</strong></span> <span class='ocrx_word' id='word_1_111' title='bbox 1449 1551 1516 1604; x_wconf 82' lang='lat' dir='ltr'><strong>Et</strong></span> <span class='ocrx_word' id='word_1_112' title='bbox 1539 1553 1624 1619; x_wconf 90' lang='lat' dir='ltr'><strong>qtti</strong></span> <span class='ocrx_word' id='word_1_113' title='bbox 1650 1565 1775 1606; x_wconf 88' lang='lat' dir='ltr'><strong>sunt</strong></span> <span class='ocrx_word' id='word_1_114' title='bbox 1807 1553 1932 1606; x_wconf 78' lang='lat' dir='ltr'><strong>isti?</strong></span> 
     </span>
    </p>
   </div>
   <div class='ocr_carea' id='block_1_16' title="bbox 523 1643 2029 1712">
    <p class='ocr_par' dir='ltr' id='par_1_16' title="bbox 523 1643 2029 1712">
     <span class='ocr_line' id='line_1_16' title="bbox 523 1643 2029 1712; baseline 0 -12"><span class='ocrx_word' id='word_1_115' title='bbox 523 1648 586 1702; x_wconf 83' lang='lat' dir='ltr'><strong>Et</strong></span> <span class='ocrx_word' id='word_1_116' title='bbox 616 1646 811 1704; x_wconf 82' lang='lat' dir='ltr'><strong>cibavit</strong></span> <span class='ocrx_word' id='word_1_117' title='bbox 835 1645 955 1699; x_wconf 85' lang='lat' dir='ltr'><strong>illos</strong></span> <span class='ocrx_word' id='word_1_118' title='bbox 981 1660 1042 1698; x_wconf 72' lang='lat' dir='ltr'><strong>ex</strong></span> <span class='ocrx_word' id='word_1_119' title='bbox 1073 1645 1230 1712; x_wconf 82' lang='lat' dir='ltr'><strong>adipe</strong></span> <span class='ocrx_word' id='word_1_120' title='bbox 1269 1643 1543 1698; x_wconf 80' lang='lat' dir='ltr'><strong>frumenti.</strong></span> <span class='ocrx_word' id='word_1_121' title='bbox 1582 1673 1645 1684; x_wconf 89' lang='lat'>—</span> <span class='ocrx_word' id='word_1_122' title='bbox 1684 1645 1864 1700; x_wconf 73' lang='lat' dir='ltr'><strong>Nostis</strong></span> <span class='ocrx_word' id='word_1_123' title='bbox 1910 1645 2029 1700; x_wconf 80' lang='lat' dir='ltr'><strong>adi-</strong></span> 
     </span>
    </p>
   </div>
   <div class='ocr_carea' id='block_1_17' title="bbox 454 1736 2031 1807">
    <p class='ocr_par' dir='ltr' id='par_1_17' title="bbox 454 1736 2031 1807">
     <span class='ocr_line' id='line_1_17' title="bbox 454 1736 2031 1807; baseline -0.002 -13"><span class='ocrx_word' id='word_1_124' title='bbox 454 1754 574 1807; x_wconf 81' lang='lat' dir='ltr'><strong>pem</strong></span> <span class='ocrx_word' id='word_1_125' title='bbox 606 1738 876 1803; x_wconf 78' lang='lat' dir='ltr'><strong>frumenti,</strong></span> <span class='ocrx_word' id='word_1_126' title='bbox 909 1736 1048 1792; x_wconf 79' lang='lat' dir='ltr'><strong>unde</strong></span> <span class='ocrx_word' id='word_1_127' title='bbox 1069 1737 1316 1792; x_wconf 79' lang='lat' dir='ltr'><strong>cibantur</strong></span> <span class='ocrx_word' id='word_1_128' title='bbox 1348 1738 1495 1791; x_wconf 89' lang='lat' dir='ltr'><strong>multi</strong></span> <span class='ocrx_word' id='word_1_129' title='bbox 1529 1737 1725 1793; x_wconf 69' lang='lat' dir='ltr'><strong>in‘mici</strong></span> <span class='ocrx_word' id='word_1_130' title='bbox 1766 1739 1855 1807; x_wconf 82' lang='lat' dir='ltr'><strong>qui</strong></span> <span class='ocrx_word' id='word_1_131' title='bbox 1879 1753 2031 1793; x_wconf 90' lang='lat' dir='ltr'><strong>men-</strong></span> 
     </span>
    </p>
   </div>
   <div class='ocr_carea' id='block_1_18' title="bbox 2131 540 3700 624">
    <p class='ocr_par' dir='ltr' id='par_1_18' title="bbox 2131 540 3700 624">
     <span class='ocr_line' id='line_1_18' title="bbox 2131 540 3700 624; baseline 0.011 -32"><span class='ocrx_word' id='word_1_132' title='bbox 2131 540 2249 594; x_wconf 87' lang='lat' dir='ltr'><strong>dies</strong></span> <span class='ocrx_word' id='word_1_133' title='bbox 2289 558 2393 610; x_wconf 80' lang='lat' dir='ltr'><strong>quo</strong></span> <span class='ocrx_word' id='word_1_134' title='bbox 2431 559 2460 595; x_wconf 84' lang='lat' dir='ltr'><strong>a</strong></span> <span class='ocrx_word' id='word_1_135' title='bbox 2503 545 2825 603; x_wconf 75' lang='lat' dir='ltr'><strong>Christianis</strong></span> <span class='ocrx_word' id='word_1_136' title='bbox 2871 552 2984 604; x_wconf 70' lang='lat' dir='ltr'><strong>hare</strong></span> <span class='ocrx_word' id='word_1_137' title='bbox 3011 556 3183 607; x_wconf 80' lang='lat' dir='ltr'><strong>oratio</strong></span> <span class='ocrx_word' id='word_1_138' title='bbox 3224 572 3328 606; x_wconf 87' lang='lat' dir='ltr'><strong>non</strong></span> <span class='ocrx_word' id='word_1_139' title='bbox 3371 556 3599 624; x_wconf 80' lang='lat' dir='ltr'><strong>dicatur,</strong></span> <span class='ocrx_word' id='word_1_140' title='bbox 3639 562 3700 611; x_wconf 80' lang='lat' dir='ltr'><strong>iL&#39;t</strong></span> 
     </span>
    </p>
   </div>
   <div class='ocr_carea' id='block_1_19' title="bbox 2131 635 3701 722">
    <p class='ocr_par' dir='ltr' id='par_1_19' title="bbox 2131 635 3701 722">
     <span class='ocr_line' id='line_1_19' title="bbox 2131 635 3701 722; baseline 0.013 -36"><span class='ocrx_word' id='word_1_141' title='bbox 2131 635 2332 687; x_wconf 89' lang='lat' dir='ltr'><strong>iitilliitii</strong></span> <span class='ocrx_word' id='word_1_142' title='bbox 2365 645 2448 690; x_wconf 88' lang='lat' dir='ltr'><strong>est</strong></span> <span class='ocrx_word' id='word_1_143' title='bbox 2477 639 2660 706; x_wconf 83' lang='lat' dir='ltr'><strong>quotid</strong></span> <span class='ocrx_word' id='word_1_144' title='bbox 2686 656 2846 695; x_wconf 90' lang='lat' dir='ltr'><strong>anum</strong></span> <span class='ocrx_word' id='word_1_145' title='bbox 2881 646 3248 714; x_wconf 71' lang='lat' dir='ltr'><strong>qualecunque</strong></span> <span class='ocrx_word' id='word_1_146' title='bbox 3275 666 3553 720; x_wconf 75' lang='lat' dir='ltr'><strong>peccatum</strong></span> <span class='ocrx_word' id='word_1_147' title='bbox 3574 659 3701 722; x_wconf 84' lang='lat' dir='ltr'><strong>quod</strong></span> 
     </span>
    </p>
   </div>
   <div class='ocr_carea' id='block_1_20' title="bbox 2133 725 3705 800">
    <p class='ocr_par' dir='ltr' id='par_1_20' title="bbox 2133 725 3705 800">
     <span class='ocr_line' id='line_1_20' title="bbox 2133 725 3705 800; baseline 0.015 -24"><span class='ocrx_word' id='word_1_148' title='bbox 2133 739 2226 792; x_wconf 88' lang='lat' dir='ltr'><strong>per</strong></span> <span class='ocrx_word' id='word_1_149' title='bbox 2255 725 2395 780; x_wconf 72' lang='lat' dir='ltr'><strong>illam</strong></span> <span class='ocrx_word' id='word_1_150' title='bbox 2424 730 2868 798; x_wconf 86' lang='lat' dir='ltr'><strong>nniidimittatiir,</strong></span> <span class='ocrx_word' id='word_1_151' title='bbox 2897 740 3300 795; x_wconf 80' lang='lat' dir='ltr'><strong>ennidiCimus:</strong></span> <span class='ocrx_word' id='word_1_152' title='bbox 3329 743 3542 800; x_wconf 86' lang='lat' dir='ltr'><strong>Dimitte</strong></span> <span class='ocrx_word' id='word_1_153' title='bbox 3564 746 3705 800; x_wconf 78' lang='lat' dir='ltr'><strong>nobis</strong></span> 
     </span>
    </p>
   </div>
   <div class='ocr_carea' id='block_1_21' title="bbox 2130 816 3705 902">
    <p class='ocr_par' dir='ltr' id='par_1_21' title="bbox 2130 816 3705 902">
     <span class='ocr_line' id='line_1_21' title="bbox 2130 816 3705 902; baseline 0.013 -33"><span class='ocrx_word' id='word_1_154' title='bbox 2130 816 2308 870; x_wconf 84' lang='lat' dir='ltr'><strong>dcb;ta</strong></span> <span class='ocrx_word' id='word_1_155' title='bbox 2337 831 2550 885; x_wconf 89' lang='lat' dir='ltr'><strong>nostra;</strong></span> <span class='ocrx_word' id='word_1_156' title='bbox 2575 821 2619 874; x_wconf 86' lang='lat' dir='ltr'><strong>si</strong></span> <span class='ocrx_word' id='word_1_157' title='bbox 2643 824 2780 890; x_wconf 91' lang='lat' dir='ltr'><strong>quod</strong></span> <span class='ocrx_word' id='word_1_158' title='bbox 2799 828 3042 893; x_wconf 88' lang='lat' dir='ltr'><strong>sequitur</strong></span> <span class='ocrx_word' id='word_1_159' title='bbox 3067 829 3242 886; x_wconf 86' lang='lat' dir='ltr'><strong>facere</strong></span> <span class='ocrx_word' id='word_1_160' title='bbox 3270 849 3540 902; x_wconf 82' lang='lat' dir='ltr'><strong>curemus,</strong></span> <span class='ocrx_word' id='word_1_161' title='bbox 3572 835 3705 892; x_wconf 71' lang='lat' dir='ltr'><strong>Sicut</strong></span> 
     </span>
    </p>
   </div>
   <div class='ocr_carea' id='block_1_22' title="bbox 2132 911 3706 982">
    <p class='ocr_par' dir='ltr' id='par_1_22' title="bbox 2132 911 3706 982">
     <span class='ocr_line' id='line_1_22' title="bbox 2132 911 3706 982; baseline 0.012 -19"><span class='ocrx_word' id='word_1_162' title='bbox 2132 921 2185 963; x_wconf 87' lang='lat' dir='ltr'><strong>et</strong></span> <span class='ocrx_word' id='word_1_163' title='bbox 2219 925 2316 965; x_wconf 84' lang='lat' dir='ltr'><strong>nos</strong></span> <span class='ocrx_word' id='word_1_164' title='bbox 2348 911 2672 968; x_wconf 85' lang='lat' dir='ltr'><strong>dimittimus</strong></span> <span class='ocrx_word' id='word_1_165' title='bbox 2718 915 3053 973; x_wconf 80' lang='lat' dir='ltr'><strong>debitoribus</strong></span> <span class='ocrx_word' id='word_1_166' title='bbox 3082 928 3296 978; x_wconf 78' lang='lat' dir='ltr'><strong>nostris.</strong></span> <span class='ocrx_word' id='word_1_167' title='bbox 3319 927 3450 980; x_wconf 75' lang='grc' dir='ltr'>’Νυιι</span> <span class='ocrx_word' id='word_1_168' title='bbox 3480 929 3618 982; x_wconf 83' lang='lat' dir='ltr'><strong>enim</strong></span> <span class='ocrx_word' id='word_1_169' title='bbox 3642 931 3706 982; x_wconf 87' lang='lat' dir='ltr'><strong>ait</strong></span> 
     </span>
    </p>
   </div>
   <div class='ocr_carea' id='block_1_23' title="bbox 2134 1000 3703 1080">
    <p class='ocr_par' dir='ltr' id='par_1_23' title="bbox 2134 1000 3703 1080">
     <span class='ocr_line' id='line_1_23' title="bbox 2134 1000 3703 1080; baseline 0.012 -27"><span class='ocrx_word' id='word_1_170' title='bbox 2134 1000 2410 1065; x_wconf 72' lang='lat' dir='ltr'><strong>Domitius,</strong></span> <span class='ocrx_word' id='word_1_171' title='bbox 2447 1005 2730 1072; x_wconf 87' lang='lat' dir='ltr'><strong>inquiunt:</strong></span> <span class='ocrx_word' id='word_1_172' title='bbox 2783 1008 2838 1061; x_wconf 85' lang='lat' dir='ltr'><strong>Si</strong></span> <span class='ocrx_word' id='word_1_173' title='bbox 2868 1007 3184 1066; x_wconf 76' lang='lat' dir='ltr'><strong>ditniscritis</strong></span> <span class='ocrx_word' id='word_1_174' title='bbox 3233 1027 3445 1080; x_wconf 73' lang='lat' dir='ltr'><strong>peccata</strong></span> <span class='ocrx_word' id='word_1_175' title='bbox 3490 1034 3583 1073; x_wconf 86' lang='lat' dir='ltr'><strong>sua</strong></span> <span class='ocrx_word' id='word_1_176' title='bbox 3615 1019 3703 1072; x_wconf 87' lang='lat' dir='ltr'><strong>ho-</strong></span> 
     </span>
    </p>
   </div>
   <div class='ocr_carea' id='block_1_24' title="bbox 2134 1096 3702 1180">
    <p class='ocr_par' dir='ltr' id='par_1_24' title="bbox 2134 1096 3702 1180">
     <span class='ocr_line' id='line_1_24' title="bbox 2134 1096 3702 1180; baseline 0.012 -34"><span class='ocrx_word' id='word_1_177' title='bbox 2134 1096 2385 1160; x_wconf 86' lang='lat' dir='ltr'><strong>minibus,</strong></span> <span class='ocrx_word' id='word_1_178' title='bbox 2405 1098 2636 1152; x_wconf 88' lang='lat' dir='ltr'><strong>dimittet</strong></span> <span class='ocrx_word' id='word_1_179' title='bbox 2660 1101 2808 1153; x_wconf 85' lang='lat' dir='ltr'><strong>vobis</strong></span> <span class='ocrx_word' id='word_1_180' title='bbox 2839 1102 2995 1158; x_wconf 79' lang='lat' dir='ltr'><strong>Pater</strong></span> <span class='ocrx_word' id='word_1_181' title='bbox 3026 1117 3204 1161; x_wconf 82' lang='lat' dir='ltr'><strong>vester</strong></span> <span class='ocrx_word' id='word_1_182' title='bbox 3227 1112 3532 1174; x_wconf 86' lang='lat' dir='ltr'><strong>quotidiana</strong></span> <span class='ocrx_word' id='word_1_183' title='bbox 3559 1128 3702 1180; x_wconf 79' lang='lat' dir='ltr'><strong>parva</strong></span> 
     </span>
    </p>
   </div>
   <div class='ocr_carea' id='block_1_25' title="bbox 2135 1191 3700 1269">
    <p class='ocr_par' dir='ltr' id='par_1_25' title="bbox 2135 1191 3700 1269">
     <span class='ocr_line' id='line_1_25' title="bbox 2135 1191 3700 1269; baseline 0.012 -30"><span class='ocrx_word' id='word_1_184' title='bbox 2135 1198 2372 1254; x_wconf 76' lang='lat' dir='ltr'><strong>peccata,</strong></span> <span class='ocrx_word' id='word_1_185' title='bbox 2401 1191 2517 1254; x_wconf 88' lang='lat' dir='ltr'><strong>sed,</strong></span> <span class='ocrx_word' id='word_1_186' title='bbox 2552 1191 2816 1259; x_wconf 89' lang='lat' dir='ltr'><strong>Dimittet,</strong></span> <span class='ocrx_word' id='word_1_187' title='bbox 2853 1195 3044 1263; x_wconf 58' lang='lat' dir='ltr'><strong>inquit,</strong></span> <span class='ocrx_word' id='word_1_188' title='bbox 3079 1198 3231 1252; x_wconf 81' lang='lat' dir='ltr'><strong>vobis</strong></span> <span class='ocrx_word' id='word_1_189' title='bbox 3261 1213 3471 1269; x_wconf 87' lang='lat' dir='ltr'><strong>peccata</strong></span> <span class='ocrx_word' id='word_1_190' title='bbox 3522 1216 3700 1260; x_wconf 81' lang='lat' dir='ltr'><strong>vestra.</strong></span> 
     </span>
    </p>
   </div>
   <div class='ocr_carea' id='block_1_26' title="bbox 2131 1281 3702 1359">
    <p class='ocr_par' dir='ltr' id='par_1_26' title="bbox 2131 1281 3702 1359">
     <span class='ocr_line' id='line_1_26' title="bbox 2131 1281 3702 1359; baseline 0.013 -31"><span class='ocrx_word' id='word_1_191' title='bbox 2131 1281 2529 1359; x_wconf 70' lang='lat' dir='ltr'><strong>Qualiaeunque</strong></span> <span class='ocrx_word' id='word_1_192' title='bbox 2556 1297 2683 1350; x_wconf 74' lang='lat' dir='ltr'><strong>ergo</strong></span> <span class='ocrx_word' id='word_1_193' title='bbox 2707 1287 2788 1336; x_wconf 84' lang='lat' dir='ltr'><strong>vel</strong></span> <span class='ocrx_word' id='word_1_194' title='bbox 2823 1297 3234 1357; x_wconf 80' lang='lat' dir='ltr'><strong>quantacunque</strong></span> <span class='ocrx_word' id='word_1_195' title='bbox 3285 1293 3411 1356; x_wconf 80' lang='lat' dir='ltr'><strong>sint,</strong></span> <span class='ocrx_word' id='word_1_196' title='bbox 3458 1305 3615 1348; x_wconf 88' lang='lat' dir='ltr'><strong>etiam</strong></span> <span class='ocrx_word' id='word_1_197' title='bbox 3661 1297 3702 1348; x_wconf 92' lang='lat' dir='ltr'><strong>si</strong></span> 
     </span>
    </p>
   </div>
   <div class='ocr_carea' id='block_1_27' title="bbox 2131 1369 3702 1440">
    <p class='ocr_par' dir='ltr' id='par_1_27' title="bbox 2131 1369 3702 1440">
     <span class='ocr_line' id='line_1_27' title="bbox 2131 1369 3702 1440; baseline 0.012 -21"><span class='ocrx_word' id='word_1_198' title='bbox 2131 1369 2370 1437; x_wconf 83' lang='lat' dir='ltr'><strong>quotidie</strong></span> <span class='ocrx_word' id='word_1_199' title='bbox 2401 1383 2797 1440; x_wconf 84' lang='lat' dir='ltr'><strong>perpetrentur,</strong></span> <span class='ocrx_word' id='word_1_200' title='bbox 2830 1390 2926 1430; x_wconf 83' lang='lat' dir='ltr'><strong>nec</strong></span> <span class='ocrx_word' id='word_1_201' title='bbox 2973 1378 3040 1432; x_wconf 86' lang='lat' dir='ltr'><strong>ab</strong></span> <span class='ocrx_word' id='word_1_202' title='bbox 3090 1379 3170 1431; x_wconf 82' lang='lat' dir='ltr'><strong>eis</strong></span> <span class='ocrx_word' id='word_1_203' title='bbox 3221 1381 3327 1434; x_wconf 81' lang='lat' dir='ltr'><strong>vita</strong></span> <span class='ocrx_word' id='word_1_204' title='bbox 3379 1381 3614 1437; x_wconf 77' lang='lat' dir='ltr'><strong>discedat</strong></span> <span class='ocrx_word' id='word_1_205' title='bbox 3658 1387 3702 1440; x_wconf 90' lang='lat' dir='ltr'><strong>in</strong></span> 
     </span>
    </p>
   </div>
   <div class='ocr_carea' id='block_1_28' title="bbox 2132 1459 3705 1538">
    <p class='ocr_par' dir='ltr' id='par_1_28' title="bbox 2132 1459 3705 1538">
     <span class='ocr_line' id='line_1_28' title="bbox 2132 1459 3705 1538; baseline 0.014 -30"><span class='ocrx_word' id='word_1_206' title='bbox 2132 1459 2327 1511; x_wconf 89' lang='lat' dir='ltr'><strong>melius</strong></span> <span class='ocrx_word' id='word_1_207' title='bbox 2353 1473 2714 1525; x_wconf 80' lang='lat' dir='ltr'><strong>commutata,</strong></span> <span class='ocrx_word' id='word_1_208' title='bbox 2749 1481 2844 1533; x_wconf 90' lang='lat' dir='ltr'><strong>per</strong></span> <span class='ocrx_word' id='word_1_209' title='bbox 2871 1467 3270 1538; x_wconf 79' lang='lat' dir='ltr'><strong>eleemosynam</strong></span> <span class='ocrx_word' id='word_1_210' title='bbox 3301 1475 3448 1526; x_wconf 84' lang='lat' dir='ltr'><strong>venia</strong></span> <span class='ocrx_word' id='word_1_211' title='bbox 3481 1489 3581 1527; x_wconf 85' lang='lat' dir='ltr'><strong>non</strong></span> <span class='ocrx_word' id='word_1_212' title='bbox 3620 1490 3705 1530; x_wconf 82' lang='lat' dir='ltr'><strong>ne-</strong></span> 
     </span>
    </p>
   </div>
   <div class='ocr_carea' id='block_1_29' title="bbox 2132 1553 3704 1635">
    <p class='ocr_par' dir='ltr' id='par_1_29' title="bbox 2132 1553 3704 1635">
     <span class='ocr_line' id='line_1_29' title="bbox 2132 1553 3704 1635; baseline 0.011 -36"><span class='ocrx_word' id='word_1_213' title='bbox 2132 1557 2252 1616; x_wconf 82' lang='lat' dir='ltr'><strong>gata</strong></span> <span class='ocrx_word' id='word_1_214' title='bbox 2305 1553 2510 1606; x_wconf 82' lang='lat' dir='ltr'><strong>remitti</strong></span> <span class='ocrx_word' id='word_1_215' title='bbox 2540 1553 2638 1606; x_wconf 89' lang='lat' dir='ltr'><strong>sibi</strong></span> <span class='ocrx_word' id='word_1_216' title='bbox 2679 1571 2834 1624; x_wconf 78' lang='lat' dir='ltr'><strong>posse</strong></span> <span class='ocrx_word' id='word_1_217' title='bbox 2880 1572 3230 1626; x_wconf 63' lang='lat' dir='ltr'><strong>prrit-sumunt.</strong></span> <span class='ocrx_word' id='word_1_218' title='bbox 3259 1561 3369 1616; x_wconf 80' lang='lat' dir='ltr'><strong>Sed</strong></span> <span class='ocrx_word' id='word_1_219' title='bbox 3417 1565 3547 1619; x_wconf 84' lang='lat' dir='ltr'><strong>bene</strong></span> <span class='ocrx_word' id='word_1_220' title='bbox 3574 1568 3704 1635; x_wconf 83' lang='lat' dir='ltr'><strong>quod</strong></span> 
     </span>
    </p>
   </div>
   <div class='ocr_carea' id='block_1_30' title="bbox 2135 1639 3701 1720">
    <p class='ocr_par' dir='ltr' id='par_1_30' title="bbox 2135 1639 3701 1720">
     <span class='ocr_line' id='line_1_30' title="bbox 2135 1639 3701 1720; baseline 0.012 -29"><span class='ocrx_word' id='word_1_221' title='bbox 2135 1639 2220 1692; x_wconf 83' lang='lat' dir='ltr'><strong>isti</strong></span> <span class='ocrx_word' id='word_1_222' title='bbox 2248 1640 2441 1709; x_wconf 74' lang='lat' dir='ltr'><strong>dignas</strong></span> <span class='ocrx_word' id='word_1_223' title='bbox 2485 1658 2582 1709; x_wconf 88' lang='lat' dir='ltr'><strong>pro</strong></span> <span class='ocrx_word' id='word_1_224' title='bbox 2611 1646 2841 1713; x_wconf 75' lang='lat' dir='ltr'><strong>peccatis</strong></span> <span class='ocrx_word' id='word_1_225' title='bbox 2888 1652 3265 1720; x_wconf 82' lang='lat' dir='ltr'><strong>eleemusynas</strong></span> <span class='ocrx_word' id='word_1_226' title='bbox 3313 1665 3701 1710; x_wconf 76' lang='lat' dir='ltr'><strong>Commorientes</strong></span> 
     </span>
    </p>
   </div>
   <div class='ocr_carea' id='block_1_31' title="bbox 2135 1733 3702 1815">
    <p class='ocr_par' dir='ltr' id='par_1_31' title="bbox 2135 1733 3702 1815">
     <span class='ocr_line' id='line_1_31' title="bbox 2135 1733 3702 1815; baseline 0.01 -32"><span class='ocrx_word' id='word_1_227' title='bbox 2135 1745 2258 1784; x_wconf 86' lang='lat' dir='ltr'><strong>esse</strong></span> <span class='ocrx_word' id='word_1_228' title='bbox 2289 1733 2556 1788; x_wconf 84' lang='lat' dir='ltr'><strong>faciendas</strong></span> <span class='ocrx_word' id='word_1_229' title='bbox 2585 1753 2598 1789; x_wconf 88' lang='lat'><strong>:</strong></span> <span class='ocrx_word' id='word_1_230' title='bbox 2629 1738 2883 1804; x_wconf 84' lang='lat' dir='ltr'><strong>quoniam</strong></span> <span class='ocrx_word' id='word_1_231' title='bbox 2929 1743 2972 1792; x_wconf 91' lang='lat' dir='ltr'><strong>si</strong></span> <span class='ocrx_word' id='word_1_232' title='bbox 3019 1742 3283 1807; x_wconf 85' lang='lat' dir='ltr'><strong>dicerent,</strong></span> <span class='ocrx_word' id='word_1_233' title='bbox 3325 1746 3702 1815; x_wconf 66' lang='lat' dir='ltr'><strong>qualescunque</strong></span> 
     </span>
    </p>
   </div>
   <div class='ocr_carea' id='block_1_32' title="bbox 448 1824 3702 1906">
    <p class='ocr_par' dir='ltr' id='par_1_32' title="bbox 448 1824 3702 1906">
     <span class='ocr_line' id='line_1_32' title="bbox 448 1824 3702 1906; baseline 0.001 -20"><span class='ocrx_word' id='word_1_234' title='bbox 448 1832 527 1886; x_wconf 90' lang='lat' dir='ltr'><strong>titi</strong></span> <span class='ocrx_word' id='word_1_235' title='bbox 551 1842 676 1892; x_wconf 74' lang='lat' dir='ltr'><strong>sunt</strong></span> <span class='ocrx_word' id='word_1_236' title='bbox 704 1833 776 1885; x_wconf 83' lang='lat' dir='ltr'><strong>ei.</strong></span> <span class='ocrx_word' id='word_1_237' title='bbox 803 1834 866 1884; x_wconf 68' lang='lat' dir='ltr'><strong>tt</strong></span> <span class='ocrx_word' id='word_1_238' title='bbox 891 1829 1084 1883; x_wconf 73' lang='lat' dir='ltr'><strong>cibarii</strong></span> <span class='ocrx_word' id='word_1_239' title='bbox 1109 1829 1228 1882; x_wconf 91' lang='lat' dir='ltr'><strong>illos</strong></span> <span class='ocrx_word' id='word_1_240' title='bbox 1255 1845 1321 1882; x_wconf 79' lang='lat' dir='ltr'><strong>ex</strong></span> <span class='ocrx_word' id='word_1_241' title='bbox 1347 1829 1499 1898; x_wconf 82' lang='lat' dir='ltr'><strong>adipe</strong></span> <span class='ocrx_word' id='word_1_242' title='bbox 1523 1829 1794 1895; x_wconf 79' lang='lat' dir='ltr'><strong>frumenti,</strong></span> <span class='ocrx_word' id='word_1_243' title='bbox 1820 1829 2035 1884; x_wconf 87' lang='lat' dir='ltr'><strong>miscuit</strong></span> <span class='ocrx_word' id='word_1_244' title='bbox 2065 1825 2110 1882; x_wconf 83' lang='lat' dir='ltr'><strong>B</strong></span> <span class='ocrx_word' id='word_1_245' title='bbox 2138 1824 2510 1894; x_wconf 77' lang='lat' dir='ltr'><strong>electiiosynas</strong></span> <span class='ocrx_word' id='word_1_246' title='bbox 2541 1843 2638 1895; x_wconf 90' lang='lat' dir='ltr'><strong>pro</strong></span> <span class='ocrx_word' id='word_1_247' title='bbox 2670 1831 2903 1897; x_wconf 85' lang='lat' dir='ltr'><strong>peceatis</strong></span> <span class='ocrx_word' id='word_1_248' title='bbox 2948 1834 3278 1899; x_wconf 67' lang='lat' dir='ltr'><strong>tiuotidianis</strong></span> <span class='ocrx_word' id='word_1_249' title='bbox 3323 1848 3377 1890; x_wconf 87' lang='lat' dir='ltr'><strong>et</strong></span> <span class='ocrx_word' id='word_1_250' title='bbox 3417 1837 3631 1906; x_wconf 81' lang='lat' dir='ltr'><strong>magnis,</strong></span> <span class='ocrx_word' id='word_1_251' title='bbox 3659 1849 3702 1892; x_wconf 78' lang='lat' dir='ltr'><strong>et</strong></span> 
     </span>
    </p>
   </div>
   <div class='ocr_carea' id='block_1_33' title="bbox 450 1917 2040 1987">
    <p class='ocr_par' dir='ltr' id='par_1_33' title="bbox 450 1917 2040 1987">
     <span class='ocr_line' id='line_1_33' title="bbox 450 1917 2040 1987; baseline 0.001 -16"><span class='ocrx_word' id='word_1_252' title='bbox 450 1936 546 1976; x_wconf 84' lang='lat' dir='ltr'><strong>eos</strong></span> <span class='ocrx_word' id='word_1_253' title='bbox 567 1919 922 1980; x_wconf 74' lang='lat' dir='ltr'><strong>sacramentis</strong></span> <span class='ocrx_word' id='word_1_254' title='bbox 950 1921 1094 1982; x_wconf 86' lang='lat' dir='ltr'><strong>suis;</strong></span> <span class='ocrx_word' id='word_1_255' title='bbox 1127 1930 1175 1972; x_wconf 89' lang='lat' dir='ltr'><strong>et</strong></span> <span class='ocrx_word' id='word_1_256' title='bbox 1199 1917 1390 1972; x_wconf 80' lang='lat' dir='ltr'><strong>Judam</strong></span> <span class='ocrx_word' id='word_1_257' title='bbox 1417 1919 1630 1987; x_wconf 82' lang='lat' dir='ltr'><strong>quando</strong></span> <span class='ocrx_word' id='word_1_258' title='bbox 1656 1919 1804 1972; x_wconf 82' lang='lat' dir='ltr'><strong>dedit</strong></span> <span class='ocrx_word' id='word_1_259' title='bbox 1833 1919 2040 1974; x_wconf 63' lang='lat' dir='ltr'><strong>buccelo</strong></span> 
     </span>
    </p>
   </div>
   <div class='ocr_carea' id='block_1_34' title="bbox 447 2010 2036 2084">
    <p class='ocr_par' dir='ltr' id='par_1_34' title="bbox 447 2010 2036 2084">
     <span class='ocr_line' id='line_1_34' title="bbox 447 2010 2036 2084; baseline -0.003 -17"><span class='ocrx_word' id='word_1_260' title='bbox 447 2013 557 2068; x_wconf 77' lang='lat' dir='ltr'><strong>latin</strong></span> <span class='ocrx_word' id='word_1_261' title='bbox 608 2027 674 2066; x_wconf 81' lang='lat' dir='ltr'><strong>ex</strong></span> <span class='ocrx_word' id='word_1_262' title='bbox 715 2012 872 2077; x_wconf 80' lang='lat' dir='ltr'><strong>adipe</strong></span> <span class='ocrx_word' id='word_1_263' title='bbox 913 2012 1162 2064; x_wconf 87' lang='lat' dir='ltr'><strong>frumenti</strong></span> <span class='ocrx_word' id='word_1_264' title='bbox 1197 2010 1414 2084; x_wconf 80' lang='lat' dir='ltr'><strong>cibavit,</strong></span> <span class='ocrx_word' id='word_1_265' title='bbox 1443 2018 1498 2065; x_wconf 90' lang='lat' dir='ltr'><strong>et</strong></span> <span class='ocrx_word' id='word_1_266' title='bbox 1538 2012 1782 2074; x_wconf 78' lang='lat' dir='ltr'><strong>inimicus</strong></span> <span class='ocrx_word' id='word_1_267' title='bbox 1829 2010 2036 2065; x_wconf 86' lang='lat' dir='ltr'><strong>Domini</strong></span> 
     </span>
    </p>
   </div>
   <div class='ocr_carea' id='block_1_35' title="bbox 450 2101 2034 2171">
    <p class='ocr_par' dir='ltr' id='par_1_35' title="bbox 450 2101 2034 2171">
     <span class='ocr_line' id='line_1_35' title="bbox 450 2101 2034 2171; baseline -0.001 -14"><span class='ocrx_word' id='word_1_268' title='bbox 450 2104 705 2161; x_wconf 87' lang='lat' dir='ltr'><strong>mentitus</strong></span> <span class='ocrx_word' id='word_1_269' title='bbox 736 2113 817 2160; x_wconf 80' lang='lat' dir='ltr'><strong>est</strong></span> <span class='ocrx_word' id='word_1_270' title='bbox 864 2103 935 2167; x_wconf 88' lang='lat' dir='ltr'><strong>ei,</strong></span> <span class='ocrx_word' id='word_1_271' title='bbox 987 2112 1040 2155; x_wconf 89' lang='lat' dir='ltr'><strong>et</strong></span> <span class='ocrx_word' id='word_1_272' title='bbox 1080 2101 1186 2155; x_wconf 78' lang='lat' dir='ltr'><strong>erit</strong></span> <span class='ocrx_word' id='word_1_273' title='bbox 1235 2112 1443 2171; x_wconf 82' lang='lat' dir='ltr'><strong>tempus</strong></span> <span class='ocrx_word' id='word_1_274' title='bbox 1483 2104 1600 2168; x_wconf 87' lang='lat' dir='ltr'><strong>ejus</strong></span> <span class='ocrx_word' id='word_1_275' title='bbox 1649 2101 1702 2155; x_wconf 90' lang='lat' dir='ltr'><strong>iii</strong></span> <span class='ocrx_word' id='word_1_276' title='bbox 1752 2109 2034 2156; x_wconf 64' lang='lat' dir='ltr'><strong>aeternum.</strong></span> 
     </span>
    </p>
   </div>
   <div class='ocr_carea' id='block_1_36' title="bbox 453 2193 2037 2267">
    <p class='ocr_par' dir='ltr' id='par_1_36' title="bbox 453 2193 2037 2267">
     <span class='ocr_line' id='line_1_36' title="bbox 453 2193 2037 2267; baseline 0.001 -19"><span class='ocrx_word' id='word_1_277' title='bbox 453 2195 662 2257; x_wconf 60' lang='lat' dir='ltr'><strong>(libavit</strong></span> <span class='ocrx_word' id='word_1_278' title='bbox 696 2196 816 2253; x_wconf 83' lang='lat' dir='ltr'><strong>illos</strong></span> <span class='ocrx_word' id='word_1_279' title='bbox 860 2210 926 2252; x_wconf 77' lang='lat' dir='ltr'><strong>ex</strong></span> <span class='ocrx_word' id='word_1_280' title='bbox 949 2194 1114 2262; x_wconf 78' lang='lat' dir='ltr'><strong>adipe</strong></span> <span class='ocrx_word' id='word_1_281' title='bbox 1155 2195 1432 2267; x_wconf 80' lang='lat' dir='ltr'><strong>frumenti.</strong></span> <span class='ocrx_word' id='word_1_282' title='bbox 1463 2193 1508 2249; x_wconf 89' lang='lat'>0</span> <span class='ocrx_word' id='word_1_283' title='bbox 1538 2195 1805 2266; x_wconf 69' lang='lat' dir='ltr'><strong>ingratas!</strong></span> <span class='ocrx_word' id='word_1_284' title='bbox 1841 2195 2037 2251; x_wconf 89' lang='lat' dir='ltr'><strong>cibavit</strong></span> 
     </span>
    </p>
   </div>
   <div class='ocr_carea' id='block_1_37' title="bbox 446 2287 2033 2357">
    <p class='ocr_par' dir='ltr' id='par_1_37' title="bbox 446 2287 2033 2357">
     <span class='ocr_line' id='line_1_37' title="bbox 446 2287 2033 2357; baseline 0.001 -15"><span class='ocrx_word' id='word_1_285' title='bbox 446 2303 511 2342; x_wconf 67' lang='grc' dir='ltr'>οι</span> <span class='ocrx_word' id='word_1_286' title='bbox 537 2289 695 2357; x_wconf 86' lang='lat' dir='ltr'><strong>adipe</strong></span> <span class='ocrx_word' id='word_1_287' title='bbox 727 2288 997 2351; x_wconf 73' lang='lat' dir='ltr'><strong>frumenti,</strong></span> <span class='ocrx_word' id='word_1_288' title='bbox 1034 2297 1087 2342; x_wconf 88' lang='lat' dir='ltr'><strong>et</strong></span> <span class='ocrx_word' id='word_1_289' title='bbox 1119 2287 1186 2352; x_wconf 87' lang='lat' dir='ltr'><strong>de</strong></span> <span class='ocrx_word' id='word_1_290' title='bbox 1213 2298 1361 2357; x_wconf 84' lang='lat' dir='ltr'><strong>petra</strong></span> <span class='ocrx_word' id='word_1_291' title='bbox 1407 2289 1567 2348; x_wconf 84' lang='lat' dir='ltr'><strong>melle</strong></span> <span class='ocrx_word' id='word_1_292' title='bbox 1595 2290 1853 2352; x_wconf 81' lang='lat' dir='ltr'><strong>saturavit</strong></span> <span class='ocrx_word' id='word_1_293' title='bbox 1899 2306 1990 2344; x_wconf 88' lang='lat' dir='ltr'><strong>eos</strong></span> <span class='ocrx_word' id='word_1_294' title='bbox 2020 2308 2033 2343; x_wconf 74' lang='grc' dir='ltr'>ε</span> 
     </span>
    </p>
   </div>
   <div class='ocr_carea' id='block_1_38' title="bbox 448 2377 2036 2447">
    <p class='ocr_par' dir='ltr' id='par_1_38' title="bbox 448 2377 2036 2447">
     <span class='ocr_line' id='line_1_38' title="bbox 448 2377 2036 2447; baseline 0.004 -17"><span class='ocrx_word' id='word_1_295' title='bbox 448 2381 503 2432; x_wconf 83' lang='lat' dir='ltr'><strong>in</strong></span> <span class='ocrx_word' id='word_1_296' title='bbox 529 2393 717 2433; x_wconf 80' lang='lat' dir='ltr'><strong>eremo</strong></span> <span class='ocrx_word' id='word_1_297' title='bbox 743 2392 937 2444; x_wconf 79' lang='lat' dir='ltr'><strong>aquarii</strong></span> <span class='ocrx_word' id='word_1_298' title='bbox 970 2378 1036 2438; x_wconf 74' lang='lat' dir='ltr'><strong>de</strong></span> <span class='ocrx_word' id='word_1_299' title='bbox 1077 2383 1226 2447; x_wconf 89' lang='lat' dir='ltr'><strong>petra</strong></span> <span class='ocrx_word' id='word_1_300' title='bbox 1271 2377 1546 2443; x_wconf 71' lang='lat' dir='ltr'><strong>traduxit,</strong></span> <span class='ocrx_word' id='word_1_301' title='bbox 1595 2395 1699 2434; x_wconf 84' lang='lat' dir='ltr'><strong>lion</strong></span> <span class='ocrx_word' id='word_1_302' title='bbox 1753 2381 1878 2434; x_wconf 84' lang='lat' dir='ltr'><strong>mel.</strong></span> <span class='ocrx_word' id='word_1_303' title='bbox 1935 2382 2036 2436; x_wconf 75' lang='lat' dir='ltr'><strong>Mel</strong></span> 
     </span>
    </p>
   </div>
   <div class='ocr_carea' id='block_1_39' title="bbox 451 2468 2037 2536">
    <p class='ocr_par' dir='ltr' id='par_1_39' title="bbox 451 2468 2037 2536">
     <span class='ocr_line' id='line_1_39' title="bbox 451 2468 2037 2536; baseline 0.001 -14"><span class='ocrx_word' id='word_1_304' title='bbox 451 2469 711 2536; x_wconf 78' lang='lat' dir='ltr'><strong>sapientia</strong></span> <span class='ocrx_word' id='word_1_305' title='bbox 740 2477 843 2534; x_wconf 76' lang='lat' dir='ltr'><strong>est,</strong></span> <span class='ocrx_word' id='word_1_306' title='bbox 873 2469 1157 2535; x_wconf 71' lang='lat' dir='ltr'><strong>primatum</strong></span> <span class='ocrx_word' id='word_1_307' title='bbox 1185 2468 1422 2534; x_wconf 82' lang='lat' dir='ltr'><strong>dulcoris</strong></span> <span class='ocrx_word' id='word_1_308' title='bbox 1450 2478 1639 2528; x_wconf 82' lang='lat' dir='ltr'><strong>tenens</strong></span> <span class='ocrx_word' id='word_1_309' title='bbox 1666 2470 1720 2523; x_wconf 92' lang='lat' dir='ltr'><strong>in</strong></span> <span class='ocrx_word' id='word_1_310' title='bbox 1751 2473 1889 2526; x_wconf 75' lang='lat' dir='ltr'><strong>eSt-is</strong></span> <span class='ocrx_word' id='word_1_311' title='bbox 1912 2488 2037 2528; x_wconf 88' lang='lat' dir='ltr'><strong>cor-</strong></span> 
     </span>
    </p>
   </div>
   <div class='ocr_carea' id='block_1_40' title="bbox 451 2551 2040 2631">
    <p class='ocr_par' dir='ltr' id='par_1_40' title="bbox 451 2551 2040 2631">
     <span class='ocr_line' id='line_1_40' title="bbox 451 2551 2040 2631; baseline 0.001 -16"><span class='ocrx_word' id='word_1_312' title='bbox 451 2561 558 2615; x_wconf 76' lang='lat' dir='ltr'><strong>dis.</strong></span> <span class='ocrx_word' id='word_1_313' title='bbox 587 2562 756 2629; x_wconf 84' lang='lat' dir='ltr'><strong>Quam</strong></span> <span class='ocrx_word' id='word_1_314' title='bbox 779 2575 910 2631; x_wconf 83' lang='lat' dir='ltr'><strong>ergo</strong></span> <span class='ocrx_word' id='word_1_315' title='bbox 935 2561 1090 2627; x_wconf 84' lang='lat' dir='ltr'><strong>multi</strong></span> <span class='ocrx_word' id='word_1_316' title='bbox 1125 2560 1326 2614; x_wconf 90' lang='lat' dir='ltr'><strong>inimici</strong></span> <span class='ocrx_word' id='word_1_317' title='bbox 1357 2561 1565 2619; x_wconf 87' lang='lat' dir='ltr'><strong>Domini</strong></span> <span class='ocrx_word' id='word_1_318' title='bbox 1592 2551 1910 2618; x_wconf 75' lang='lat' dir='ltr'><strong>mentientes</strong></span> <span class='ocrx_word' id='word_1_319' title='bbox 1940 2566 2040 2620; x_wconf 87' lang='lat' dir='ltr'><strong>Do-</strong></span> 
     </span>
    </p>
   </div>
   <div class='ocr_carea' id='block_1_41' title="bbox 454 2641 2039 2720">
    <p class='ocr_par' dir='ltr' id='par_1_41' title="bbox 454 2641 2039 2720">
     <span class='ocr_line' id='line_1_41' title="bbox 454 2641 2039 2720; baseline 0.006 -15"><span class='ocrx_word' id='word_1_320' title='bbox 454 2653 600 2706; x_wconf 86' lang='lat' dir='ltr'><strong>mino</strong></span> <span class='ocrx_word' id='word_1_321' title='bbox 627 2652 894 2717; x_wconf 77' lang='lat' dir='ltr'><strong>cibantur,</strong></span> <span class='ocrx_word' id='word_1_322' title='bbox 928 2667 1034 2709; x_wconf 84' lang='lat' dir='ltr'><strong>non</strong></span> <span class='ocrx_word' id='word_1_323' title='bbox 1078 2653 1250 2708; x_wconf 87' lang='lat' dir='ltr'><strong>solum</strong></span> <span class='ocrx_word' id='word_1_324' title='bbox 1303 2667 1369 2706; x_wconf 74' lang='lat' dir='ltr'><strong>ex</strong></span> <span class='ocrx_word' id='word_1_325' title='bbox 1411 2641 1568 2720; x_wconf 87' lang='lat' dir='ltr'><strong>adipe</strong></span> <span class='ocrx_word' id='word_1_326' title='bbox 1617 2653 1887 2720; x_wconf 79' lang='lat' dir='ltr'><strong>frumenti,</strong></span> <span class='ocrx_word' id='word_1_327' title='bbox 1944 2658 2039 2714; x_wconf 81' lang='lat' dir='ltr'><strong>sed</strong></span> 
     </span>
    </p>
   </div>
   <div class='ocr_carea' id='block_1_42' title="bbox 453 2741 2038 2818">
    <p class='ocr_par' dir='ltr' id='par_1_42' title="bbox 453 2741 2038 2818">
     <span class='ocr_line' id='line_1_42' title="bbox 453 2741 2038 2818; baseline 0.004 -20"><span class='ocrx_word' id='word_1_328' title='bbox 453 2743 616 2798; x_wconf 75' lang='lat' dir='ltr'><strong>etiam</strong></span> <span class='ocrx_word' id='word_1_329' title='bbox 661 2743 728 2797; x_wconf 85' lang='lat' dir='ltr'><strong>de</strong></span> <span class='ocrx_word' id='word_1_330' title='bbox 785 2753 931 2812; x_wconf 82' lang='lat' dir='ltr'><strong>petra</strong></span> <span class='ocrx_word' id='word_1_331' title='bbox 963 2743 1142 2808; x_wconf 86' lang='lat' dir='ltr'><strong>melle,</strong></span> <span class='ocrx_word' id='word_1_332' title='bbox 1192 2741 1260 2800; x_wconf 86' lang='lat' dir='ltr'><strong>de</strong></span> <span class='ocrx_word' id='word_1_333' title='bbox 1305 2744 1568 2812; x_wconf 80' lang='lat' dir='ltr'><strong>sapientia</strong></span> <span class='ocrx_word' id='word_1_334' title='bbox 1599 2745 1831 2801; x_wconf 85' lang='lat' dir='ltr'><strong>Christi!</strong></span> <span class='ocrx_word' id='word_1_335' title='bbox 1879 2763 2038 2818; x_wconf 85' lang='lat' dir='ltr'><strong>quam</strong></span> 
     </span>
    </p>
   </div>
   <div class='ocr_carea' id='block_1_43' title="bbox 454 2834 2037 2905">
    <p class='ocr_par' dir='ltr' id='par_1_43' title="bbox 454 2834 2037 2905">
     <span class='ocr_line' id='line_1_43' title="bbox 454 2834 2037 2905; baseline 0.003 -18"><span class='ocrx_word' id='word_1_336' title='bbox 454 2834 609 2888; x_wconf 87' lang='lat' dir='ltr'><strong>inulti</strong></span> <span class='ocrx_word' id='word_1_337' title='bbox 633 2834 974 2894; x_wconf 81' lang='lat' dir='ltr'><strong>delectantur</strong></span> <span class='ocrx_word' id='word_1_338' title='bbox 1021 2834 1186 2887; x_wconf 88' lang='lat' dir='ltr'><strong>verbo</strong></span> <span class='ocrx_word' id='word_1_339' title='bbox 1217 2835 1356 2902; x_wconf 70' lang='lat' dir='ltr'><strong>eius,</strong></span> <span class='ocrx_word' id='word_1_340' title='bbox 1404 2843 1459 2888; x_wconf 84' lang='lat' dir='ltr'><strong>et</strong></span> <span class='ocrx_word' id='word_1_341' title='bbox 1509 2835 1809 2905; x_wconf 78' lang='lat' dir='ltr'><strong>cognitione</strong></span> <span class='ocrx_word' id='word_1_342' title='bbox 1857 2852 2037 2891; x_wconf 79' lang='lat' dir='ltr'><strong>sarta-</strong></span> 
     </span>
    </p>
   </div>
   <div class='ocr_carea' id='block_1_44' title="bbox 451 2927 2037 2999">
    <p class='ocr_par' dir='ltr' id='par_1_44' title="bbox 451 2927 2037 2999">
     <span class='ocr_line' id='line_1_44' title="bbox 451 2927 2037 2999; baseline 0.003 -17"><span class='ocrx_word' id='word_1_343' title='bbox 451 2937 756 2983; x_wconf 77' lang='lat' dir='ltr'><strong>nieutorutn</strong></span> <span class='ocrx_word' id='word_1_344' title='bbox 785 2927 924 2997; x_wconf 86' lang='lat' dir='ltr'><strong>ejus,</strong></span> <span class='ocrx_word' id='word_1_345' title='bbox 949 2928 1216 2986; x_wconf 84' lang='lat' dir='ltr'><strong>solutione</strong></span> <span class='ocrx_word' id='word_1_346' title='bbox 1258 2927 1631 2994; x_wconf 77' lang='lat' dir='ltr'><strong>parabolarum</strong></span> <span class='ocrx_word' id='word_1_347' title='bbox 1683 2929 1830 2998; x_wconf 85' lang='lat' dir='ltr'><strong>ejus!</strong></span> <span class='ocrx_word' id='word_1_348' title='bbox 1878 2949 2037 2999; x_wconf 74' lang='lat' dir='ltr'><strong>quam</strong></span> 
     </span>
    </p>
   </div>
   <div class='ocr_carea' id='block_1_45' title="bbox 450 3017 2042 3087">
    <p class='ocr_par' dir='ltr' id='par_1_45' title="bbox 450 3017 2042 3087">
     <span class='ocr_line' id='line_1_45' title="bbox 450 3017 2042 3087; baseline 0.003 -14"><span class='ocrx_word' id='word_1_349' title='bbox 450 3018 603 3081; x_wconf 79' lang='lat' dir='ltr'><strong>inulti</strong></span> <span class='ocrx_word' id='word_1_350' title='bbox 632 3018 1000 3077; x_wconf 85' lang='lat' dir='ltr'><strong>delectantur!</strong></span> <span class='ocrx_word' id='word_1_351' title='bbox 1029 3033 1190 3087; x_wconf 85' lang='lat' dir='ltr'><strong>quam</strong></span> <span class='ocrx_word' id='word_1_352' title='bbox 1234 3017 1384 3072; x_wconf 89' lang='lat' dir='ltr'><strong>multi</strong></span> <span class='ocrx_word' id='word_1_353' title='bbox 1423 3020 1692 3074; x_wconf 83' lang='lat' dir='ltr'><strong>clamant!</strong></span> <span class='ocrx_word' id='word_1_354' title='bbox 1728 3021 1793 3075; x_wconf 84' lang='lat' dir='ltr'><strong>Et</strong></span> <span class='ocrx_word' id='word_1_355' title='bbox 1821 3037 1925 3076; x_wconf 91' lang='lat' dir='ltr'><strong>non</strong></span> <span class='ocrx_word' id='word_1_356' title='bbox 1958 3032 2042 3083; x_wconf 83' lang='lat' dir='ltr'><strong>est</strong></span> 
     </span>
    </p>
   </div>
   <div class='ocr_carea' id='block_1_46' title="bbox 450 3110 2038 3182">
    <p class='ocr_par' dir='ltr' id='par_1_46' title="bbox 450 3110 2038 3182">
     <span class='ocr_line' id='line_1_46' title="bbox 450 3110 2038 3182; baseline 0.002 -16"><span class='ocrx_word' id='word_1_357' title='bbox 450 3113 553 3174; x_wconf 87' lang='lat' dir='ltr'><strong>hoc</strong></span> <span class='ocrx_word' id='word_1_358' title='bbox 583 3112 690 3174; x_wconf 78' lang='lat' dir='ltr'><strong>inet</strong></span> <span class='ocrx_word' id='word_1_359' title='bbox 717 3110 784 3176; x_wconf 82' lang='lat' dir='ltr'><strong>de</strong></span> <span class='ocrx_word' id='word_1_360' title='bbox 813 3111 1054 3180; x_wconf 81' lang='lat' dir='ltr'><strong>quolibet</strong></span> <span class='ocrx_word' id='word_1_361' title='bbox 1079 3111 1314 3178; x_wconf 74' lang='lat' dir='ltr'><strong>homine,</strong></span> <span class='ocrx_word' id='word_1_362' title='bbox 1349 3113 1442 3168; x_wconf 86' lang='lat' dir='ltr'><strong>sed</strong></span> <span class='ocrx_word' id='word_1_363' title='bbox 1473 3112 1541 3167; x_wconf 90' lang='lat' dir='ltr'><strong>de</strong></span> <span class='ocrx_word' id='word_1_364' title='bbox 1569 3124 1740 3181; x_wconf 85' lang='lat' dir='ltr'><strong>petra,</strong></span> <span class='ocrx_word' id='word_1_365' title='bbox 1772 3129 1919 3182; x_wconf 83' lang='lat' dir='ltr'><strong>petra</strong></span> <span class='ocrx_word' id='word_1_366' title='bbox 1943 3132 2038 3169; x_wconf 89' lang='lat' dir='ltr'><strong>au-</strong></span> 
     </span>
    </p>
   </div>
   <div class='ocr_carea' id='block_1_47' title="bbox 451 3184 2106 3275">
    <p class='ocr_par' dir='ltr' id='par_1_47' title="bbox 451 3184 2106 3275">
     <span class='ocr_line' id='line_1_47' title="bbox 451 3184 2106 3275; baseline 0.004 -20"><span class='ocrx_word' id='word_1_367' title='bbox 451 3209 556 3257; x_wconf 86' lang='lat' dir='ltr'><strong>tem</strong></span> <span class='ocrx_word' id='word_1_368' title='bbox 605 3211 722 3267; x_wconf 83' lang='lat' dir='ltr'><strong>erat</strong></span> <span class='ocrx_word' id='word_1_369' title='bbox 756 3200 1023 3259; x_wconf 80' lang='lat' dir='ltr'><strong>Christus.</strong></span> <span class='ocrx_word' id='word_1_370' title='bbox 1074 3202 1244 3269; x_wconf 80' lang='lat' dir='ltr'><strong>Quam</strong></span> <span class='ocrx_word' id='word_1_371' title='bbox 1291 3199 1442 3256; x_wconf 91' lang='lat' dir='ltr'><strong>multi</strong></span> <span class='ocrx_word' id='word_1_372' title='bbox 1483 3218 1611 3275; x_wconf 84' lang='lat' dir='ltr'><strong>ergo</strong></span> <span class='ocrx_word' id='word_1_373' title='bbox 1657 3206 1921 3262; x_wconf 79' lang='lat' dir='ltr'><strong>satiantur</strong></span> <span class='ocrx_word' id='word_1_374' title='bbox 1967 3184 2106 3262; x_wconf 80' lang='lat' dir='ltr'><strong>deC</strong></span> 
     </span>
    </p>
   </div>
   <div class='ocr_carea' id='block_1_48' title="bbox 456 3291 2033 3357">
    <p class='ocr_par' dir='ltr' id='par_1_48' title="bbox 456 3291 2033 3357">
     <span class='ocr_line' id='line_1_48' title="bbox 456 3291 2033 3357; baseline 0.003 -13"><span class='ocrx_word' id='word_1_375' title='bbox 456 3292 615 3345; x_wconf 82' lang='lat' dir='ltr'><strong>melle</strong></span> <span class='ocrx_word' id='word_1_376' title='bbox 656 3291 794 3345; x_wconf 86' lang='lat' dir='ltr'><strong>isto!</strong></span> <span class='ocrx_word' id='word_1_377' title='bbox 834 3293 1101 3357; x_wconf 73' lang='lat' dir='ltr'><strong>claritatit,</strong></span> <span class='ocrx_word' id='word_1_378' title='bbox 1135 3291 1320 3345; x_wconf 89' lang='lat' dir='ltr'><strong>dicunt</strong></span> <span class='ocrx_word' id='word_1_379' title='bbox 1357 3308 1371 3345; x_wconf 91' lang='lat'><strong>:</strong></span> <span class='ocrx_word' id='word_1_380' title='bbox 1421 3292 1598 3348; x_wconf 85' lang='lat' dir='ltr'><strong>Suave</strong></span> <span class='ocrx_word' id='word_1_381' title='bbox 1647 3302 1749 3350; x_wconf 77' lang='lat' dir='ltr'><strong>est.</strong></span> <span class='ocrx_word' id='word_1_382' title='bbox 1805 3296 2033 3351; x_wconf 86' lang='lat' dir='ltr'><strong>Dicunt:</strong></span> 
     </span>
    </p>
   </div>
   <div class='ocr_carea' id='block_1_49' title="bbox 452 3381 2041 3454">
    <p class='ocr_par' dir='ltr' id='par_1_49' title="bbox 452 3381 2041 3454">
     <span class='ocr_line' id='line_1_49' title="bbox 452 3381 2041 3454; baseline 0.007 -18"><span class='ocrx_word' id='word_1_383' title='bbox 452 3382 590 3436; x_wconf 68' lang='lat' dir='ltr'><strong>Nltil</strong></span> <span class='ocrx_word' id='word_1_384' title='bbox 615 3382 827 3448; x_wconf 76' lang='lat' dir='ltr'><strong>melius,</strong></span> <span class='ocrx_word' id='word_1_385' title='bbox 857 3381 990 3436; x_wconf 87' lang='lat' dir='ltr'><strong>nihil</strong></span> <span class='ocrx_word' id='word_1_386' title='bbox 1019 3382 1231 3442; x_wconf 85' lang='lat' dir='ltr'><strong>dulcius</strong></span> <span class='ocrx_word' id='word_1_387' title='bbox 1261 3383 1488 3454; x_wconf 80' lang='lat' dir='ltr'><strong>intelligi</strong></span> <span class='ocrx_word' id='word_1_388' title='bbox 1520 3385 1600 3438; x_wconf 83' lang='lat' dir='ltr'><strong>vel</strong></span> <span class='ocrx_word' id='word_1_389' title='bbox 1626 3385 1732 3439; x_wconf 91' lang='lat' dir='ltr'><strong>dici</strong></span> <span class='ocrx_word' id='word_1_390' title='bbox 1759 3391 1960 3454; x_wconf 76' lang='lat' dir='ltr'><strong>potuit:</strong></span> <span class='ocrx_word' id='word_1_391' title='bbox 1985 3397 2041 3448; x_wconf 87' lang='lat' dir='ltr'><strong>et</strong></span> 
     </span>
    </p>
   </div>
   <div class='ocr_carea' id='block_1_50' title="bbox 451 3475 2039 3546">
    <p class='ocr_par' dir='ltr' id='par_1_50' title="bbox 451 3475 2039 3546">
     <span class='ocr_line' id='line_1_50' title="bbox 451 3475 2039 3546; baseline 0.004 -18"><span class='ocrx_word' id='word_1_392' title='bbox 451 3485 631 3539; x_wconf 62' lang='lat' dir='ltr'><strong>tmperi</strong></span> <span class='ocrx_word' id='word_1_393' title='bbox 665 3476 866 3536; x_wconf 83' lang='lat' dir='ltr'><strong>inimici</strong></span> <span class='ocrx_word' id='word_1_394' title='bbox 893 3475 1098 3536; x_wconf 85' lang='lat' dir='ltr'><strong>Domini</strong></span> <span class='ocrx_word' id='word_1_395' title='bbox 1124 3477 1332 3536; x_wconf 87' lang='lat' dir='ltr'><strong>mentiti</strong></span> <span class='ocrx_word' id='word_1_396' title='bbox 1362 3487 1488 3532; x_wconf 89' lang='lat' dir='ltr'><strong>sunt</strong></span> <span class='ocrx_word' id='word_1_397' title='bbox 1516 3479 1590 3533; x_wconf 88' lang='lat' dir='ltr'><strong>ei.</strong></span> <span class='ocrx_word' id='word_1_398' title='bbox 1638 3479 1772 3533; x_wconf 71' lang='lat' dir='ltr'><strong>Nolo</strong></span> <span class='ocrx_word' id='word_1_399' title='bbox 1810 3481 2039 3546; x_wconf 74' lang='lat' dir='ltr'><strong>amplius</strong></span> 
     </span>
    </p>
   </div>
   <div class='ocr_carea' id='block_1_51' title="bbox 453 3549 2042 3640">
    <p class='ocr_par' dir='ltr' id='par_1_51' title="bbox 453 3549 2042 3640">
     <span class='ocr_line' id='line_1_51' title="bbox 453 3549 2042 3640; baseline 0.002 -17"><span class='ocrx_word' id='word_1_400' title='bbox 453 3569 728 3630; x_wconf 77' lang='lat' dir='ltr'><strong>immorari</strong></span> <span class='ocrx_word' id='word_1_401' title='bbox 773 3569 825 3623; x_wconf 88' lang='lat' dir='ltr'><strong>in</strong></span> <span class='ocrx_word' id='word_1_402' title='bbox 857 3573 1016 3622; x_wconf 87' lang='lat' dir='ltr'><strong>rebus</strong></span> <span class='ocrx_word' id='word_1_403' title='bbox 1063 3569 1307 3624; x_wconf 81' lang='lat' dir='ltr'><strong>defendis</strong></span> <span class='ocrx_word' id='word_1_404' title='bbox 1342 3587 1354 3621; x_wconf 92' lang='lat'>:</span> <span class='ocrx_word' id='word_1_405' title='bbox 1386 3585 1693 3640; x_wconf 88' lang='lat' dir='ltr'><strong>quanquam</strong></span> <span class='ocrx_word' id='word_1_406' title='bbox 1733 3549 2042 3630; x_wconf 60' lang='lat' dir='ltr'><strong>terribiliter</strong></span> 
     </span>
    </p>
   </div>
   <div class='ocr_carea' id='block_1_52' title="bbox 459 3660 2041 3730">
    <p class='ocr_par' dir='ltr' id='par_1_52' title="bbox 459 3660 2041 3730">
     <span class='ocr_line' id='line_1_52' title="bbox 459 3660 2041 3730; baseline 0.003 -16"><span class='ocrx_word' id='word_1_407' title='bbox 459 3660 777 3728; x_wconf 81' lang='lat' dir='ltr'><strong>psahnnsad</strong></span> <span class='ocrx_word' id='word_1_408' title='bbox 794 3662 895 3716; x_wconf 88' lang='lat' dir='ltr'><strong>hoc</strong></span> <span class='ocrx_word' id='word_1_409' title='bbox 910 3661 1089 3714; x_wconf 80' lang='lat' dir='ltr'><strong>finitus</strong></span> <span class='ocrx_word' id='word_1_410' title='bbox 1106 3663 1196 3725; x_wconf 75' lang='lat' dir='ltr'><strong>sit,</strong></span> <span class='ocrx_word' id='word_1_411' title='bbox 1216 3671 1391 3714; x_wconf 87' lang='lat' dir='ltr'><strong>tamen</strong></span> <span class='ocrx_word' id='word_1_412' title='bbox 1409 3677 1436 3714; x_wconf 89' lang='lat' dir='ltr'><strong>a</strong></span> <span class='ocrx_word' id='word_1_413' title='bbox 1462 3665 1567 3716; x_wconf 84' lang='lat' dir='ltr'><strong>line</strong></span> <span class='ocrx_word' id='word_1_414' title='bbox 1581 3667 1697 3730; x_wconf 85' lang='lat' dir='ltr'><strong>ejus</strong></span> <span class='ocrx_word' id='word_1_415' title='bbox 1711 3666 1934 3718; x_wconf 80' lang='lat' dir='ltr'><strong>obsecro</strong></span> <span class='ocrx_word' id='word_1_416' title='bbox 1949 3683 2041 3722; x_wconf 87' lang='lat' dir='ltr'><strong>vos</strong></span> 
     </span>
    </p>
   </div>
   <div class='ocr_carea' id='block_1_53' title="bbox 465 3750 2036 3824">
    <p class='ocr_par' dir='ltr' id='par_1_53' title="bbox 465 3750 2036 3824">
     <span class='ocr_line' id='line_1_53' title="bbox 465 3750 2036 3824; baseline 0.004 -21"><span class='ocrx_word' id='word_1_417' title='bbox 465 3765 805 3812; x_wconf 78' lang='lat' dir='ltr'><strong>recurramus</strong></span> <span class='ocrx_word' id='word_1_418' title='bbox 827 3751 893 3816; x_wconf 77' lang='lat' dir='ltr'><strong>ad</strong></span> <span class='ocrx_word' id='word_1_419' title='bbox 919 3761 1077 3819; x_wconf 67' lang='lat' dir='ltr'><strong>eaput</strong></span> <span class='ocrx_word' id='word_1_420' title='bbox 1106 3768 1116 3802; x_wconf 91' lang='lat'>:</span> <span class='ocrx_word' id='word_1_421' title='bbox 1145 3750 1425 3817; x_wconf 76' lang='lat' dir='ltr'><strong>Exsoltate</strong></span> <span class='ocrx_word' id='word_1_422' title='bbox 1450 3752 1560 3806; x_wconf 87' lang='lat' dir='ltr'><strong>Deo</strong></span> <span class='ocrx_word' id='word_1_423' title='bbox 1582 3753 1813 3822; x_wconf 89' lang='lat' dir='ltr'><strong>adjutori</strong></span> <span class='ocrx_word' id='word_1_424' title='bbox 1831 3767 2036 3824; x_wconf 83' lang='lat' dir='ltr'><strong>nostro.</strong></span> 
     </span>
    </p>
   </div>
   <div class='ocr_carea' id='block_1_54' title="bbox 1057 3863 1427 3920">
    <p class='ocr_par' dir='ltr' id='par_1_54' title="bbox 1057 3863 1427 3920">
     <span class='ocr_line' id='line_1_54' title="bbox 1057 3863 1427 3920; baseline -0.003 -3"><span class='ocrx_word' id='word_1_425' title='bbox 1057 3863 1285 3918; x_wconf 76' lang='lat' dir='ltr'><strong>CAPUT</strong></span> <span class='ocrx_word' id='word_1_426' title='bbox 1324 3865 1427 3920; x_wconf 81' lang='lat' dir='ltr'><strong>CL.</strong></span> 
     </span>
    </p>
   </div>
   <div class='ocr_carea' id='block_1_55' title="bbox 458 3976 2042 4052">
    <p class='ocr_par' dir='ltr' id='par_1_55' title="bbox 458 3976 2042 4052">
     <span class='ocr_line' id='line_1_55' title="bbox 458 3976 2042 4052; baseline 0.002 -20"><span class='ocrx_word' id='word_1_427' title='bbox 458 3976 647 4032; x_wconf 69' lang='lat' dir='ltr'><strong>Contra</strong></span> <span class='ocrx_word' id='word_1_428' title='bbox 677 3993 852 4030; x_wconf 81' lang='lat' dir='ltr'><strong>eorum</strong></span> <span class='ocrx_word' id='word_1_429' title='bbox 872 3977 1251 4052; x_wconf 67' lang='lat' dir='ltr'><strong>persuasionem</strong></span> <span class='ocrx_word' id='word_1_430' title='bbox 1283 3979 1368 4042; x_wconf 83' lang='lat' dir='ltr'><strong>qui</strong></span> <span class='ocrx_word' id='word_1_431' title='bbox 1397 3988 1580 4047; x_wconf 80' lang='lat' dir='ltr'><strong>putant</strong></span> <span class='ocrx_word' id='word_1_432' title='bbox 1607 3981 1705 4033; x_wconf 78' lang='lat' dir='ltr'><strong>sibi</strong></span> <span class='ocrx_word' id='word_1_433' title='bbox 1742 3998 1844 4034; x_wconf 84' lang='lat' dir='ltr'><strong>non</strong></span> <span class='ocrx_word' id='word_1_434' title='bbox 1894 3985 2042 4052; x_wconf 78' lang='lat' dir='ltr'><strong>obfu-</strong></span> 
     </span>
    </p>
   </div>
   <div class='ocr_carea' id='block_1_56' title="bbox 528 4050 2039 4120">
    <p class='ocr_par' dir='ltr' id='par_1_56' title="bbox 528 4050 2039 4120">
     <span class='ocr_line' id='line_1_56' title="bbox 528 4050 2039 4120; baseline 0.004 -21"><span class='ocrx_word' id='word_1_435' title='bbox 528 4059 643 4100; x_wconf 70' lang='lat' dir='ltr'><strong>tura</strong></span> <span class='ocrx_word' id='word_1_436' title='bbox 673 4061 900 4115; x_wconf 76' lang='lat' dir='ltr'><strong>peccata,</strong></span> <span class='ocrx_word' id='word_1_437' title='bbox 950 4050 1001 4101; x_wconf 73' lang='lat' dir='ltr'><strong>in</strong></span> <span class='ocrx_word' id='word_1_438' title='bbox 1030 4050 1208 4115; x_wconf 77' lang='lat' dir='ltr'><strong>quibus</strong></span> <span class='ocrx_word' id='word_1_439' title='bbox 1248 4066 1364 4101; x_wconf 76' lang='lat' dir='ltr'><strong>cum</strong></span> <span class='ocrx_word' id='word_1_440' title='bbox 1415 4055 1764 4119; x_wconf 68' lang='grc' dir='ltr'><strong>ειεεηιοιῃιιαε</strong></span> <span class='ocrx_word' id='word_1_441' title='bbox 1812 4050 2039 4120; x_wconf 75' lang='lat' dir='ltr'><strong>[acerem</strong></span> 
     </span>
    </p>
   </div>
   <div class='ocr_carea' id='block_1_57' title="bbox 528 4120 1458 4183">
    <p class='ocr_par' dir='ltr' id='par_1_57' title="bbox 528 4120 1458 4183">
     <span class='ocr_line' id='line_1_57' title="bbox 528 4120 1458 4183; baseline 0.002 -13"><span class='ocrx_word' id='word_1_442' title='bbox 528 4129 885 4183; x_wconf 57' lang='lat' dir='ltr'><strong>perstiterunt;</strong></span> <span class='ocrx_word' id='word_1_443' title='bbox 907 4135 969 4171; x_wconf 74' lang='lat' dir='ltr'><strong>ex</strong></span> <span class='ocrx_word' id='word_1_444' title='bbox 993 4121 1167 4180; x_wconf 80' lang='lat' dir='ltr'><strong>eodem</strong></span> <span class='ocrx_word' id='word_1_445' title='bbox 1188 4120 1318 4172; x_wconf 80' lang='lat' dir='ltr'><strong>libro</strong></span> <span class='ocrx_word' id='word_1_446' title='bbox 1347 4135 1458 4173; x_wconf 73' lang='lat' dir='ltr'><strong>xu.</strong></span> 
     </span>
    </p>
   </div>
   <div class='ocr_carea' id='block_1_58' title="bbox 533 4211 2041 4286">
    <p class='ocr_par' dir='ltr' id='par_1_58' title="bbox 533 4211 2041 4286">
     <span class='ocr_line' id='line_1_58' title="bbox 533 4211 2041 4286; baseline 0.004 -20"><span class='ocrx_word' id='word_1_447' title='bbox 533 4211 716 4266; x_wconf 84' lang='lat' dir='ltr'><strong>ltestat</strong></span> <span class='ocrx_word' id='word_1_448' title='bbox 744 4213 823 4266; x_wconf 87' lang='lat' dir='ltr'><strong>eis</strong></span> <span class='ocrx_word' id='word_1_449' title='bbox 854 4212 1188 4280; x_wconf 87' lang='lat' dir='ltr'><strong>respondere</strong></span> <span class='ocrx_word' id='word_1_450' title='bbox 1209 4213 1297 4280; x_wconf 81' lang='lat' dir='ltr'><strong>qui</strong></span> <span class='ocrx_word' id='word_1_451' title='bbox 1330 4211 1514 4267; x_wconf 89' lang='lat' dir='ltr'><strong>dicunt</strong></span> <span class='ocrx_word' id='word_1_452' title='bbox 1542 4223 1750 4270; x_wconf 66' lang='lat' dir='ltr'><strong>aeterno</strong></span> <span class='ocrx_word' id='word_1_453' title='bbox 1774 4214 1894 4286; x_wconf 87' lang='lat' dir='ltr'><strong>igne</strong></span> <span class='ocrx_word' id='word_1_454' title='bbox 1922 4219 2041 4272; x_wconf 90' lang='lat' dir='ltr'><strong>illos</strong></span> 
     </span>
    </p>
   </div>
   <div class='ocr_carea' id='block_1_59' title="bbox 460 4302 2040 4375">
    <p class='ocr_par' dir='ltr' id='par_1_59' title="bbox 460 4302 2040 4375">
     <span class='ocr_line' id='line_1_59' title="bbox 460 4302 2040 4375; baseline 0.006 -21"><span class='ocrx_word' id='word_1_455' title='bbox 460 4303 829 4356; x_wconf 80' lang='lat' dir='ltr'><strong>tantummodo</strong></span> <span class='ocrx_word' id='word_1_456' title='bbox 857 4315 1076 4354; x_wconf 87' lang='lat' dir='ltr'><strong>arsuros</strong></span> <span class='ocrx_word' id='word_1_457' title='bbox 1101 4303 1189 4369; x_wconf 85' lang='lat' dir='ltr'><strong>qui</strong></span> <span class='ocrx_word' id='word_1_458' title='bbox 1215 4302 1282 4358; x_wconf 91' lang='lat' dir='ltr'><strong>de</strong></span> <span class='ocrx_word' id='word_1_459' title='bbox 1305 4302 1448 4375; x_wconf 82' lang='lat' dir='ltr'><strong>[pro]</strong></span> <span class='ocrx_word' id='word_1_460' title='bbox 1473 4306 1704 4373; x_wconf 75' lang='lat' dir='ltr'><strong>peccatis</strong></span> <span class='ocrx_word' id='word_1_461' title='bbox 1727 4308 1838 4360; x_wconf 88' lang='lat' dir='ltr'><strong>suis</strong></span> <span class='ocrx_word' id='word_1_462' title='bbox 1865 4305 2040 4365; x_wconf 83' lang='lat' dir='ltr'><strong>facere</strong></span> 
     </span>
    </p>
   </div>
   <div class='ocr_carea' id='block_1_60' title="bbox 461 4396 2046 4468">
    <p class='ocr_par' dir='ltr' id='par_1_60' title="bbox 461 4396 2046 4468">
     <span class='ocr_line' id='line_1_60' title="bbox 461 4396 2046 4468; baseline 0.004 -21"><span class='ocrx_word' id='word_1_463' title='bbox 461 4396 652 4466; x_wconf 76' lang='lat' dir='ltr'><strong>dignas</strong></span> <span class='ocrx_word' id='word_1_464' title='bbox 682 4396 1059 4464; x_wconf 75' lang='lat' dir='ltr'><strong>eleu&#39;nosynas</strong></span> <span class='ocrx_word' id='word_1_465' title='bbox 1088 4396 1382 4463; x_wconf 81' lang='lat' dir='ltr'><strong>negligant,</strong></span> <span class='ocrx_word' id='word_1_466' title='bbox 1412 4407 1631 4466; x_wconf 82' lang='lat' dir='ltr'><strong>propter</strong></span> <span class='ocrx_word' id='word_1_467' title='bbox 1654 4399 1780 4458; x_wconf 80' lang='lat' dir='ltr'><strong>illud</strong></span> <span class='ocrx_word' id='word_1_468' title='bbox 1809 4401 1948 4468; x_wconf 87' lang='lat' dir='ltr'><strong>quod</strong></span> <span class='ocrx_word' id='word_1_469' title='bbox 1970 4401 2046 4456; x_wconf 83' lang='lat' dir='ltr'><strong>ait</strong></span> 
     </span>
    </p>
   </div>
   <div class='ocr_carea' id='block_1_61' title="bbox 458 4486 2044 4555">
    <p class='ocr_par' dir='ltr' id='par_1_61' title="bbox 458 4486 2044 4555">
     <span class='ocr_line' id='line_1_61' title="bbox 458 4486 2044 4555; baseline 0.003 -14"><span class='ocrx_word' id='word_1_470' title='bbox 458 4489 741 4555; x_wconf 74' lang='lat' dir='ltr'><strong>apostolus</strong></span> <span class='ocrx_word' id='word_1_471' title='bbox 766 4486 1029 4539; x_wconf 78' lang='lat' dir='ltr'><strong>Jacolius:</strong></span> <span class='ocrx_word' id='word_1_472' title='bbox 1061 4487 1328 4541; x_wconf 67' lang='lat' dir='ltr'><strong>iudicium</strong></span> <span class='ocrx_word' id='word_1_473' title='bbox 1361 4496 1540 4544; x_wconf 81' lang='lat' dir='ltr'><strong>autem</strong></span> <span class='ocrx_word' id='word_1_474' title='bbox 1579 4491 1700 4544; x_wconf 84' lang='lat' dir='ltr'><strong>sine</strong></span> <span class='ocrx_word' id='word_1_475' title='bbox 1739 4491 2044 4549; x_wconf 82' lang='lat' dir='ltr'><strong>misericor-</strong></span> 
     </span>
    </p>
   </div>
   <div class='ocr_carea' id='block_1_62' title="bbox 2141 1923 3703 1994">
    <p class='ocr_par' dir='ltr' id='par_1_62' title="bbox 2141 1923 3703 1994">
     <span class='ocr_line' id='line_1_62' title="bbox 2141 1923 3703 1994; baseline 0.009 -28"><span class='ocrx_word' id='word_1_476' title='bbox 2141 1926 2554 1987; x_wconf 82' lang='lat' dir='ltr'><strong>quantacunque</strong></span> <span class='ocrx_word' id='word_1_477' title='bbox 2601 1923 2866 1975; x_wconf 86' lang='lat' dir='ltr'><strong>scelertittt</strong></span> <span class='ocrx_word' id='word_1_478' title='bbox 2934 1927 3367 1994; x_wconf 68' lang='lat' dir='ltr'><strong>consuetudine,</strong></span> <span class='ocrx_word' id='word_1_479' title='bbox 3419 1931 3703 1982; x_wconf 84' lang='lat' dir='ltr'><strong>misericor-</strong></span> 
     </span>
    </p>
   </div>
   <div class='ocr_carea' id='block_1_63' title="bbox 2140 2008 3701 2091">
    <p class='ocr_par' dir='ltr' id='par_1_63' title="bbox 2140 2008 3701 2091">
     <span class='ocr_line' id='line_1_63' title="bbox 2140 2008 3701 2091; baseline 0.008 -31"><span class='ocrx_word' id='word_1_480' title='bbox 2140 2008 2283 2064; x_wconf 88' lang='lat' dir='ltr'><strong>diam</strong></span> <span class='ocrx_word' id='word_1_481' title='bbox 2332 2027 2488 2078; x_wconf 87' lang='lat' dir='ltr'><strong>possc</strong></span> <span class='ocrx_word' id='word_1_482' title='bbox 2546 2015 2837 2081; x_wconf 82' lang='lat' dir='ltr'><strong>impezraie</strong></span> <span class='ocrx_word' id='word_1_483' title='bbox 2893 2017 3150 2082; x_wconf 81' lang='lat' dir='ltr'><strong>divinam,</strong></span> <span class='ocrx_word' id='word_1_484' title='bbox 3208 2031 3265 2072; x_wconf 92' lang='lat' dir='ltr'><strong>nt</strong></span> <span class='ocrx_word' id='word_1_485' title='bbox 3315 2036 3376 2075; x_wconf 88' lang='lat' dir='ltr'><strong>ea</strong></span> <span class='ocrx_word' id='word_1_486' title='bbox 3420 2022 3701 2091; x_wconf 81' lang='lat' dir='ltr'><strong>quotidiana</strong></span> 
     </span>
    </p>
   </div>
   <div class='ocr_carea' id='block_1_64' title="bbox 2141 2105 3702 2174">
    <p class='ocr_par' dir='ltr' id='par_1_64' title="bbox 2141 2105 3702 2174">
     <span class='ocr_line' id='line_1_64' title="bbox 2141 2105 3702 2174; baseline 0.004 -18"><span class='ocrx_word' id='word_1_487' title='bbox 2141 2105 2390 2158; x_wconf 89' lang='lat' dir='ltr'><strong>remissio</strong></span> <span class='ocrx_word' id='word_1_488' title='bbox 2421 2115 2759 2174; x_wconf 72' lang='lat' dir='ltr'><strong>:equet&#39;elttr,</strong></span> <span class='ocrx_word' id='word_1_489' title='bbox 2796 2110 3038 2162; x_wconf 88' lang='lat' dir='ltr'><strong>viderent</strong></span> <span class='ocrx_word' id='word_1_490' title='bbox 3070 2126 3130 2163; x_wconf 86' lang='lat' dir='ltr'><strong>se</strong></span> <span class='ocrx_word' id='word_1_491' title='bbox 3175 2128 3288 2165; x_wconf 88' lang='lat' dir='ltr'><strong>rem</strong></span> <span class='ocrx_word' id='word_1_492' title='bbox 3331 2114 3505 2167; x_wconf 88' lang='lat' dir='ltr'><strong>dicere</strong></span> <span class='ocrx_word' id='word_1_493' title='bbox 3533 2118 3702 2165; x_wconf 56' lang='lat' dir='ltr'><strong>altsar-</strong></span> 
     </span>
    </p>
   </div>
   <div class='ocr_carea' id='block_1_65' title="bbox 2140 2197 3701 2271">
    <p class='ocr_par' dir='ltr' id='par_1_65' title="bbox 2140 2197 3701 2271">
     <span class='ocr_line' id='line_1_65' title="bbox 2140 2197 3701 2271; baseline 0.003 -22"><span class='ocrx_word' id='word_1_494' title='bbox 2140 2197 2263 2249; x_wconf 86' lang='lat' dir='ltr'><strong>dant</strong></span> <span class='ocrx_word' id='word_1_495' title='bbox 2289 2212 2451 2266; x_wconf 85' lang='lat' dir='ltr'><strong>atque</strong></span> <span class='ocrx_word' id='word_1_496' title='bbox 2479 2199 2783 2252; x_wconf 82' lang='lat' dir='ltr'><strong>ridiculam.</strong></span> <span class='ocrx_word' id='word_1_497' title='bbox 2808 2202 2895 2254; x_wconf 81' lang='lat' dir='ltr'><strong>Sic</strong></span> <span class='ocrx_word' id='word_1_498' title='bbox 2919 2201 3062 2256; x_wconf 88' lang='lat' dir='ltr'><strong>enim</strong></span> <span class='ocrx_word' id='word_1_499' title='bbox 3091 2214 3413 2271; x_wconf 68' lang='lat' dir='ltr'><strong>erigerentur</strong></span> <span class='ocrx_word' id='word_1_500' title='bbox 3434 2203 3576 2256; x_wconf 79' lang='lat' dir='ltr'><strong>fateri</strong></span> <span class='ocrx_word' id='word_1_501' title='bbox 3604 2203 3701 2255; x_wconf 78' lang='lat' dir='ltr'><strong>fieri</strong></span> 
     </span>
    </p>
   </div>
   <div class='ocr_carea' id='block_1_66' title="bbox 2141 2290 3701 2358">
    <p class='ocr_par' dir='ltr' id='par_1_66' title="bbox 2141 2290 3701 2358">
     <span class='ocr_line' id='line_1_66' title="bbox 2141 2290 3701 2358; baseline 0.005 -21"><span class='ocrx_word' id='word_1_502' title='bbox 2141 2302 2301 2355; x_wconf 86' lang='lat' dir='ltr'><strong>posse</strong></span> <span class='ocrx_word' id='word_1_503' title='bbox 2361 2298 2418 2342; x_wconf 90' lang='lat' dir='ltr'><strong>ut</strong></span> <span class='ocrx_word' id='word_1_504' title='bbox 2461 2290 2906 2357; x_wconf 66' lang='grc' dir='ltr'>υνιιιριιιιεεηιιυε</span> <span class='ocrx_word' id='word_1_505' title='bbox 2953 2292 3134 2358; x_wconf 84' lang='grc' dir='ltr'><strong>Ιιοιυυ,</strong></span> <span class='ocrx_word' id='word_1_506' title='bbox 3196 2301 3384 2349; x_wconf 84' lang='lat' dir='ltr'><strong>decem</strong></span> <span class='ocrx_word' id='word_1_507' title='bbox 3439 2293 3701 2347; x_wconf 84' lang='lat' dir='ltr'><strong>nummulis</strong></span> 
     </span>
    </p>
   </div>
   <div class='ocr_carea' id='block_1_67' title="bbox 2140 2380 3691 2451">
    <p class='ocr_par' dir='ltr' id='par_1_67' title="bbox 2140 2380 3691 2451">
     <span class='ocr_line' id='line_1_67' title="bbox 2140 2380 3691 2451; baseline 0 -18"><span class='ocrx_word' id='word_1_508' title='bbox 2140 2380 2344 2437; x_wconf 85' lang='lat' dir='ltr'><strong>diurnis</strong></span> <span class='ocrx_word' id='word_1_509' title='bbox 2368 2380 2420 2439; x_wconf 88' lang='lat' dir='ltr'><strong>in</strong></span> <span class='ocrx_word' id='word_1_510' title='bbox 2442 2380 2820 2451; x_wconf 82' lang='lat' dir='ltr'><strong>eleettiusyuas</strong></span> <span class='ocrx_word' id='word_1_511' title='bbox 2843 2383 3120 2450; x_wconf 58' lang='lat' dir='ltr'><strong>impensis,</strong></span> <span class='ocrx_word' id='word_1_512' title='bbox 3151 2385 3459 2448; x_wconf 84' lang='lat' dir='ltr'><strong>lio.oicidia,</strong></span> <span class='ocrx_word' id='word_1_513' title='bbox 3489 2386 3691 2436; x_wconf 84' lang='lat' dir='ltr'><strong>etadul-</strong></span> 
     </span>
    </p>
   </div>
   <div class='ocr_carea' id='block_1_68' title="bbox 2143 2469 3698 2541">
    <p class='ocr_par' dir='ltr' id='par_1_68' title="bbox 2143 2469 3698 2541">
     <span class='ocr_line' id='line_1_68' title="bbox 2143 2469 3698 2541; baseline 0.001 -19"><span class='ocrx_word' id='word_1_514' title='bbox 2143 2472 2299 2534; x_wconf 86' lang='lat' dir='ltr'><strong>teria,</strong></span> <span class='ocrx_word' id='word_1_515' title='bbox 2327 2481 2380 2524; x_wconf 91' lang='lat' dir='ltr'><strong>ct</strong></span> <span class='ocrx_word' id='word_1_516' title='bbox 2410 2469 2614 2524; x_wconf 86' lang='lat' dir='ltr'><strong>nefaria</strong></span> <span class='ocrx_word' id='word_1_517' title='bbox 2645 2488 2871 2541; x_wconf 62' lang='lat' dir='ltr'><strong>quaeque</strong></span> <span class='ocrx_word' id='word_1_518' title='bbox 2915 2474 3051 2528; x_wconf 81' lang='lat' dir='ltr'><strong>facta</strong></span> <span class='ocrx_word' id='word_1_519' title='bbox 3098 2475 3413 2530; x_wconf 80' lang='lat' dir='ltr'><strong>redimeret.</strong></span> <span class='ocrx_word' id='word_1_520' title='bbox 3466 2474 3612 2541; x_wconf 82' lang='lat' dir='ltr'><strong>Quod</strong></span> <span class='ocrx_word' id='word_1_521' title='bbox 3662 2474 3698 2524; x_wconf 89' lang='lat' dir='ltr'><strong>si</strong></span> 
     </span>
    </p>
   </div>
   <div class='ocr_carea' id='block_1_69' title="bbox 2141 2559 3700 2634">
    <p class='ocr_par' dir='ltr' id='par_1_69' title="bbox 2141 2559 3700 2634">
     <span class='ocr_line' id='line_1_69' title="bbox 2141 2559 3700 2634; baseline 0 -18"><span class='ocrx_word' id='word_1_522' title='bbox 2141 2559 2588 2619; x_wconf 83' lang='lat' dir='ltr'><strong>absurdissimum</strong></span> <span class='ocrx_word' id='word_1_523' title='bbox 2623 2575 2705 2618; x_wconf 74' lang='lat' dir='ltr'><strong>eet</strong></span> <span class='ocrx_word' id='word_1_524' title='bbox 2735 2565 2937 2628; x_wconf 82' lang='lat' dir='ltr'><strong>dicere,</strong></span> <span class='ocrx_word' id='word_1_525' title='bbox 2959 2565 3201 2632; x_wconf 73' lang='lat' dir='ltr'><strong>profecto</strong></span> <span class='ocrx_word' id='word_1_526' title='bbox 3241 2567 3286 2617; x_wconf 89' lang='lat' dir='ltr'><strong>si</strong></span> <span class='ocrx_word' id='word_1_527' title='bbox 3313 2578 3571 2634; x_wconf 71' lang='lat' dir='ltr'><strong>quaeratur</strong></span> <span class='ocrx_word' id='word_1_528' title='bbox 3597 2579 3700 2631; x_wconf 67' lang='lat' dir='ltr'><strong>qua</strong></span> 
     </span>
    </p>
   </div>
   <div class='ocr_carea' id='block_1_70' title="bbox 2141 2651 3698 2726">
    <p class='ocr_par' dir='ltr' id='par_1_70' title="bbox 2141 2651 3698 2726">
     <span class='ocr_line' id='line_1_70' title="bbox 2141 2651 3698 2726; baseline 0 -22"><span class='ocrx_word' id='word_1_529' title='bbox 2141 2651 2316 2722; x_wconf 80' lang='lat' dir='ltr'><strong>digna:</strong></span> <span class='ocrx_word' id='word_1_530' title='bbox 2337 2663 2465 2707; x_wconf 87' lang='lat' dir='ltr'><strong>sunt</strong></span> <span class='ocrx_word' id='word_1_531' title='bbox 2482 2668 2577 2722; x_wconf 91' lang='lat' dir='ltr'><strong>pro</strong></span> <span class='ocrx_word' id='word_1_532' title='bbox 2592 2656 2828 2720; x_wconf 79' lang='lat' dir='ltr'><strong>peccatis</strong></span> <span class='ocrx_word' id='word_1_533' title='bbox 2849 2654 3210 2726; x_wconf 60' lang='lat' dir='ltr'><strong>eleemoeynte</strong></span> <span class='ocrx_word' id='word_1_534' title='bbox 3246 2657 3315 2710; x_wconf 88' lang='lat' dir='ltr'><strong>de</strong></span> <span class='ocrx_word' id='word_1_535' title='bbox 3345 2661 3527 2724; x_wconf 87' lang='lat' dir='ltr'><strong>quibus</strong></span> <span class='ocrx_word' id='word_1_536' title='bbox 3555 2656 3698 2709; x_wconf 82' lang='lat' dir='ltr'><strong>etiam</strong></span> 
     </span>
    </p>
   </div>
   <div class='ocr_carea' id='block_1_71' title="bbox 2140 2740 3699 2816">
    <p class='ocr_par' dir='ltr' id='par_1_71' title="bbox 2140 2740 3699 2816">
     <span class='ocr_line' id='line_1_71' title="bbox 2140 2740 3699 2816; baseline -0.001 -20"><span class='ocrx_word' id='word_1_537' title='bbox 2140 2740 2342 2796; x_wconf 90' lang='lat' dir='ltr'><strong>Christi</strong></span> <span class='ocrx_word' id='word_1_538' title='bbox 2385 2757 2688 2812; x_wconf 75' lang='lat' dir='ltr'><strong>praecutsur</strong></span> <span class='ocrx_word' id='word_1_539' title='bbox 2720 2745 2810 2799; x_wconf 89' lang='lat' dir='ltr'><strong>ille</strong></span> <span class='ocrx_word' id='word_1_540' title='bbox 2849 2747 3082 2814; x_wconf 89' lang='lat' dir='ltr'><strong>dicebat,</strong></span> <span class='ocrx_word' id='word_1_541' title='bbox 3146 2745 3328 2799; x_wconf 76' lang='lat' dir='ltr'><strong>Facite</strong></span> <span class='ocrx_word' id='word_1_542' title='bbox 3355 2761 3478 2816; x_wconf 85' lang='lat' dir='ltr'><strong>ergo</strong></span> <span class='ocrx_word' id='word_1_543' title='bbox 3519 2743 3699 2797; x_wconf 76' lang='lat' dir='ltr'><strong>fructus</strong></span> 
     </span>
    </p>
   </div>
   <div class='ocr_carea' id='block_1_72' title="bbox 2140 2834 3698 2904">
    <p class='ocr_par' dir='ltr' id='par_1_72' title="bbox 2140 2834 3698 2904">
     <span class='ocr_line' id='line_1_72' title="bbox 2140 2834 3698 2904; baseline -0.001 -15"><span class='ocrx_word' id='word_1_544' title='bbox 2140 2834 2333 2904; x_wconf 86' lang='lat' dir='ltr'><strong>dignos</strong></span> <span class='ocrx_word' id='word_1_545' title='bbox 2356 2836 2706 2904; x_wconf 75' lang='lat' dir='ltr'><strong>prettitentitn,</strong></span> <span class='ocrx_word' id='word_1_546' title='bbox 2737 2836 3090 2903; x_wconf 86' lang='lat' dir='ltr'><strong>proculdubio</strong></span> <span class='ocrx_word' id='word_1_547' title='bbox 3118 2853 3223 2890; x_wconf 84' lang='lat' dir='ltr'><strong>non</strong></span> <span class='ocrx_word' id='word_1_548' title='bbox 3267 2839 3592 2891; x_wconf 85' lang='lat' dir='ltr'><strong>invenientur</strong></span> <span class='ocrx_word' id='word_1_549' title='bbox 3615 2848 3698 2888; x_wconf 83' lang='lat' dir='ltr'><strong>cus</strong></span> 
     </span>
    </p>
   </div>
   <div class='ocr_carea' id='block_1_73' title="bbox 2144 2925 3697 2998">
    <p class='ocr_par' dir='ltr' id='par_1_73' title="bbox 2144 2925 3697 2998">
     <span class='ocr_line' id='line_1_73' title="bbox 2144 2925 3697 2998; baseline -0.001 -18"><span class='ocrx_word' id='word_1_550' title='bbox 2144 2927 2324 2986; x_wconf 84' lang='lat' dir='ltr'><strong>facere</strong></span> <span class='ocrx_word' id='word_1_551' title='bbox 2348 2929 2437 2997; x_wconf 87' lang='lat' dir='ltr'><strong>qui</strong></span> <span class='ocrx_word' id='word_1_552' title='bbox 2468 2926 2633 2979; x_wconf 88' lang='lat' dir='ltr'><strong>vitam</strong></span> <span class='ocrx_word' id='word_1_553' title='bbox 2669 2942 2822 2981; x_wconf 82' lang='lat' dir='ltr'><strong>suam</strong></span> <span class='ocrx_word' id='word_1_554' title='bbox 2851 2942 3020 2997; x_wconf 85' lang='lat' dir='ltr'><strong>usque</strong></span> <span class='ocrx_word' id='word_1_555' title='bbox 3048 2929 3114 2982; x_wconf 77' lang='lat' dir='ltr'><strong>ad</strong></span> <span class='ocrx_word' id='word_1_556' title='bbox 3140 2939 3370 2989; x_wconf 71' lang='lat' dir='ltr'><strong>mortem</strong></span> <span class='ocrx_word' id='word_1_557' title='bbox 3394 2925 3697 2998; x_wconf 79' lang='lat' dir='ltr'><strong>quotidianu-</strong></span> 
     </span>
    </p>
   </div>
   <div class='ocr_carea' id='block_1_74' title="bbox 2143 3015 3698 3087">
    <p class='ocr_par' dir='ltr' id='par_1_74' title="bbox 2143 3015 3698 3087">
     <span class='ocr_line' id='line_1_74' title="bbox 2143 3015 3698 3087; baseline -0.002 -15"><span class='ocrx_word' id='word_1_558' title='bbox 2143 3033 2261 3072; x_wconf 85' lang='lat' dir='ltr'><strong>rum</strong></span> <span class='ocrx_word' id='word_1_559' title='bbox 2291 3015 2582 3072; x_wconf 88' lang='lat' dir='ltr'><strong>criminum</strong></span> <span class='ocrx_word' id='word_1_560' title='bbox 2609 3024 3010 3087; x_wconf 78' lang='lat' dir='ltr'><strong>perpetratione</strong></span> <span class='ocrx_word' id='word_1_561' title='bbox 3037 3019 3564 3074; x_wconf 78' lang='lat' dir='ltr'><strong>c0ttfodiunt.Pritno</strong></span> <span class='ocrx_word' id='word_1_562' title='bbox 3589 3019 3698 3087; x_wconf 88' lang='lat' dir='ltr'><strong>quia</strong></span> 
     </span>
    </p>
   </div>
   <div class='ocr_carea' id='block_1_75' title="bbox 2144 3094 3695 3182">
    <p class='ocr_par' dir='ltr' id='par_1_75' title="bbox 2144 3094 3695 3182">
     <span class='ocr_line' id='line_1_75' title="bbox 2144 3094 3695 3182; baseline 0 -18"><span class='ocrx_word' id='word_1_563' title='bbox 2144 3111 2198 3164; x_wconf 88' lang='lat' dir='ltr'><strong>iti</strong></span> <span class='ocrx_word' id='word_1_564' title='bbox 2229 3094 2542 3165; x_wconf 76' lang='lat' dir='ltr'><strong>aul&#39;eretids</strong></span> <span class='ocrx_word' id='word_1_565' title='bbox 2584 3113 2748 3166; x_wconf 88' lang='lat' dir='ltr'><strong>rebus</strong></span> <span class='ocrx_word' id='word_1_566' title='bbox 2778 3111 2969 3166; x_wconf 86' lang='lat' dir='ltr'><strong>alienis</strong></span> <span class='ocrx_word' id='word_1_567' title='bbox 2992 3113 3148 3182; x_wconf 61' lang='lat' dir='ltr'><strong>longe</strong></span> <span class='ocrx_word' id='word_1_568' title='bbox 3189 3113 3341 3182; x_wconf 79' lang='lat' dir='ltr'><strong>plura</strong></span> <span class='ocrx_word' id='word_1_569' title='bbox 3366 3113 3622 3180; x_wconf 82' lang='lat' dir='ltr'><strong>diripiunt,</strong></span> <span class='ocrx_word' id='word_1_570' title='bbox 3642 3123 3695 3162; x_wconf 75' lang='lat' dir='ltr'><strong>ex</strong></span> 
     </span>
    </p>
   </div>
   <div class='ocr_carea' id='block_1_76' title="bbox 2141 3193 3694 3275">
    <p class='ocr_par' dir='ltr' id='par_1_76' title="bbox 2141 3193 3694 3275">
     <span class='ocr_line' id='line_1_76' title="bbox 2141 3193 3694 3275; baseline 0.002 -20"><span class='ocrx_word' id='word_1_571' title='bbox 2141 3204 2336 3274; x_wconf 80' lang='lat' dir='ltr'><strong>quibus</strong></span> <span class='ocrx_word' id='word_1_572' title='bbox 2367 3220 2460 3275; x_wconf 89' lang='lat' dir='ltr'><strong>per</strong></span> <span class='ocrx_word' id='word_1_573' title='bbox 2491 3193 2680 3273; x_wconf 67' lang='lat' dir='ltr'><strong>exigua</strong></span> <span class='ocrx_word' id='word_1_574' title='bbox 2708 3206 3036 3274; x_wconf 85' lang='lat' dir='ltr'><strong>pauperibus</strong></span> <span class='ocrx_word' id='word_1_575' title='bbox 3067 3207 3347 3275; x_wconf 84' lang='lat' dir='ltr'><strong>largiendo</strong></span> <span class='ocrx_word' id='word_1_576' title='bbox 3374 3206 3622 3260; x_wconf 73' lang='lat' dir='ltr'><strong>Christum</strong></span> <span class='ocrx_word' id='word_1_577' title='bbox 3643 3219 3694 3258; x_wconf 81' lang='lat' dir='ltr'><strong>sc</strong></span> 
     </span>
    </p>
   </div>
   <div class='ocr_carea' id='block_1_77' title="bbox 2141 3296 3694 3364">
    <p class='ocr_par' dir='ltr' id='par_1_77' title="bbox 2141 3296 3694 3364">
     <span class='ocr_line' id='line_1_77' title="bbox 2141 3296 3694 3364; baseline -0.001 -17"><span class='ocrx_word' id='word_1_578' title='bbox 2141 3299 2208 3348; x_wconf 80' lang='lat' dir='ltr'><strong>ad</strong></span> <span class='ocrx_word' id='word_1_579' title='bbox 2253 3297 2350 3348; x_wconf 87' lang='lat' dir='ltr'><strong>hoc</strong></span> <span class='ocrx_word' id='word_1_580' title='bbox 2392 3311 2613 3363; x_wconf 83' lang='lat' dir='ltr'><strong>pascere</strong></span> <span class='ocrx_word' id='word_1_581' title='bbox 2655 3296 2984 3364; x_wconf 78' lang='lat' dir='ltr'><strong>existiittatit,</strong></span> <span class='ocrx_word' id='word_1_582' title='bbox 3024 3307 3081 3352; x_wconf 91' lang='lat' dir='ltr'><strong>ut</strong></span> <span class='ocrx_word' id='word_1_583' title='bbox 3115 3298 3387 3352; x_wconf 84' lang='lat' dir='ltr'><strong>licentiam</strong></span> <span class='ocrx_word' id='word_1_584' title='bbox 3419 3297 3694 3350; x_wconf 82' lang='lat' dir='ltr'><strong>malefacto-</strong></span> 
     </span>
    </p>
   </div>
   <div class='ocr_carea' id='block_1_78' title="bbox 2143 3387 3688 3458">
    <p class='ocr_par' dir='ltr' id='par_1_78' title="bbox 2143 3387 3688 3458">
     <span class='ocr_line' id='line_1_78' title="bbox 2143 3387 3688 3458; baseline -0.001 -18"><span class='ocrx_word' id='word_1_585' title='bbox 2143 3402 2260 3440; x_wconf 91' lang='lat' dir='ltr'><strong>rum</strong></span> <span class='ocrx_word' id='word_1_586' title='bbox 2288 3387 2355 3440; x_wconf 89' lang='lat' dir='ltr'><strong>ab</strong></span> <span class='ocrx_word' id='word_1_587' title='bbox 2377 3388 2467 3441; x_wconf 90' lang='lat' dir='ltr'><strong>illo</strong></span> <span class='ocrx_word' id='word_1_588' title='bbox 2494 3390 2691 3442; x_wconf 87' lang='lat' dir='ltr'><strong>emisse</strong></span> <span class='ocrx_word' id='word_1_589' title='bbox 2719 3390 2802 3442; x_wconf 66' lang='lat' dir='ltr'><strong>vt-l</strong></span> <span class='ocrx_word' id='word_1_590' title='bbox 2828 3389 3068 3458; x_wconf 86' lang='lat' dir='ltr'><strong>quotidie</strong></span> <span class='ocrx_word' id='word_1_591' title='bbox 3092 3392 3268 3458; x_wconf 90' lang='lat' dir='ltr'><strong>potius</strong></span> <span class='ocrx_word' id='word_1_592' title='bbox 3289 3405 3464 3444; x_wconf 88' lang='lat' dir='ltr'><strong>emere</strong></span> <span class='ocrx_word' id='word_1_593' title='bbox 3491 3390 3688 3442; x_wconf 78' lang='lat' dir='ltr'><strong>credeti-</strong></span> 
     </span>
    </p>
   </div>
   <div class='ocr_carea' id='block_1_79' title="bbox 2144 3480 3694 3554">
    <p class='ocr_par' dir='ltr' id='par_1_79' title="bbox 2144 3480 3694 3554">
     <span class='ocr_line' id='line_1_79' title="bbox 2144 3480 3694 3554; baseline -0.003 -21"><span class='ocrx_word' id='word_1_594' title='bbox 2144 3490 2246 3544; x_wconf 88' lang='lat' dir='ltr'><strong>tes,</strong></span> <span class='ocrx_word' id='word_1_595' title='bbox 2281 3481 2458 3535; x_wconf 86' lang='lat' dir='ltr'><strong>securi</strong></span> <span class='ocrx_word' id='word_1_596' title='bbox 2488 3482 2756 3537; x_wconf 88' lang='lat' dir='ltr'><strong>damnalia</strong></span> <span class='ocrx_word' id='word_1_597' title='bbox 2789 3480 3159 3554; x_wconf 79' lang='lat' dir='ltr'><strong>[damnabiliaj</strong></span> <span class='ocrx_word' id='word_1_598' title='bbox 3190 3493 3338 3537; x_wconf 81' lang='lat' dir='ltr'><strong>tanta</strong></span> <span class='ocrx_word' id='word_1_599' title='bbox 3376 3480 3694 3536; x_wconf 80' lang='lat' dir='ltr'><strong>committant.</strong></span> 
     </span>
    </p>
   </div>
   <div class='ocr_carea' id='block_1_80' title="bbox 2143 3572 3693 3640">
    <p class='ocr_par' dir='ltr' id='par_1_80' title="bbox 2143 3572 3693 3640">
     <span class='ocr_line' id='line_1_80' title="bbox 2143 3572 3693 3640; baseline -0.002 -15"><span class='ocrx_word' id='word_1_600' title='bbox 2143 3574 2245 3637; x_wconf 75' lang='lat' dir='ltr'><strong>Qui</strong></span> <span class='ocrx_word' id='word_1_601' title='bbox 2276 3575 2319 3624; x_wconf 85' lang='lat' dir='ltr'><strong>si</strong></span> <span class='ocrx_word' id='word_1_602' title='bbox 2347 3587 2443 3640; x_wconf 91' lang='lat' dir='ltr'><strong>pro</strong></span> <span class='ocrx_word' id='word_1_603' title='bbox 2469 3589 2572 3626; x_wconf 90' lang='lat' dir='ltr'><strong>uno</strong></span> <span class='ocrx_word' id='word_1_604' title='bbox 2601 3573 2808 3627; x_wconf 73' lang='lat' dir='ltr'><strong>Scelere</strong></span> <span class='ocrx_word' id='word_1_605' title='bbox 2853 3575 3032 3626; x_wconf 89' lang='lat' dir='ltr'><strong>omnia</strong></span> <span class='ocrx_word' id='word_1_606' title='bbox 3063 3573 3452 3628; x_wconf 67' lang='lat' dir='ltr'><strong>distribuerent</strong></span> <span class='ocrx_word' id='word_1_607' title='bbox 3481 3572 3693 3638; x_wconf 87' lang='lat' dir='ltr'><strong>indigen-</strong></span> 
     </span>
    </p>
   </div>
   <div class='ocr_carea' id='block_1_81' title="bbox 2146 3660 3696 3726">
    <p class='ocr_par' dir='ltr' id='par_1_81' title="bbox 2146 3660 3696 3726">
     <span class='ocr_line' id='line_1_81' title="bbox 2146 3660 3696 3726; baseline -0.004 -10"><span class='ocrx_word' id='word_1_608' title='bbox 2146 3666 2288 3718; x_wconf 90' lang='lat' dir='ltr'><strong>tibus</strong></span> <span class='ocrx_word' id='word_1_609' title='bbox 2315 3662 2570 3716; x_wconf 89' lang='lat' dir='ltr'><strong>membris</strong></span> <span class='ocrx_word' id='word_1_610' title='bbox 2596 3664 2820 3726; x_wconf 79' lang='lat' dir='ltr'><strong>Christi,</strong></span> <span class='ocrx_word' id='word_1_611' title='bbox 2857 3663 2960 3716; x_wconf 89' lang='lat' dir='ltr'><strong>nisi</strong></span> <span class='ocrx_word' id='word_1_612' title='bbox 3003 3665 3331 3717; x_wconf 69' lang='grc' dir='ltr'>ιιισδίειετιιιιι</span> <span class='ocrx_word' id='word_1_613' title='bbox 3359 3681 3387 3716; x_wconf 86' lang='lat' dir='ltr'><strong>a</strong></span> <span class='ocrx_word' id='word_1_614' title='bbox 3430 3664 3602 3715; x_wconf 86' lang='lat' dir='ltr'><strong>talibus</strong></span> <span class='ocrx_word' id='word_1_615' title='bbox 3631 3660 3696 3711; x_wconf 84' lang='lat' dir='ltr'><strong>fa-</strong></span> 
     </span>
    </p>
   </div>
   <div class='ocr_carea' id='block_1_82' title="bbox 2145 3753 3695 3823">
    <p class='ocr_par' dir='ltr' id='par_1_82' title="bbox 2145 3753 3695 3823">
     <span class='ocr_line' id='line_1_82' title="bbox 2145 3753 3695 3823; baseline -0.003 -17"><span class='ocrx_word' id='word_1_616' title='bbox 2145 3759 2271 3818; x_wconf 86' lang='lat' dir='ltr'><strong>ctis,</strong></span> <span class='ocrx_word' id='word_1_617' title='bbox 2315 3753 2562 3807; x_wconf 89' lang='lat' dir='ltr'><strong>habendo</strong></span> <span class='ocrx_word' id='word_1_618' title='bbox 2599 3753 2942 3817; x_wconf 75' lang='lat' dir='ltr'><strong>cli-.triiaem,</strong></span> <span class='ocrx_word' id='word_1_619' title='bbox 2993 3771 3110 3821; x_wconf 84' lang='lat' dir='ltr'><strong>qua:</strong></span> <span class='ocrx_word' id='word_1_620' title='bbox 3142 3772 3174 3806; x_wconf 91' lang='grc' dir='ltr'><strong>ιι</strong></span> <span class='ocrx_word' id='word_1_621' title='bbox 3217 3773 3248 3808; x_wconf 88' lang='grc' dir='ltr'><strong>ιι</strong></span> <span class='ocrx_word' id='word_1_622' title='bbox 3283 3757 3393 3823; x_wconf 88' lang='lat' dir='ltr'><strong>agit</strong></span> <span class='ocrx_word' id='word_1_623' title='bbox 3429 3769 3695 3823; x_wconf 79' lang='lat' dir='ltr'><strong>perperam,</strong></span> 
     </span>
    </p>
   </div>
   <div class='ocr_carea' id='block_1_83' title="bbox 2148 3845 3694 3916">
    <p class='ocr_par' dir='ltr' id='par_1_83' title="bbox 2148 3845 3694 3916">
     <span class='ocr_line' id='line_1_83' title="bbox 2148 3845 3694 3916; baseline -0.001 -20"><span class='ocrx_word' id='word_1_624' title='bbox 2148 3845 2348 3914; x_wconf 87' lang='lat' dir='ltr'><strong>aliquid</strong></span> <span class='ocrx_word' id='word_1_625' title='bbox 2379 3847 2456 3898; x_wconf 89' lang='lat' dir='ltr'><strong>eis</strong></span> <span class='ocrx_word' id='word_1_626' title='bbox 2486 3846 2738 3916; x_wconf 61' lang='lat' dir='ltr'><strong>prodes:</strong></span> <span class='ocrx_word' id='word_1_627' title='bbox 2768 3861 2872 3897; x_wconf 90' lang='lat' dir='ltr'><strong>ttou</strong></span> <span class='ocrx_word' id='word_1_628' title='bbox 2906 3857 3106 3914; x_wconf 79' lang='lat' dir='ltr'><strong>posset.</strong></span> <span class='ocrx_word' id='word_1_629' title='bbox 3137 3849 3238 3913; x_wconf 78' lang='lat' dir='ltr'><strong>Qui</strong></span> <span class='ocrx_word' id='word_1_630' title='bbox 3271 3863 3400 3916; x_wconf 76' lang='lat' dir='ltr'><strong>ergo</strong></span> <span class='ocrx_word' id='word_1_631' title='bbox 3420 3848 3591 3916; x_wconf 86' lang='lat' dir='ltr'><strong>dignas</strong></span> <span class='ocrx_word' id='word_1_632' title='bbox 3616 3858 3694 3913; x_wconf 85' lang='lat' dir='ltr'><strong>pro</strong></span> 
     </span>
    </p>
   </div>
   <div class='ocr_carea' id='block_1_84' title="bbox 2146 3937 3698 4008">
    <p class='ocr_par' dir='ltr' id='par_1_84' title="bbox 2146 3937 3698 4008">
     <span class='ocr_line' id='line_1_84' title="bbox 2146 3937 3698 4008; baseline -0.002 -19"><span class='ocrx_word' id='word_1_633' title='bbox 2146 3951 2258 3989; x_wconf 58' lang='grc' dir='ltr'><strong>ειυς</strong></span> <span class='ocrx_word' id='word_1_634' title='bbox 2289 3939 2518 4003; x_wconf 82' lang='lat' dir='ltr'><strong>peccatis</strong></span> <span class='ocrx_word' id='word_1_635' title='bbox 2547 3938 2818 4008; x_wconf 83' lang='lat' dir='ltr'><strong>eleeiitusy</strong></span> <span class='ocrx_word' id='word_1_636' title='bbox 2847 3953 2921 3990; x_wconf 88' lang='lat' dir='ltr'><strong>-as</strong></span> <span class='ocrx_word' id='word_1_637' title='bbox 2970 3937 3114 4002; x_wconf 80' lang='lat' dir='ltr'><strong>facit,</strong></span> <span class='ocrx_word' id='word_1_638' title='bbox 3141 3953 3293 4006; x_wconf 87' lang='lat' dir='ltr'><strong>prius</strong></span> <span class='ocrx_word' id='word_1_639' title='bbox 3333 3954 3423 3992; x_wconf 81' lang='lat' dir='ltr'><strong>eas</strong></span> <span class='ocrx_word' id='word_1_640' title='bbox 3458 3941 3617 3991; x_wconf 72' lang='lat' dir='ltr'><strong>facere</strong></span> <span class='ocrx_word' id='word_1_641' title='bbox 3636 3953 3698 3987; x_wconf 82' lang='grc' dir='ltr'>ιιι·</span> 
     </span>
    </p>
   </div>
   <div class='ocr_carea' id='block_1_85' title="bbox 2147 4026 3697 4097">
    <p class='ocr_par' dir='ltr' id='par_1_85' title="bbox 2147 4026 3697 4097">
     <span class='ocr_line' id='line_1_85' title="bbox 2147 4026 3697 4097; baseline -0.001 -19"><span class='ocrx_word' id='word_1_642' title='bbox 2147 4028 2280 4094; x_wconf 61' lang='lat' dir='ltr'><strong>clpit</strong></span> <span class='ocrx_word' id='word_1_643' title='bbox 2307 4041 2336 4078; x_wconf 84' lang='lat' dir='ltr'><strong>a</strong></span> <span class='ocrx_word' id='word_1_644' title='bbox 2367 4042 2426 4080; x_wconf 90' lang='lat' dir='ltr'><strong>se</strong></span> <span class='ocrx_word' id='word_1_645' title='bbox 2457 4027 2594 4092; x_wconf 83' lang='lat' dir='ltr'><strong>ipso.</strong></span> <span class='ocrx_word' id='word_1_646' title='bbox 2628 4027 2910 4097; x_wconf 85' lang='lat' dir='ltr'><strong>Indignum</strong></span> <span class='ocrx_word' id='word_1_647' title='bbox 2941 4036 3026 4080; x_wconf 91' lang='lat' dir='ltr'><strong>est</strong></span> <span class='ocrx_word' id='word_1_648' title='bbox 3047 4030 3188 4080; x_wconf 88' lang='lat' dir='ltr'><strong>enim</strong></span> <span class='ocrx_word' id='word_1_649' title='bbox 3214 4041 3269 4081; x_wconf 87' lang='lat' dir='ltr'><strong>ut</strong></span> <span class='ocrx_word' id='word_1_650' title='bbox 3295 4031 3347 4081; x_wconf 89' lang='lat' dir='ltr'><strong>in</strong></span> <span class='ocrx_word' id='word_1_651' title='bbox 3371 4045 3426 4081; x_wconf 82' lang='lat' dir='ltr'><strong>se</strong></span> <span class='ocrx_word' id='word_1_652' title='bbox 3449 4042 3545 4081; x_wconf 84' lang='lat' dir='ltr'><strong>neu</strong></span> <span class='ocrx_word' id='word_1_653' title='bbox 3568 4026 3697 4079; x_wconf 79' lang='lat' dir='ltr'><strong>faciat</strong></span> 
     </span>
    </p>
   </div>
   <div class='ocr_carea' id='block_1_86' title="bbox 2147 4118 3694 4188">
    <p class='ocr_par' dir='ltr' id='par_1_86' title="bbox 2147 4118 3694 4188">
     <span class='ocr_line' id='line_1_86' title="bbox 2147 4118 3694 4188; baseline -0.002 -19"><span class='ocrx_word' id='word_1_654' title='bbox 2147 4121 2235 4186; x_wconf 90' lang='lat' dir='ltr'><strong>qui</strong></span> <span class='ocrx_word' id='word_1_655' title='bbox 2264 4118 2388 4170; x_wconf 81' lang='lat' dir='ltr'><strong>facit</strong></span> <span class='ocrx_word' id='word_1_656' title='bbox 2418 4119 2471 4171; x_wconf 90' lang='grc' dir='ltr'><strong>ιιι</strong></span> <span class='ocrx_word' id='word_1_657' title='bbox 2499 4120 2826 4188; x_wconf 80' lang='lat' dir='ltr'><strong>proximum,</strong></span> <span class='ocrx_word' id='word_1_658' title='bbox 2851 4133 2971 4172; x_wconf 91' lang='lat' dir='ltr'><strong>cuni</strong></span> <span class='ocrx_word' id='word_1_659' title='bbox 3004 4119 3189 4172; x_wconf 87' lang='lat' dir='ltr'><strong>audiat</strong></span> <span class='ocrx_word' id='word_1_660' title='bbox 3219 4120 3480 4173; x_wconf 75' lang='lat' dir='ltr'><strong>dicentem</strong></span> <span class='ocrx_word' id='word_1_661' title='bbox 3513 4119 3654 4170; x_wconf 83' lang='lat' dir='ltr'><strong>Deum</strong></span> <span class='ocrx_word' id='word_1_662' title='bbox 3683 4129 3694 4165; x_wconf 92' lang='lat'><strong>:</strong></span> 
     </span>
    </p>
   </div>
   <div class='ocr_carea' id='block_1_87' title="bbox 2151 4208 3696 4278">
    <p class='ocr_par' dir='ltr' id='par_1_87' title="bbox 2151 4208 3696 4278">
     <span class='ocr_line' id='line_1_87' title="bbox 2151 4208 3696 4278; baseline -0.001 -20"><span class='ocrx_word' id='word_1_663' title='bbox 2151 4208 2350 4275; x_wconf 81' lang='lat' dir='ltr'><strong>Diliges</strong></span> <span class='ocrx_word' id='word_1_664' title='bbox 2384 4212 2683 4276; x_wconf 78' lang='lat' dir='ltr'><strong>proximum</strong></span> <span class='ocrx_word' id='word_1_665' title='bbox 2731 4219 2877 4261; x_wconf 88' lang='lat' dir='ltr'><strong>tuum</strong></span> <span class='ocrx_word' id='word_1_666' title='bbox 2916 4217 3168 4278; x_wconf 88' lang='lat' dir='ltr'><strong>tanquam</strong></span> <span class='ocrx_word' id='word_1_667' title='bbox 3200 4215 3450 4276; x_wconf 70' lang='lat' dir='ltr'><strong>teipsutti.</strong></span> <span class='ocrx_word' id='word_1_668' title='bbox 3495 4211 3696 4273; x_wconf 87' lang='lat' dir='ltr'><strong>Itemque</strong></span> 
     </span>
    </p>
   </div>
   <div class='ocr_carea' id='block_1_88' title="bbox 2149 4300 3695 4369">
    <p class='ocr_par' dir='ltr' id='par_1_88' title="bbox 2149 4300 3695 4369">
     <span class='ocr_line' id='line_1_88' title="bbox 2149 4300 3695 4369; baseline -0.001 -18"><span class='ocrx_word' id='word_1_669' title='bbox 2149 4302 2330 4352; x_wconf 85' lang='lat' dir='ltr'><strong>audiat</strong></span> <span class='ocrx_word' id='word_1_670' title='bbox 2356 4317 2368 4351; x_wconf 89' lang='lat'>:</span> <span class='ocrx_word' id='word_1_671' title='bbox 2401 4300 2653 4354; x_wconf 80' lang='lat' dir='ltr'><strong>Miserere</strong></span> <span class='ocrx_word' id='word_1_672' title='bbox 2676 4304 2871 4354; x_wconf 74' lang='lat' dir='ltr'><strong>auium:</strong></span> <span class='ocrx_word' id='word_1_673' title='bbox 2895 4303 2996 4354; x_wconf 63' lang='lat' dir='ltr'><strong>tute</strong></span> <span class='ocrx_word' id='word_1_674' title='bbox 3025 4303 3243 4369; x_wconf 83' lang='lat' dir='ltr'><strong>placetis</strong></span> <span class='ocrx_word' id='word_1_675' title='bbox 3273 4301 3315 4353; x_wconf 93' lang='lat' dir='ltr'><strong>D</strong></span> <span class='ocrx_word' id='word_1_676' title='bbox 3349 4318 3402 4356; x_wconf 88' lang='grc' dir='ltr'><strong>ο.</strong></span> <span class='ocrx_word' id='word_1_677' title='bbox 3425 4303 3557 4354; x_wconf 76' lang='grc' dir='ltr'>ιιιιιι‹;</span> <span class='ocrx_word' id='word_1_678' title='bbox 3580 4316 3695 4353; x_wconf 79' lang='lat' dir='ltr'><strong>ece-</strong></span> 
     </span>
    </p>
   </div>
   <div class='ocr_carea' id='block_1_89' title="bbox 2150 4391 3696 4460">
    <p class='ocr_par' dir='ltr' id='par_1_89' title="bbox 2150 4391 3696 4460">
     <span class='ocr_line' id='line_1_89' title="bbox 2150 4391 3696 4460; baseline -0.001 -19"><span class='ocrx_word' id='word_1_679' title='bbox 2150 4406 2450 4458; x_wconf 79' lang='lat' dir='ltr'><strong>tttosytiatn,</strong></span> <span class='ocrx_word' id='word_1_680' title='bbox 2484 4391 2533 4443; x_wconf 92' lang='lat' dir='ltr'><strong>id</strong></span> <span class='ocrx_word' id='word_1_681' title='bbox 2559 4405 2661 4453; x_wconf 87' lang='lat' dir='ltr'><strong>est,</strong></span> <span class='ocrx_word' id='word_1_682' title='bbox 2699 4405 2754 4443; x_wconf 92' lang='lat' dir='ltr'><strong>ut</strong></span> <span class='ocrx_word' id='word_1_683' title='bbox 2785 4391 2893 4445; x_wconf 89' lang='lat' dir='ltr'><strong>Deo</strong></span> <span class='ocrx_word' id='word_1_684' title='bbox 2926 4392 3156 4460; x_wconf 66' lang='lat' dir='ltr'><strong>pluet-al,</strong></span> <span class='ocrx_word' id='word_1_685' title='bbox 3193 4409 3300 4444; x_wconf 91' lang='lat' dir='ltr'><strong>non</strong></span> <span class='ocrx_word' id='word_1_686' title='bbox 3327 4396 3516 4446; x_wconf 80' lang='lat' dir='ltr'><strong>faciens</strong></span> <span class='ocrx_word' id='word_1_687' title='bbox 3535 4395 3696 4444; x_wconf 85' lang='lat' dir='ltr'><strong>anima:</strong></span> 
     </span>
    </p>
   </div>
   <div class='ocr_carea' id='block_1_90' title="bbox 2150 4486 3695 4556">
    <p class='ocr_par' dir='ltr' id='par_1_90' title="bbox 2150 4486 3695 4556">
     <span class='ocr_line' id='line_1_90' title="bbox 2150 4486 3695 4556; baseline -0.002 -18"><span class='ocrx_word' id='word_1_688' title='bbox 2150 4499 2283 4548; x_wconf 65' lang='lat' dir='ltr'><strong>sum,</strong></span> <span class='ocrx_word' id='word_1_689' title='bbox 2316 4486 2586 4556; x_wconf 85' lang='lat' dir='ltr'><strong>quomodo</strong></span> <span class='ocrx_word' id='word_1_690' title='bbox 2607 4486 2802 4554; x_wconf 78' lang='lat' dir='ltr'><strong>dignas</strong></span> <span class='ocrx_word' id='word_1_691' title='bbox 2837 4502 2933 4555; x_wconf 86' lang='lat' dir='ltr'><strong>pro</strong></span> <span class='ocrx_word' id='word_1_692' title='bbox 2963 4486 3196 4554; x_wconf 85' lang='lat' dir='ltr'><strong>peceatis</strong></span> <span class='ocrx_word' id='word_1_693' title='bbox 3226 4488 3338 4538; x_wconf 83' lang='lat' dir='ltr'><strong>suis</strong></span> <span class='ocrx_word' id='word_1_694' title='bbox 3368 4491 3695 4553; x_wconf 75' lang='lat' dir='ltr'><strong>eleeinosynas</strong></span> 
     </span>
    </p>
   </div>
   <div class='ocr_carea' id='block_1_91' title="bbox 459 4557 3698 4651">
    <p class='ocr_par' dir='ltr' id='par_1_91' title="bbox 459 4557 3698 4651">
     <span class='ocr_line' id='line_1_91' title="bbox 459 4557 3698 4651; baseline 0.003 -31"><span class='ocrx_word' id='word_1_695' title='bbox 459 4576 546 4630; x_wconf 70' lang='lat' dir='ltr'><strong>qia</strong></span> <span class='ocrx_word' id='word_1_696' title='bbox 577 4576 655 4630; x_wconf 73' lang='lat' dir='ltr'><strong>illi</strong></span> <span class='ocrx_word' id='word_1_697' title='bbox 675 4576 768 4645; x_wconf 78' lang='lat' dir='ltr'><strong>qui</strong></span> <span class='ocrx_word' id='word_1_698' title='bbox 791 4591 897 4630; x_wconf 83' lang='lat' dir='ltr'><strong>non</strong></span> <span class='ocrx_word' id='word_1_699' title='bbox 927 4577 1052 4630; x_wconf 72' lang='lat' dir='ltr'><strong>fecit</strong></span> <span class='ocrx_word' id='word_1_700' title='bbox 1095 4577 1541 4633; x_wconf 76' lang='lat' dir='ltr'><strong>misericordiam,</strong></span> <span class='ocrx_word' id='word_1_701' title='bbox 1575 4581 1674 4648; x_wconf 83' lang='lat' dir='ltr'><strong>Qui</strong></span> <span class='ocrx_word' id='word_1_702' title='bbox 1719 4597 1848 4651; x_wconf 71' lang='lat' dir='ltr'><strong>ergo</strong></span> <span class='ocrx_word' id='word_1_703' title='bbox 1893 4583 2041 4650; x_wconf 63' lang='lat' dir='ltr'><strong>fecit,</strong></span> <span class='ocrx_word' id='word_1_704' title='bbox 2075 4557 2122 4615; x_wconf 70' lang='grc' dir='ltr'>υ</span> <span class='ocrx_word' id='word_1_705' title='bbox 2154 4579 2334 4631; x_wconf 88' lang='lat' dir='ltr'><strong>facere</strong></span> <span class='ocrx_word' id='word_1_706' title='bbox 2369 4577 2632 4631; x_wconf 84' lang='lat' dir='ltr'><strong>dicendus</strong></span> <span class='ocrx_word' id='word_1_707' title='bbox 2654 4578 2770 4631; x_wconf 82' lang='lat' dir='ltr'><strong>est?</strong></span> <span class='ocrx_word' id='word_1_708' title='bbox 2820 4580 2899 4632; x_wconf 80' lang='lat' dir='ltr'><strong>Ad</strong></span> <span class='ocrx_word' id='word_1_709' title='bbox 2933 4580 3033 4631; x_wconf 88' lang='lat' dir='ltr'><strong>hoc</strong></span> <span class='ocrx_word' id='word_1_710' title='bbox 3061 4580 3204 4632; x_wconf 79' lang='lat' dir='ltr'><strong>enim</strong></span> <span class='ocrx_word' id='word_1_711' title='bbox 3237 4593 3288 4632; x_wconf 87' lang='lat' dir='ltr'><strong>et</strong></span> <span class='ocrx_word' id='word_1_712' title='bbox 3331 4581 3458 4632; x_wconf 90' lang='lat' dir='ltr'><strong>illud</strong></span> <span class='ocrx_word' id='word_1_713' title='bbox 3491 4588 3566 4631; x_wconf 90' lang='lat' dir='ltr'><strong>cst</strong></span> <span class='ocrx_word' id='word_1_714' title='bbox 3590 4593 3698 4631; x_wconf 81' lang='lat' dir='ltr'><strong>scn-</strong></span> 
     </span>
    </p>
   </div>
   <div class='ocr_carea' id='block_1_92' title="bbox 463 4670 2046 4743">
    <p class='ocr_par' dir='ltr' id='par_1_92' title="bbox 463 4670 2046 4743">
     <span class='ocr_line' id='line_1_92' title="bbox 463 4670 2046 4743; baseline 0.006 -20"><span class='ocrx_word' id='word_1_715' title='bbox 463 4670 734 4738; x_wconf 82' lang='lat' dir='ltr'><strong>itiquiuiit.</strong></span> <span class='ocrx_word' id='word_1_716' title='bbox 800 4671 1048 4738; x_wconf 82' lang='lat' dir='ltr'><strong>quamvis</strong></span> <span class='ocrx_word' id='word_1_717' title='bbox 1117 4687 1225 4726; x_wconf 93' lang='lat' dir='ltr'><strong>non</strong></span> <span class='ocrx_word' id='word_1_718' title='bbox 1273 4671 1572 4730; x_wconf 80' lang='lat' dir='ltr'><strong>correxerit</strong></span> <span class='ocrx_word' id='word_1_719' title='bbox 1633 4677 1870 4743; x_wconf 84' lang='lat' dir='ltr'><strong>perditos</strong></span> <span class='ocrx_word' id='word_1_720' title='bbox 1931 4697 2046 4732; x_wconf 89' lang='lat' dir='ltr'><strong>ino-</strong></span> 
     </span>
    </p>
   </div>
   <div class='ocr_carea' id='block_1_93' title="bbox 464 4761 2046 4835">
    <p class='ocr_par' dir='ltr' id='par_1_93' title="bbox 464 4761 2046 4835">
     <span class='ocr_line' id='line_1_93' title="bbox 464 4761 2046 4835; baseline 0.006 -19"><span class='ocrx_word' id='word_1_721' title='bbox 464 4775 571 4825; x_wconf 81' lang='lat' dir='ltr'><strong>res,</strong></span> <span class='ocrx_word' id='word_1_722' title='bbox 600 4762 697 4816; x_wconf 87' lang='lat' dir='ltr'><strong>sed</strong></span> <span class='ocrx_word' id='word_1_723' title='bbox 728 4761 935 4819; x_wconf 83' lang='lat' dir='ltr'><strong>nefarie</strong></span> <span class='ocrx_word' id='word_1_724' title='bbox 961 4778 1024 4817; x_wconf 86' lang='lat' dir='ltr'><strong>ac</strong></span> <span class='ocrx_word' id='word_1_725' title='bbox 1051 4765 1296 4833; x_wconf 81' lang='lat' dir='ltr'><strong>nequiter</strong></span> <span class='ocrx_word' id='word_1_726' title='bbox 1320 4767 1460 4821; x_wconf 86' lang='lat' dir='ltr'><strong>inter</strong></span> <span class='ocrx_word' id='word_1_727' title='bbox 1493 4769 1634 4835; x_wconf 76' lang='lat' dir='ltr'><strong>ipsas</strong></span> <span class='ocrx_word' id='word_1_728' title='bbox 1659 4783 1783 4822; x_wconf 87' lang='lat' dir='ltr'><strong>suas</strong></span> <span class='ocrx_word' id='word_1_729' title='bbox 1813 4771 2046 4825; x_wconf 90' lang='lat' dir='ltr'><strong>eleenio-</strong></span> 
     </span>
    </p>
   </div>
   <div class='ocr_carea' id='block_1_94' title="bbox 461 4856 2046 4930">
    <p class='ocr_par' dir='ltr' id='par_1_94' title="bbox 461 4856 2046 4930">
     <span class='ocr_line' id='line_1_94' title="bbox 461 4856 2046 4930; baseline 0.004 -21"><span class='ocrx_word' id='word_1_730' title='bbox 461 4868 626 4926; x_wconf 78' lang='lat' dir='ltr'><strong>sytias</strong></span> <span class='ocrx_word' id='word_1_731' title='bbox 653 4856 850 4908; x_wconf 77' lang='lat' dir='ltr'><strong>vixerit</strong></span> <span class='ocrx_word' id='word_1_732' title='bbox 869 4897 884 4921; x_wconf 96' lang='lat'><strong>,</strong></span> <span class='ocrx_word' id='word_1_733' title='bbox 909 4870 1030 4908; x_wconf 90' lang='lat' dir='ltr'><strong>eum</strong></span> <span class='ocrx_word' id='word_1_734' title='bbox 1053 4856 1421 4911; x_wconf 87' lang='lat' dir='ltr'><strong>roisericordia</strong></span> <span class='ocrx_word' id='word_1_735' title='bbox 1445 4857 1518 4912; x_wconf 87' lang='lat' dir='ltr'><strong>illi</strong></span> <span class='ocrx_word' id='word_1_736' title='bbox 1543 4858 1776 4912; x_wconf 88' lang='lat' dir='ltr'><strong>futurum</strong></span> <span class='ocrx_word' id='word_1_737' title='bbox 1795 4872 1878 4914; x_wconf 89' lang='lat' dir='ltr'><strong>est</strong></span> <span class='ocrx_word' id='word_1_738' title='bbox 1901 4863 2046 4930; x_wconf 87' lang='lat' dir='ltr'><strong>judi-</strong></span> 
     </span>
    </p>
   </div>
   <div class='ocr_carea' id='block_1_95' title="bbox 461 4946 2047 5022">
    <p class='ocr_par' dir='ltr' id='par_1_95' title="bbox 461 4946 2047 5022">
     <span class='ocr_line' id='line_1_95' title="bbox 461 4946 2047 5022; baseline 0.004 -21"><span class='ocrx_word' id='word_1_739' title='bbox 461 4961 634 5010; x_wconf 86' lang='lat' dir='ltr'><strong>cmm,</strong></span> <span class='ocrx_word' id='word_1_740' title='bbox 667 4958 720 4999; x_wconf 89' lang='lat' dir='ltr'><strong>ut</strong></span> <span class='ocrx_word' id='word_1_741' title='bbox 743 4957 834 5000; x_wconf 87' lang='lat' dir='ltr'><strong>aut</strong></span> <span class='ocrx_word' id='word_1_742' title='bbox 856 4962 962 5002; x_wconf 91' lang='lat' dir='ltr'><strong>non</strong></span> <span class='ocrx_word' id='word_1_743' title='bbox 991 4946 1271 5002; x_wconf 87' lang='lat' dir='ltr'><strong>damnetur</strong></span> <span class='ocrx_word' id='word_1_744' title='bbox 1299 4951 1541 5015; x_wconf 89' lang='lat' dir='ltr'><strong>omnino,</strong></span> <span class='ocrx_word' id='word_1_745' title='bbox 1572 4961 1662 5002; x_wconf 85' lang='lat' dir='ltr'><strong>aut</strong></span> <span class='ocrx_word' id='word_1_746' title='bbox 1689 4959 1811 5018; x_wconf 91' lang='lat' dir='ltr'><strong>post</strong></span> <span class='ocrx_word' id='word_1_747' title='bbox 1835 4952 2047 5022; x_wconf 85' lang='lat' dir='ltr'><strong>aliquod</strong></span> 
     </span>
    </p>
   </div>
   <div class='ocr_carea' id='block_1_96' title="bbox 464 5040 2050 5107">
    <p class='ocr_par' dir='ltr' id='par_1_96' title="bbox 464 5040 2050 5107">
     <span class='ocr_line' id='line_1_96' title="bbox 464 5040 2050 5107; baseline 0.003 -14"><span class='ocrx_word' id='word_1_748' title='bbox 464 5051 675 5107; x_wconf 89' lang='lat' dir='ltr'><strong>tempus</strong></span> <span class='ocrx_word' id='word_1_749' title='bbox 693 5054 723 5092; x_wconf 76' lang='grc' dir='ltr'>ει</span> <span class='ocrx_word' id='word_1_750' title='bbox 740 5040 1080 5093; x_wconf 83' lang='lat' dir='ltr'><strong>damnatione</strong></span> <span class='ocrx_word' id='word_1_751' title='bbox 1097 5040 1384 5095; x_wconf 79' lang='lat' dir='ltr'><strong>novissima</strong></span> <span class='ocrx_word' id='word_1_752' title='bbox 1403 5041 1682 5105; x_wconf 86' lang='lat' dir='ltr'><strong>liberetur;</strong></span> <span class='ocrx_word' id='word_1_753' title='bbox 1709 5057 1806 5095; x_wconf 88' lang='lat' dir='ltr'><strong>nec</strong></span> <span class='ocrx_word' id='word_1_754' title='bbox 1821 5044 1888 5095; x_wconf 90' lang='lat' dir='ltr'><strong>ob</strong></span> <span class='ocrx_word' id='word_1_755' title='bbox 1907 5045 2050 5098; x_wconf 83' lang='lat' dir='ltr'><strong>aliud</strong></span> 
     </span>
    </p>
   </div>
   <div class='ocr_carea' id='block_1_97' title="bbox 463 5130 2048 5202">
    <p class='ocr_par' dir='ltr' id='par_1_97' title="bbox 463 5130 2048 5202">
     <span class='ocr_line' id='line_1_97' title="bbox 463 5130 2048 5202; baseline 0.001 -15"><span class='ocrx_word' id='word_1_756' title='bbox 463 5133 776 5187; x_wconf 66' lang='lat' dir='ltr'><strong>existittiant</strong></span> <span class='ocrx_word' id='word_1_757' title='bbox 795 5130 1069 5186; x_wconf 82' lang='lat' dir='ltr'><strong>Christum</strong></span> <span class='ocrx_word' id='word_1_758' title='bbox 1086 5131 1280 5186; x_wconf 83' lang='lat' dir='ltr'><strong>delicto</strong></span> <span class='ocrx_word' id='word_1_759' title='bbox 1296 5141 1456 5200; x_wconf 83' lang='lat' dir='ltr'><strong>atque</strong></span> <span class='ocrx_word' id='word_1_760' title='bbox 1471 5132 1714 5200; x_wconf 82' lang='lat' dir='ltr'><strong>neglecto</strong></span> <span class='ocrx_word' id='word_1_761' title='bbox 1727 5130 1816 5202; x_wconf 74' lang='lat' dir='ltr'><strong>[de</strong></span> <span class='ocrx_word' id='word_1_762' title='bbox 1833 5136 1946 5189; x_wconf 85' lang='lat' dir='ltr'><strong>solo</strong></span> <span class='ocrx_word' id='word_1_763' title='bbox 1964 5135 2048 5188; x_wconf 87' lang='lat' dir='ltr'><strong>di-</strong></span> 
     </span>
    </p>
   </div>
   <div class='ocr_carea' id='block_1_98' title="bbox 467 5223 2050 5295">
    <p class='ocr_par' dir='ltr' id='par_1_98' title="bbox 467 5223 2050 5295">
     <span class='ocr_line' id='line_1_98' title="bbox 467 5223 2050 5295; baseline 0.003 -17"><span class='ocrx_word' id='word_1_764' title='bbox 467 5227 605 5280; x_wconf 70' lang='lat' dir='ltr'><strong>lt-ctu</strong></span> <span class='ocrx_word' id='word_1_765' title='bbox 629 5235 789 5295; x_wconf 84' lang='lat' dir='ltr'><strong>atque</strong></span> <span class='ocrx_word' id='word_1_766' title='bbox 805 5223 1072 5295; x_wconf 80' lang='lat' dir='ltr'><strong>neglectu]</strong></span> <span class='ocrx_word' id='word_1_767' title='bbox 1097 5226 1562 5295; x_wconf 86' lang='lat' dir='ltr'><strong>eleemosynarum</strong></span> <span class='ocrx_word' id='word_1_768' title='bbox 1581 5226 1957 5282; x_wconf 85' lang='lat' dir='ltr'><strong>discretionem</strong></span> <span class='ocrx_word' id='word_1_769' title='bbox 1972 5231 2050 5282; x_wconf 87' lang='lat' dir='ltr'><strong>iii-</strong></span> 
     </span>
    </p>
   </div>
   <div class='ocr_carea' id='block_1_99' title="bbox 465 5314 2050 5384">
    <p class='ocr_par' dir='ltr' id='par_1_99' title="bbox 465 5314 2050 5384">
     <span class='ocr_line' id='line_1_99' title="bbox 465 5314 2050 5384; baseline 0.001 -16"><span class='ocrx_word' id='word_1_770' title='bbox 465 5326 544 5368; x_wconf 89' lang='lat' dir='ltr'><strong>ter</strong></span> <span class='ocrx_word' id='word_1_771' title='bbox 563 5314 786 5369; x_wconf 72' lang='lat' dir='ltr'><strong>dextros</strong></span> <span class='ocrx_word' id='word_1_772' title='bbox 803 5326 855 5369; x_wconf 88' lang='lat' dir='ltr'><strong>et</strong></span> <span class='ocrx_word' id='word_1_773' title='bbox 874 5315 1124 5370; x_wconf 86' lang='lat' dir='ltr'><strong>sinistros</strong></span> <span class='ocrx_word' id='word_1_774' title='bbox 1142 5329 1260 5368; x_wconf 87' lang='lat' dir='ltr'><strong>esse</strong></span> <span class='ocrx_word' id='word_1_775' title='bbox 1285 5314 1573 5378; x_wconf 87' lang='lat' dir='ltr'><strong>facturum,</strong></span> <span class='ocrx_word' id='word_1_776' title='bbox 1601 5331 1826 5384; x_wconf 90' lang='lat' dir='ltr'><strong>quorum</strong></span> <span class='ocrx_word' id='word_1_777' title='bbox 1844 5318 1978 5369; x_wconf 90' lang='lat' dir='ltr'><strong>alios</strong></span> <span class='ocrx_word' id='word_1_778' title='bbox 1998 5320 2050 5370; x_wconf 89' lang='lat' dir='ltr'><strong>iii</strong></span> 
     </span>
    </p>
   </div>
   <div class='ocr_carea' id='block_1_100' title="bbox 466 5405 2049 5475">
    <p class='ocr_par' dir='ltr' id='par_1_100' title="bbox 466 5405 2049 5475">
     <span class='ocr_line' id='line_1_100' title="bbox 466 5405 2049 5475; baseline 0.001 -17"><span class='ocrx_word' id='word_1_779' title='bbox 466 5420 715 5475; x_wconf 84' lang='lat' dir='ltr'><strong>regnum,</strong></span> <span class='ocrx_word' id='word_1_780' title='bbox 740 5405 877 5459; x_wconf 88' lang='lat' dir='ltr'><strong>alios</strong></span> <span class='ocrx_word' id='word_1_781' title='bbox 899 5405 952 5460; x_wconf 90' lang='lat' dir='ltr'><strong>in</strong></span> <span class='ocrx_word' id='word_1_782' title='bbox 984 5406 1305 5474; x_wconf 88' lang='lat' dir='ltr'><strong>supplicium</strong></span> <span class='ocrx_word' id='word_1_783' title='bbox 1336 5410 1511 5459; x_wconf 85' lang='lat' dir='ltr'><strong>mittat</strong></span> <span class='ocrx_word' id='word_1_784' title='bbox 1536 5416 1818 5460; x_wconf 74' lang='lat' dir='ltr'><strong>aeternum.</strong></span> <span class='ocrx_word' id='word_1_785' title='bbox 1863 5406 1930 5461; x_wconf 77' lang='lat' dir='ltr'><strong>Ut</strong></span> <span class='ocrx_word' id='word_1_786' title='bbox 1955 5422 2049 5460; x_wconf 85' lang='lat' dir='ltr'><strong>au-</strong></span> 
     </span>
    </p>
   </div>
   <div class='ocr_carea' id='block_1_101' title="bbox 467 5497 2048 5566">
    <p class='ocr_par' dir='ltr' id='par_1_101' title="bbox 467 5497 2048 5566">
     <span class='ocr_line' id='line_1_101' title="bbox 467 5497 2048 5566; baseline 0.001 -16"><span class='ocrx_word' id='word_1_787' title='bbox 467 5506 572 5550; x_wconf 91' lang='lat' dir='ltr'><strong>tem</strong></span> <span class='ocrx_word' id='word_1_788' title='bbox 589 5497 902 5566; x_wconf 80' lang='lat' dir='ltr'><strong>quotidiana</strong></span> <span class='ocrx_word' id='word_1_789' title='bbox 919 5498 1018 5551; x_wconf 89' lang='lat' dir='ltr'><strong>sibi</strong></span> <span class='ocrx_word' id='word_1_790' title='bbox 1042 5497 1350 5565; x_wconf 89' lang='lat' dir='ltr'><strong>opinentur,</strong></span> <span class='ocrx_word' id='word_1_791' title='bbox 1367 5514 1483 5566; x_wconf 60' lang='lat' dir='ltr'><strong>quae</strong></span> <span class='ocrx_word' id='word_1_792' title='bbox 1509 5499 1685 5552; x_wconf 87' lang='lat' dir='ltr'><strong>facere</strong></span> <span class='ocrx_word' id='word_1_793' title='bbox 1707 5500 1926 5552; x_wconf 88' lang='lat' dir='ltr'><strong>omnino</strong></span> <span class='ocrx_word' id='word_1_794' title='bbox 1943 5515 2048 5553; x_wconf 90' lang='lat' dir='ltr'><strong>non</strong></span> 
     </span>
    </p>
   </div>
   <div class='ocr_carea' id='block_1_102' title="bbox 462 5588 2051 5661">
    <p class='ocr_par' dir='ltr' id='par_1_102' title="bbox 462 5588 2051 5661">
     <span class='ocr_line' id='line_1_102' title="bbox 462 5588 2051 5661; baseline 0.001 -16"><span class='ocrx_word' id='word_1_795' title='bbox 462 5588 572 5659; x_wconf 74' lang='lat'><strong>99</strong></span> <span class='ocrx_word' id='word_1_796' title='bbox 595 5599 838 5655; x_wconf 83' lang='lat' dir='ltr'><strong>cessant;</strong></span> <span class='ocrx_word' id='word_1_797' title='bbox 861 5590 1254 5659; x_wconf 84' lang='lat' dir='ltr'><strong>qualiacunque</strong></span> <span class='ocrx_word' id='word_1_798' title='bbox 1280 5599 1335 5646; x_wconf 85' lang='lat' dir='ltr'><strong>et</strong></span> <span class='ocrx_word' id='word_1_799' title='bbox 1358 5601 1774 5660; x_wconf 78' lang='lat' dir='ltr'><strong>quantacunque</strong></span> <span class='ocrx_word' id='word_1_800' title='bbox 1791 5592 1923 5656; x_wconf 82' lang='lat' dir='ltr'><strong>sint,</strong></span> <span class='ocrx_word' id='word_1_801' title='bbox 1957 5609 2051 5661; x_wconf 89' lang='lat' dir='ltr'><strong>per</strong></span> 
     </span>
    </p>
   </div>
   <div class='ocr_carea' id='block_1_103' title="bbox 465 5682 2047 5753">
    <p class='ocr_par' dir='ltr' id='par_1_103' title="bbox 465 5682 2047 5753">
     <span class='ocr_line' id='line_1_103' title="bbox 465 5682 2047 5753; baseline 0.002 -19"><span class='ocrx_word' id='word_1_802' title='bbox 465 5682 838 5752; x_wconf 78' lang='lat' dir='ltr'><strong>cleemosynas</strong></span> <span class='ocrx_word' id='word_1_803' title='bbox 861 5682 1058 5736; x_wconf 89' lang='lat' dir='ltr'><strong>dimitti</strong></span> <span class='ocrx_word' id='word_1_804' title='bbox 1083 5697 1242 5751; x_wconf 86' lang='lat' dir='ltr'><strong>posse</strong></span> <span class='ocrx_word' id='word_1_805' title='bbox 1271 5691 1517 5753; x_wconf 88' lang='lat' dir='ltr'><strong>peccata,</strong></span> <span class='ocrx_word' id='word_1_806' title='bbox 1551 5684 1856 5738; x_wconf 88' lang='lat' dir='ltr'><strong>orationem</strong></span> <span class='ocrx_word' id='word_1_807' title='bbox 1886 5699 2047 5752; x_wconf 86' lang='lat' dir='ltr'><strong>quam</strong></span> 
     </span>
    </p>
   </div>
   <div class='ocr_carea' id='block_1_104' title="bbox 468 5778 2048 5852">
    <p class='ocr_par' dir='ltr' id='par_1_104' title="bbox 468 5778 2048 5852">
     <span class='ocr_line' id='line_1_104' title="bbox 468 5778 2048 5852; baseline 0.003 -22"><span class='ocrx_word' id='word_1_808' title='bbox 468 5778 647 5832; x_wconf 84' lang='lat' dir='ltr'><strong>docuit</strong></span> <span class='ocrx_word' id='word_1_809' title='bbox 677 5778 788 5848; x_wconf 80' lang='lat' dir='ltr'><strong>ipse</strong></span> <span class='ocrx_word' id='word_1_810' title='bbox 819 5779 1094 5838; x_wconf 85' lang='lat' dir='ltr'><strong>Dominus.</strong></span> <span class='ocrx_word' id='word_1_811' title='bbox 1129 5789 1182 5836; x_wconf 88' lang='lat' dir='ltr'><strong>et</strong></span> <span class='ocrx_word' id='word_1_812' title='bbox 1209 5779 1632 5852; x_wconf 79' lang='lat' dir='ltr'><strong>suﬂtagatriccm</strong></span> <span class='ocrx_word' id='word_1_813' title='bbox 1659 5779 1758 5834; x_wconf 91' lang='lat' dir='ltr'><strong>sibi</strong></span> <span class='ocrx_word' id='word_1_814' title='bbox 1788 5780 2048 5834; x_wconf 89' lang='lat' dir='ltr'><strong>adhibere</strong></span> 
     </span>
    </p>
   </div>
   <div class='ocr_carea' id='block_1_105' title="bbox 2157 4669 3697 4741">
    <p class='ocr_par' dir='ltr' id='par_1_105' title="bbox 2157 4669 3697 4741">
     <span class='ocr_line' id='line_1_105' title="bbox 2157 4669 3697 4741; baseline -0.002 -20"><span class='ocrx_word' id='word_1_815' title='bbox 2157 4678 2302 4736; x_wconf 90' lang='lat' dir='ltr'><strong>ptum</strong></span> <span class='ocrx_word' id='word_1_816' title='bbox 2332 4686 2345 4723; x_wconf 90' lang='lat'><strong>:</strong></span> <span class='ocrx_word' id='word_1_817' title='bbox 2393 4671 2490 4734; x_wconf 74' lang='lat' dir='ltr'><strong>Qui</strong></span> <span class='ocrx_word' id='word_1_818' title='bbox 2523 4671 2623 4723; x_wconf 86' lang='lat' dir='ltr'><strong>sibi</strong></span> <span class='ocrx_word' id='word_1_819' title='bbox 2655 4669 2922 4741; x_wconf 89' lang='lat' dir='ltr'><strong>malignus</strong></span> <span class='ocrx_word' id='word_1_820' title='bbox 2951 4677 3053 4734; x_wconf 89' lang='lat' dir='ltr'><strong>est,</strong></span> <span class='ocrx_word' id='word_1_821' title='bbox 3085 4673 3169 4722; x_wconf 78' lang='lat' dir='ltr'><strong>cui</strong></span> <span class='ocrx_word' id='word_1_822' title='bbox 3215 4671 3384 4722; x_wconf 87' lang='lat' dir='ltr'><strong>bonus</strong></span> <span class='ocrx_word' id='word_1_823' title='bbox 3417 4670 3546 4723; x_wconf 84' lang='lat' dir='ltr'><strong>erit?</strong></span> <span class='ocrx_word' id='word_1_824' title='bbox 3587 4669 3697 4721; x_wconf 86' lang='lat' dir='ltr'><strong>Ura-</strong></span> 
     </span>
    </p>
   </div>
   <div class='ocr_carea' id='block_1_106' title="bbox 2158 4764 3698 4835">
    <p class='ocr_par' dir='ltr' id='par_1_106' title="bbox 2158 4764 3698 4835">
     <span class='ocr_line' id='line_1_106' title="bbox 2158 4764 3698 4835; baseline 0 -20"><span class='ocrx_word' id='word_1_825' title='bbox 2158 4765 2334 4816; x_wconf 87' lang='lat' dir='ltr'><strong>tiones</strong></span> <span class='ocrx_word' id='word_1_826' title='bbox 2365 4764 2560 4832; x_wconf 83' lang='lat' dir='ltr'><strong>quippe</strong></span> <span class='ocrx_word' id='word_1_827' title='bbox 2601 4765 2856 4833; x_wconf 81' lang='lat' dir='ltr'><strong>adjuvant</strong></span> <span class='ocrx_word' id='word_1_828' title='bbox 2901 4765 3281 4835; x_wconf 73' lang='lat' dir='ltr'><strong>eleemosyttai.</strong></span> <span class='ocrx_word' id='word_1_829' title='bbox 3341 4766 3407 4818; x_wconf 77' lang='lat' dir='ltr'><strong>Et</strong></span> <span class='ocrx_word' id='word_1_830' title='bbox 3448 4765 3611 4834; x_wconf 81' lang='lat' dir='ltr'><strong>utique</strong></span> <span class='ocrx_word' id='word_1_831' title='bbox 3636 4780 3698 4815; x_wconf 83' lang='lat' dir='ltr'><strong>itt-</strong></span> 
     </span>
    </p>
   </div>
   <div class='ocr_carea' id='block_1_107' title="bbox 2159 4853 3699 4922">
    <p class='ocr_par' dir='ltr' id='par_1_107' title="bbox 2159 4853 3699 4922">
     <span class='ocr_line' id='line_1_107' title="bbox 2159 4853 3699 4922; baseline -0.003 -15"><span class='ocrx_word' id='word_1_832' title='bbox 2159 4855 2413 4907; x_wconf 90' lang='lat' dir='ltr'><strong>tuendum</strong></span> <span class='ocrx_word' id='word_1_833' title='bbox 2453 4866 2536 4907; x_wconf 89' lang='lat' dir='ltr'><strong>est</strong></span> <span class='ocrx_word' id='word_1_834' title='bbox 2565 4855 2708 4922; x_wconf 89' lang='lat' dir='ltr'><strong>quod</strong></span> <span class='ocrx_word' id='word_1_835' title='bbox 2760 4853 3020 4922; x_wconf 68' lang='lat' dir='ltr'><strong>legimus:</strong></span> <span class='ocrx_word' id='word_1_836' title='bbox 3071 4853 3192 4917; x_wconf 76' lang='lat' dir='ltr'><strong>Fili,</strong></span> <span class='ocrx_word' id='word_1_837' title='bbox 3223 4857 3474 4922; x_wconf 77' lang='lat' dir='ltr'><strong>peccasti,</strong></span> <span class='ocrx_word' id='word_1_838' title='bbox 3506 4870 3564 4908; x_wconf 88' lang='lat' dir='ltr'><strong>ne</strong></span> <span class='ocrx_word' id='word_1_839' title='bbox 3588 4853 3699 4919; x_wconf 75' lang='lat' dir='ltr'><strong>adp-</strong></span> 
     </span>
    </p>
   </div>
   <div class='ocr_carea' id='block_1_108' title="bbox 2158 4946 3697 5014">
    <p class='ocr_par' dir='ltr' id='par_1_108' title="bbox 2158 4946 3697 5014">
     <span class='ocr_line' id='line_1_108' title="bbox 2158 4946 3697 5014; baseline -0.003 -15"><span class='ocrx_word' id='word_1_840' title='bbox 2158 4948 2268 5000; x_wconf 84' lang='lat' dir='ltr'><strong>cias</strong></span> <span class='ocrx_word' id='word_1_841' title='bbox 2294 4947 2511 5012; x_wconf 79' lang='lat' dir='ltr'><strong>iterum,</strong></span> <span class='ocrx_word' id='word_1_842' title='bbox 2539 4958 2593 5000; x_wconf 91' lang='lat' dir='ltr'><strong>et</strong></span> <span class='ocrx_word' id='word_1_843' title='bbox 2637 4946 2704 4999; x_wconf 90' lang='lat' dir='ltr'><strong>de</strong></span> <span class='ocrx_word' id='word_1_844' title='bbox 2737 4947 3019 5014; x_wconf 66' lang='lat' dir='ltr'><strong>praeteritis</strong></span> <span class='ocrx_word' id='word_1_845' title='bbox 3047 4946 3367 5013; x_wconf 83' lang='lat' dir='ltr'><strong>deprecare,</strong></span> <span class='ocrx_word' id='word_1_846' title='bbox 3417 4958 3471 5000; x_wconf 92' lang='lat' dir='ltr'><strong>ut</strong></span> <span class='ocrx_word' id='word_1_847' title='bbox 3513 4946 3596 4998; x_wconf 88' lang='lat' dir='ltr'><strong>tibi</strong></span> <span class='ocrx_word' id='word_1_848' title='bbox 3635 4950 3697 4996; x_wconf 82' lang='lat' dir='ltr'><strong>tlt-</strong></span> 
     </span>
    </p>
   </div>
   <div class='ocr_carea' id='block_1_109' title="bbox 2156 5037 3697 5110">
    <p class='ocr_par' dir='ltr' id='par_1_109' title="bbox 2156 5037 3697 5110">
     <span class='ocr_line' id='line_1_109' title="bbox 2156 5037 3697 5110; baseline -0.003 -18"><span class='ocrx_word' id='word_1_849' title='bbox 2156 5038 2456 5094; x_wconf 87' lang='lat' dir='ltr'><strong>mittantur.</strong></span> <span class='ocrx_word' id='word_1_850' title='bbox 2491 5039 2718 5106; x_wconf 85' lang='lat' dir='ltr'><strong>l’ropter</strong></span> <span class='ocrx_word' id='word_1_851' title='bbox 2765 5039 2866 5092; x_wconf 89' lang='lat' dir='ltr'><strong>hoc</strong></span> <span class='ocrx_word' id='word_1_852' title='bbox 2903 5053 3033 5108; x_wconf 79' lang='lat' dir='ltr'><strong>ergo</strong></span> <span class='ocrx_word' id='word_1_853' title='bbox 3079 5041 3438 5110; x_wconf 74' lang='lat' dir='ltr'><strong>elcemosyna:</strong></span> <span class='ocrx_word' id='word_1_854' title='bbox 3480 5037 3697 5094; x_wconf 72' lang='lat' dir='ltr'><strong>facienda:</strong></span> 
     </span>
    </p>
   </div>
   <div class='ocr_carea' id='block_1_110' title="bbox 2155 5109 3696 5200">
    <p class='ocr_par' dir='ltr' id='par_1_110' title="bbox 2155 5109 3696 5200">
     <span class='ocr_line' id='line_1_110' title="bbox 2155 5109 3696 5200; baseline 0.001 -17"><span class='ocrx_word' id='word_1_855' title='bbox 2155 5143 2298 5195; x_wconf 87' lang='lat' dir='ltr'><strong>sunt,</strong></span> <span class='ocrx_word' id='word_1_856' title='bbox 2354 5143 2409 5182; x_wconf 89' lang='lat' dir='ltr'><strong>ut</strong></span> <span class='ocrx_word' id='word_1_857' title='bbox 2457 5147 2577 5183; x_wconf 83' lang='lat' dir='ltr'><strong>cum</strong></span> <span class='ocrx_word' id='word_1_858' title='bbox 2633 5131 2702 5184; x_wconf 87' lang='lat' dir='ltr'><strong>de</strong></span> <span class='ocrx_word' id='word_1_859' title='bbox 2749 5109 3036 5195; x_wconf 56' lang='lat' dir='ltr'><strong>prii-teritis</strong></span> <span class='ocrx_word' id='word_1_860' title='bbox 3080 5135 3316 5198; x_wconf 87' lang='lat' dir='ltr'><strong>peccatis</strong></span> <span class='ocrx_word' id='word_1_861' title='bbox 3370 5133 3696 5200; x_wconf 78' lang='lat' dir='ltr'><strong>deprecantur.</strong></span> 
     </span>
    </p>
   </div>
   <div class='ocr_carea' id='block_1_111' title="bbox 2155 5222 3693 5290">
    <p class='ocr_par' dir='ltr' id='par_1_111' title="bbox 2155 5222 3693 5290">
     <span class='ocr_line' id='line_1_111' title="bbox 2155 5222 3693 5290; baseline -0.003 -14"><span class='ocrx_word' id='word_1_862' title='bbox 2155 5225 2524 5290; x_wconf 77' lang='lat' dir='ltr'><strong>eiaudiamur,</strong></span> <span class='ocrx_word' id='word_1_863' title='bbox 2557 5238 2660 5274; x_wconf 88' lang='lat' dir='ltr'><strong>ttoii</strong></span> <span class='ocrx_word' id='word_1_864' title='bbox 2694 5233 2769 5283; x_wconf 88' lang='lat' dir='ltr'><strong>ut,</strong></span> <span class='ocrx_word' id='word_1_865' title='bbox 2801 5222 2854 5275; x_wconf 92' lang='lat' dir='ltr'><strong>in</strong></span> <span class='ocrx_word' id='word_1_866' title='bbox 2884 5222 2963 5273; x_wconf 90' lang='lat' dir='ltr'><strong>eis</strong></span> <span class='ocrx_word' id='word_1_867' title='bbox 3000 5234 3429 5290; x_wconf 78' lang='lat' dir='ltr'><strong>perseverantes,</strong></span> <span class='ocrx_word' id='word_1_868' title='bbox 3464 5223 3693 5276; x_wconf 84' lang='lat' dir='ltr'><strong>licentiam</strong></span> 
     </span>
    </p>
   </div>
   <div class='ocr_carea' id='block_1_112' title="bbox 2157 5311 3692 5384">
    <p class='ocr_par' dir='ltr' id='par_1_112' title="bbox 2157 5311 3692 5384">
     <span class='ocr_line' id='line_1_112' title="bbox 2157 5311 3692 5384; baseline -0.003 -18"><span class='ocrx_word' id='word_1_869' title='bbox 2157 5311 2527 5367; x_wconf 87' lang='lat' dir='ltr'><strong>iiialefacieudt</strong></span> <span class='ocrx_word' id='word_1_870' title='bbox 2569 5328 2668 5366; x_wconf 90' lang='lat' dir='ltr'><strong>nos</strong></span> <span class='ocrx_word' id='word_1_871' title='bbox 2712 5327 2807 5381; x_wconf 89' lang='lat' dir='ltr'><strong>per</strong></span> <span class='ocrx_word' id='word_1_872' title='bbox 2853 5315 3230 5384; x_wconf 79' lang='lat' dir='ltr'><strong>electnosyuas</strong></span> <span class='ocrx_word' id='word_1_873' title='bbox 3278 5327 3576 5382; x_wconf 82' lang='lat' dir='ltr'><strong>comparare</strong></span> <span class='ocrx_word' id='word_1_874' title='bbox 3602 5323 3692 5362; x_wconf 81' lang='lat' dir='ltr'><strong>crc-</strong></span> 
     </span>
    </p>
   </div>
   <div class='ocr_carea' id='block_1_113' title="bbox 2156 5404 3690 5472">
    <p class='ocr_par' dir='ltr' id='par_1_113' title="bbox 2156 5404 3690 5472">
     <span class='ocr_line' id='line_1_113' title="bbox 2156 5404 3690 5472; baseline -0.005 -14"><span class='ocrx_word' id='word_1_875' title='bbox 2156 5407 2365 5458; x_wconf 90' lang='lat' dir='ltr'><strong>damus.</strong></span> <span class='ocrx_word' id='word_1_876' title='bbox 2403 5405 2524 5458; x_wconf 89' lang='lat' dir='ltr'><strong>ldeo</strong></span> <span class='ocrx_word' id='word_1_877' title='bbox 2553 5415 2730 5458; x_wconf 80' lang='lat' dir='ltr'><strong>autem</strong></span> <span class='ocrx_word' id='word_1_878' title='bbox 2759 5404 3019 5459; x_wconf 80' lang='lat' dir='ltr'><strong>Dominus</strong></span> <span class='ocrx_word' id='word_1_879' title='bbox 3051 5417 3105 5460; x_wconf 90' lang='lat' dir='ltr'><strong>et</strong></span> <span class='ocrx_word' id='word_1_880' title='bbox 3130 5405 3335 5460; x_wconf 73' lang='lat' dir='ltr'><strong>dextris</strong></span> <span class='ocrx_word' id='word_1_881' title='bbox 3366 5407 3690 5472; x_wconf 70' lang='lat' dir='ltr'><strong>elecmosynai</strong></span> 
     </span>
    </p>
   </div>
   <div class='ocr_carea' id='block_1_114' title="bbox 2153 5497 3689 5566">
    <p class='ocr_par' dir='ltr' id='par_1_114' title="bbox 2153 5497 3689 5566">
     <span class='ocr_line' id='line_1_114' title="bbox 2153 5497 3689 5566; baseline -0.007 -16"><span class='ocrx_word' id='word_1_882' title='bbox 2153 5499 2221 5550; x_wconf 85' lang='lat' dir='ltr'><strong>ab</strong></span> <span class='ocrx_word' id='word_1_883' title='bbox 2248 5498 2325 5551; x_wconf 83' lang='lat' dir='ltr'><strong>eis</strong></span> <span class='ocrx_word' id='word_1_884' title='bbox 2350 5497 2540 5564; x_wconf 84' lang='lat' dir='ltr'><strong>factas,</strong></span> <span class='ocrx_word' id='word_1_885' title='bbox 2568 5509 2620 5552; x_wconf 89' lang='lat' dir='ltr'><strong>et</strong></span> <span class='ocrx_word' id='word_1_886' title='bbox 2647 5498 2884 5552; x_wconf 84' lang='lat' dir='ltr'><strong>sinistris</strong></span> <span class='ocrx_word' id='word_1_887' title='bbox 2921 5514 3027 5550; x_wconf 90' lang='lat' dir='ltr'><strong>non</strong></span> <span class='ocrx_word' id='word_1_888' title='bbox 3070 5497 3238 5550; x_wconf 79' lang='lat' dir='ltr'><strong>factas</strong></span> <span class='ocrx_word' id='word_1_889' title='bbox 3267 5514 3325 5550; x_wconf 89' lang='lat' dir='ltr'><strong>se</strong></span> <span class='ocrx_word' id='word_1_890' title='bbox 3356 5501 3689 5566; x_wconf 85' lang='lat' dir='ltr'><strong>imputaturutu</strong></span> 
     </span>
    </p>
   </div>
   <div class='ocr_carea' id='block_1_115' title="bbox 2151 5588 3685 5657">
    <p class='ocr_par' dir='ltr' id='par_1_115' title="bbox 2151 5588 3685 5657">
     <span class='ocr_line' id='line_1_115' title="bbox 2151 5588 3685 5657; baseline -0.007 -13"><span class='ocrx_word' id='word_1_891' title='bbox 2151 5604 2271 5644; x_wconf 56' lang='lat' dir='ltr'><strong>esse</strong></span> <span class='ocrx_word' id='word_1_892' title='bbox 2301 5590 2566 5657; x_wconf 73' lang='lat' dir='ltr'><strong>praedixit,</strong></span> <span class='ocrx_word' id='word_1_893' title='bbox 2607 5599 2663 5644; x_wconf 89' lang='lat' dir='ltr'><strong>ut</strong></span> <span class='ocrx_word' id='word_1_894' title='bbox 2695 5590 2818 5644; x_wconf 82' lang='lat' dir='ltr'><strong>hinc</strong></span> <span class='ocrx_word' id='word_1_895' title='bbox 2864 5588 3176 5647; x_wconf 86' lang='lat' dir='ltr'><strong>ostenderet</strong></span> <span class='ocrx_word' id='word_1_896' title='bbox 3223 5601 3472 5657; x_wconf 88' lang='lat' dir='ltr'><strong>quantum</strong></span> <span class='ocrx_word' id='word_1_897' title='bbox 3513 5588 3685 5638; x_wconf 76' lang='lat' dir='ltr'><strong>valeant</strong></span> 
     </span>
    </p>
   </div>
   <div class='ocr_carea' id='block_1_116' title="bbox 2153 5675 3682 5750">
    <p class='ocr_par' dir='ltr' id='par_1_116' title="bbox 2153 5675 3682 5750">
     <span class='ocr_line' id='line_1_116' title="bbox 2153 5675 3682 5750; baseline -0.009 -16"><span class='ocrx_word' id='word_1_898' title='bbox 2153 5681 2510 5750; x_wconf 77' lang='lat' dir='ltr'><strong>eleeniosyna:</strong></span> <span class='ocrx_word' id='word_1_899' title='bbox 2540 5679 2606 5734; x_wconf 86' lang='lat' dir='ltr'><strong>ad</strong></span> <span class='ocrx_word' id='word_1_900' title='bbox 2633 5681 2804 5748; x_wconf 81' lang='lat' dir='ltr'><strong>ptiura</strong></span> <span class='ocrx_word' id='word_1_901' title='bbox 2837 5678 3082 5744; x_wconf 81' lang='lat' dir='ltr'><strong>delenda,</strong></span> <span class='ocrx_word' id='word_1_902' title='bbox 3117 5694 3222 5732; x_wconf 88' lang='lat' dir='ltr'><strong>non</strong></span> <span class='ocrx_word' id='word_1_903' title='bbox 3255 5679 3319 5733; x_wconf 90' lang='lat' dir='ltr'><strong>ad</strong></span> <span class='ocrx_word' id='word_1_904' title='bbox 3351 5690 3582 5748; x_wconf 79' lang='lat' dir='ltr'><strong>pctpctua</strong></span> <span class='ocrx_word' id='word_1_905' title='bbox 3609 5675 3682 5724; x_wconf 84' lang='lat' dir='ltr'><strong>im-</strong></span> 
     </span>
    </p>
   </div>
   <div class='ocr_carea' id='block_1_117' title="bbox 2155 5769 3683 5844">
    <p class='ocr_par' dir='ltr' id='par_1_117' title="bbox 2155 5769 3683 5844">
     <span class='ocr_line' id='line_1_117' title="bbox 2155 5769 3683 5844; baseline -0.011 -17"><span class='ocrx_word' id='word_1_906' title='bbox 2155 5789 2296 5844; x_wconf 84' lang='lat' dir='ltr'><strong>pune</strong></span> <span class='ocrx_word' id='word_1_907' title='bbox 2324 5771 2701 5828; x_wconf 66' lang='lat' dir='ltr'><strong>cottuitittrnda</strong></span> <span class='ocrx_word' id='word_1_908' title='bbox 2753 5779 2988 5841; x_wconf 72' lang='lat' dir='ltr'><strong>peccata.</strong></span> <span class='ocrx_word' id='word_1_909' title='bbox 3023 5769 3181 5826; x_wconf 77' lang='lat' dir='ltr'><strong>Tales</strong></span> <span class='ocrx_word' id='word_1_910' title='bbox 3223 5781 3398 5826; x_wconf 83' lang='lat' dir='ltr'><strong>autem</strong></span> <span class='ocrx_word' id='word_1_911' title='bbox 3437 5771 3683 5829; x_wconf 62' lang='lat' dir='ltr'><strong>eleuatis}-</strong></span> 
     </span>
    </p>
   </div>
   <div class='ocr_carea' id='block_1_118' title="bbox 3817 4491 3832 5891">
    <p class='ocr_par' dir='ltr' id='par_1_118' title="bbox 3817 4829 3827 5891">
     <span class='ocr_line' id='line_1_118' title="bbox 3821 4829 3827 4983; baseline 0 0"><span class='ocrx_word' id='word_1_912' title='bbox 3821 4829 3827 4983; x_wconf 51' lang='grc' dir='ltr'>ἵ</span> 
     </span>
     <span class='ocr_line' id='line_1_119' title="bbox 3819 5541 3821 5693; baseline 0 0"><span class='ocrx_word' id='word_1_913' title='bbox 3819 5541 3821 5693; x_wconf 88' lang='grc' dir='ltr'><strong>Ι</strong></span> 
     </span>
     <span class='ocr_line' id='line_1_120' title="bbox 3817 5737 3819 5891; baseline 0 0"><span class='ocrx_word' id='word_1_914' title='bbox 3817 5737 3819 5891; x_wconf 86' lang='grc' dir='ltr'><strong>Ι</strong></span> 
     </span>
    </p>
   </div>
   <div class='ocr_carea' id='block_1_119' title="bbox 3811 5891 3819 5942">
    <p class='ocr_par' dir='ltr' id='par_1_119' title="bbox 3811 5891 3819 5942">
     <span class='ocr_line' id='line_1_121' title="bbox 3811 5891 3819 5942; baseline 0 0"><span class='ocrx_word' id='word_1_915' title='bbox 3811 5891 3819 5942; x_wconf 79' lang='lat' dir='ltr'><strong>l</strong></span> 
     </span>
    </p>
   </div>
  </div>
