3842 6226
171 513 270 566 797
1369 519 1805 576 ἸΠΕδλυῐῖυὲ.
1849 523 1999 578 CAP.
2045 527 2149 581 Cll.

3296 541 3396 594 79?.

163 666 258 705 ras
289 671 389 705 non
421 634 629 708 dicezuii
661 666 780 706 sunt
808 657 996 717 [ποίει-ιι,
1029 656 1116 723 qui
1148 656 1306 708 vitam
1340 657 1523 708 nolunt
1546 671 1571 707 a
1594 672 1713 708 eon-

1828 637 1925 686 hoe
1953 641 2120 702 ipsum
2165 643 2302 697 Deus
2331 646 2397 698 de
2428 647 2705 700 sacriﬁciis
2756 649 3050 714 admonuit,
3090 667 3207 720 qua:
3242 653 3403 722 jussit

1831 742 1924 778 eus
1955 732 2176 793 primum
2210 751 2301 798 pro
2336 740 2468 799 suis,
2509 739 2703 793 deinde
2729 756 2823 806 pro
2854 745 3025 810 populi
3058 744 3251 797 offerre
3282 763 3402 811 pee-

1830 823 1980 873 catie.
2019 825 2144 876 Nam
2184 836 2235 878 et
2265 828 2375 895 ipsa
2409 833 2569 885 verba
2621 837 2750 888 tanti
2795 840 3032 894 madstri
3079 849 3132 892 et
3187 839 3402 892 Domini

161 743 438 797 .suetmliue
468 746 726 797 scelerum
760 747 808 796 in
840 746 1023 798 melius
1052 757 1405 809 commutare,
1441 749 1560 815 quia
1592 757 1646 800 et
1673 749 1722 800 in

164 835 266 886 hoc
300 837 437 901 quod
474 835 566 894 ait,
599 836 821 899 Quando
851 837 935 888 uni
961 852 1024 890 ex
1054 839 1282 890 minimis
1315 841 1444 890 meis
1470 853 1571 890 n0n
1601 839 1726 889 feri-

158 927 278 986 stis,
312 924 438 977 mihi
465 942 568 976 non
599 926 818 988 fecistis,
852 931 1082 982 ostendit
1110 945 1202 980 eos
1224 946 1327 981 non
1362 930 1537 984 facere
1561 932 1720 984 etiam

156 1015 371 1075 quando
423 1031 481 1067 se
521 1017 693 1069 facere
750 1019 1074 1072 existimant.
1124 1022 1180 1074 Si
1232 1024 1372 1075 enim
1420 1023 1722 1076 Christiano

157 1109 415 1158 esurienti
447 1110 631 1172 panem
657 1122 898 1177 tanquam
924 1112 1223 1166 Christiano
1245 1115 1449 1177 darent,
1477 1116 1720 1181 profecto

154 1197 259 1247 sibi
285 1212 469 1263 panem
502 1200 739 1262 jusritir,
770 1203 908 1267 quod
941 1204 1054 1270 ipse
1091 1205 1334 1260 Chrisms
1360 1216 1461 1270 est,
1493 1223 1595 1259 non
1629 1222 1720 1260 ne-

155 1295 363 1347 gat-ent.
396 1288 643 1353 quoniam
673 1291 810 1342 Deus
842 1308 944 1343 non
971 1293 1053 1345 cui
1079 1293 1250 1358 detur,
1283 1295 1373 1349 sed
1404 1313 1511 1362 quo
1541 1301 1719 1348 animo

152 1380 313 1427 detur
342 1379 584 1431 atto-tulit.
615 1381 709 1444 Qui
739 1397 863 1451 ergo
896 1383 1160 1437 Christum
1189 1385 1353 1455 diigit
1382 1386 1435 1440 in
1462 1387 1720 1441 Christia-

154 1481 222 1516 no
241 1506 257 1529 ,
293 1471 392 1520 hoc
419 1471 595 1522 animo
617 1471 663 1522 ei
696 1473 908 1541 porrigit
933 1475 1348 1543 eleemosynam,
1373 1492 1477 1543 quo
1509 1480 1718 1532 accedit

151 1556 213 1607 ail
253 1554 547 1624 Christum,
595 1576 697 1614 non
756 1578 860 1629 quo
907 1566 1016 1616 vult
1060 1566 1308 1619 recedere
1351 1568 1638 1633 impunitus
1686 1586 1713 1622 a

148 1649 388 1701 tlbristo.
417 1650 588 1702 Tanto
614 1653 751 1704 enim
772 1655 937 1722 magis
956 1656 1177 1723 quisque
1200 1656 1396 1709 deserit
1420 1659 1712 1716 Christum.

149 1750 352 1804 quanto
381 1745 545 1810 magis
575 1742 748 1810 diligit
791 1746 928 1809 quod
973 1746 1234 1810 improbat
1277 1747 1538 1801 Christus.
1581 1749 1710 1801 Nam

146 1830 276 1889 quid
293 1830 481 1898 cuique
512 1832 729 1899 prodest
756 1834 892 1898 quod
925 1836 1296 1901 baptizatur.si
1328 1851 1430 1888 non
1460 1836 1714 1903 jnstilica-

149 1917 486 1973 tur2N0uue
523 1922 610 1987 qui
641 1922 806 1987 dixit,
864 1924 971 1978 Nisi
1027 1923 1144 1993 quis
1194 1938 1409 1981 renatus
1454 1931 1607 1981 luerit
1648 1947 1711 1983 ex

144 2023 284 2074 aqua
339 2021 393 2062 et
435 2007 637 2074 Spiritu
681 2010 908 2081 [sancto]
958 2030 1061 2068 non
1113 2017 1330 2070 intrabit
1390 2019 1439 2070 iu
1499 2036 1715 2087 regnum

145 2098 262 2162 Dei,
297 2098 409 2170 ipse
456 2099 612 2152 etiam
662 2101 819 2170 dixit,
877 2103 982 2156 Nisi
1022 2105 1366 2159 abundaverit
1391 2107 1589 2175 justitia
1623 2126 1717 2163 ve-

140 2202 252 2245 stra
276 2203 436 2256 super
463 2189 765 2244 Scribarum
798 2204 845 2245 et
873 2193 1279 2257 Pbarismurum,
1317 2213 1417 2250 neu
1447 2201 1718 2256 inti-abitis

141 2280 191 2330 iu
220 2294 444 2344 regnum
469 2284 723 2335 cmlorum
750 2283 773 2334 ?
802 2284 907 2336 Cur
935 2285 1061 2338 illud
1089 2287 1322 2340 timendo
1348 2290 1495 2341 multi
1526 2301 1716 2346 curant

141 2369 525 2440 liaptizari,et
573 2373 673 2426 hoc
721 2389 823 2426 non
874 2376 1109 2428 timendo
1161 2392 1264 2430 non
1324 2380 1471 2432 multi
1525 2391 1711 2434 curant

138 2461 462 2526 justilfcari‘t
521 2464 671 2516 Sicut
721 2479 848 2528 ergo
890 2481 991 2515 non
1046 2466 1189 2520 fratri
1220 2482 1314 2518 suo
1359 2469 1487 2522 dicit
1547 2471 1706 2534 fatue,

139 2551 233 2616 qui
291 2567 409 2606 cum
445 2551 548 2612 hoc
597 2553 728 2605 dicit
774 2571 877 2606 non
919 2554 1014 2621 ipsi
1067 2556 1400 2620 fraternitati,
1449 2560 1538 2609 sed
1595 2577 1709 2625 pet:-

138 2655 263 2693 i-.ito
310 2643 425 2708 ejus
456 2642 694 2702 Infensus
723 2653 824 2708 est,
872 2646 1106 2714 alioquin
1150 2663 1272 2700 rens
1303 2651 1404 2700 erit
1452 2650 1708 2714 gebenua:

137 2731 313 2795 ignis;
345 2733 410 2784 ita
437 2748 466 2788 ε
491 2745 701 2794 conitar
724 2751 852 2802 tiqui
886 2738 1103 2803 porrigit
1133 2739 1526 2805 eleemosyuavn
1557 2741 1712 2790 Chri-

138 2831 348 2878 st.ano.
376 2837 481 2877 non
527 2824 832 2878 Christiano
865 2827 1102 2892 porrigit,
1137 2827 1222 2893 qui
1251 2844 1352 2878 non
1379 2827 1428 2877 in
1456 2844 1519 2880 co
1542 2833 1712 2897 diligit

139 2909 448 2975 Christum;
481 2928 584 2968 nun
615 2927 788 2967 autem
818 2915 985 2983 diligit
1011 2916 1280 2968 Christum
1323 2919 1406 2984 qui
1431 2918 1710 2986 justiticari

136 3003 441 3056 recusatio
473 3001 547 3075 [tt]
593 3003 835 3069 Christo;
894 3019 942 3059 et
998 3010 1440 3074 tptemadmodum
1490 3012 1535 3064 si
1595 3016 1713 3081 quis

139 3105 552 3163 przroccupatus
586 3093 743 3147 fuerit
771 3097 870 3147 hoc
902 3095 976 3165 [in
1022 3096 1219 3168 aliquo]
1257 3098 1444 3151 delicto
1475 3111 1529 3152 ut
1567 3103 1713 3156 fratri

136 3199 242 3234 suo
276 3184 418 3239 dicat
446 3185 604 3248 fatue,
639 3187 687 3238 id
739 3197 838 3247 est,
895 3202 997 3240 non
1054 3191 1170 3254 ejus
1223 3200 1490 3257 peccatum
1529 3195 1714 3247 volens

132 3273 382 3338 auferre,
424 3276 754 3330 convieietur
804 3278 996 3346 injuste
1046 3277 1395 3349 [convincitur
1439 3281 1702 3353 justitim],

1829 919 1995 968 nosn'i
2051 917 2330 984 vigilanter
2382 922 2629 976 intuenda
2675 937 2814 980 sunt.
2858 929 2968 981 Non
3013 931 3154 983 enim
3196 941 3290 994 at,
3345 933 3398 984 Si

1826 1007 2135 1059 tlimiseritis
2178 1021 2391 1074 peccata
2450 1013 2771 1076 hominibus.
2814 1028 2866 1072 et
2906 1019 3059 1072 Pater
3097 1034 3274 1073 veSter
3311 1021 3397 1071 tli-

1826 1098 1999 1148 mi:tet
2033 1097 2181 1157 vobis
2212 1101 2596 1166 qualiacunque
2635 1115 2881 1168 peccata;
2924 1109 3014 1161 sed
3047 1111 3119 1160 ait
3177 1109 3395 1161 Peccata

1823 1197 2028 1250 vestra;
2067 1189 2428 1268 quotidianam
2469 1193 2667 1260 qu5ppe
2705 1197 2998 1248 orationem
3039 1199 3263 1250 doct-bat
3288 1240 3303 1262 ,
3344 1210 3397 1251 «ιι

1818 1276 2119 1341 jtmitieatls
2142 1283 2321 1348 utique
2345 1282 2618 1347 discipulis
2648 1284 2978 1352 loqoebatur.
3006 1289 3139 1352 Quid
3164 1297 3396 1356 estergo

1825 1381 2038 1435 peccata
2069 1381 2262 1428 vestra.
2301 1373 2402 1426 nisi
2437 1383 2650 1441 peccata
2673 1376 2790 1429 sine
2820 1378 3009 1437 quibus
3042 1395 3137 1432 nec
3167 1395 3257 1432 vos
3289 1385 3396 1434 eri-

1823 1460 1909 1523 tis,
1942 1461 2030 1531 qui
2056 1459 2324 1527 institit-oti
2365 1472 2419 1516 et
2448 1466 2760 1518 sanctilieati
2791 1469 2958 1520 estis?
2995 1468 3090 1523 Ubi
3132 1487 3260 1536 ergo
3296 1472 3393 1539 illi,

1818 1547 1906 1614 qui
1949 1563 2042 1613 per
2072 1549 2204 1601 hanc
2234 1552 2526 1606 oralionem
2547 1557 2882 1610 occasionem
2903 1560 3376 1625 perpetrandorum

1818 1639 2053 1703 quotidie
2082 1642 2346 1694 scelerum
2375 1655 2638 1711 qimzruut,
2674 1646 2854 1698 dicunt
2886 1648 3167 1702 Dominum
3190 1651 3397 1719 signiti-

1817 1745 1857 1779 c.
1880 1743 1965 1786 sse
1991 1733 2151 1783 etiau
2189 1749 2378 1801 magna
2411 1746 2645 1800 precata.
2681 1739 2930 1804 quoniam
2963 1756 3065 1793 non
3095 1742 3250 1805 dixit,
3310 1728 3395 1796 Di-
3447 1746 3451 1750 ’

1819 1818 1988 1868 mittet
2016 1823 2116 1869 voib
2141 1838 2166 1874 s
2188 1837 2377 1887 .parva,
2410 1825 2502 1876 sed
2536 1837 2749 1891 peccata
2792 1839 2989 1892 vestra,
3034 1830 3106 1883 ibi
3140 1847 3236 1884 nos
3265 1847 3394 1884 cou-

1819 1913 1896 1967 sid
1923 1926 2110 1968 rantes
2149 1919 2390 1979 qualibus
2418 1919 2748 1984 ioqucbatur,
2791 1933 2844 1973 et
2883 1924 3158 1976 audientes
3190 1927 3386 1980 dictum

1824 2013 2031 2072 peccata
2060 2015 2258 2064 γοηινει,
2295 2007 2422 2063 nihil
2454 2010 2596 2060 aliud
2619 2009 2875 2061 debemus
2905 2013 3210 2065 existimare
3234 2033 3388 2083 quant

1823 2107 2000 2155 parva,
2038 2107 2290 2160 quoniam
2337 2096 2515 2148 talium
2554 2099 2663 2165 juu
2707 2116 2810 2151 non
2851 2111 2999 2154 erant
3040 2119 3248 2171 magna.
3299 2107 3392 2160 ve-

1819 2192 2113 2236 runitameu
2147 2201 2243 2239 nec
2280 2187 2389 2253 ipsa
2421 2200 2631 2254 magna,
2665 2204 2692 2240 a
2721 2192 2913 2257 quibus
2938 2194 3154 2247 omnino
3180 2200 3392 2251 mutatis

1818 2271 1868 2323 in
1903 2273 2090 2325 melius
2114 2275 2351 2330 morilms
2383 2276 2739 2330 recedendum
2776 2289 2876 2343 est,
2913 2280 3252 2335 ditnittuutur
3278 2301 3392 2338 ora-

1817 2363 2067 2425 tionibus,
2113 2364 2208 2416 nisi
2252 2364 2340 2417 ﬂat
2370 2366 2506 2433 quod
2537 2367 2603 2419 ibi
2633 2366 2830 2419 dicitur
2860 2385 2873 2420 :
2908 2369 3058 2423 Sicut
3089 2387 3184 2424 nos
3215 2373 3391 2425 dimit-
3466 2381 3473 2388 '

1817 2454 1974 2503 timus
2000 2452 2329 2510 debitoribus
2360 2455 2576 2508 nostris.
2621 2454 2674 2508 Si
2721 2458 2860 2508 enim
2907 2460 3120 2512 minima
3154 2473 3389 2527 precata,

1814 2543 1929 2594 sine
1959 2543 2153 2608 quibus
2186 2560 2288 2594 non
2322 2555 2402 2596 est
2440 2548 2599 2597 etiam
2629 2548 2732 2597 vita
2765 2546 3053 2613 justorum,
3088 2553 3244 2604 aliter
3285 2569 3388 2606 non

1817 2647 1854 2681 γε
1878 2631 2184 2698 mittuntur,
2220 2645 2416 2700 quanto
2442 2637 2606 2703 magis
2635 2638 2810 2688 multis
2839 2647 2892 2690 et
2915 2643 3115 2706 magnis
3154 2643 3390 2696 crimini-

1816 2720 1910 2773 bus
1950 2721 2193 2786 involuti,
2249 2726 2407 2778 etiam
2440 2725 2482 2775 si
2515 2743 2573 2777 ea
2618 2737 2926 2792 perpetrare
2957 2730 3224 2793 desinant,
3269 2735 3389 2785 nul-

1815 2817 1915 2868 lam
1958 2818 2335 2885 indulgentiam
2368 2832 2784 2888 consequuntur,
2836 2825 2879 2876 si
2909 2826 2972 2878 ad
3013 2832 3387 2885 remittendum

1818 2907 1938 2960 aliis
1981 2911 2120 2975 quod
2174 2911 2225 2962 in
2283 2926 2375 2962 eos
2436 2913 2659 2979 quisque
2705 2917 3001 2986 peccaverit
3040 2917 3389 2973 inexorabiles

1819 3000 2031 3062 fui-rint,
2059 3017 2178 3053 cum
2210 3002 2349 3055 dicat
2394 3003 2664 3065 Dominus,
2717 3005 2768 3056 Si
2803 3016 2977 3059 autem
3023 3024 3125 3059 non
3168 3009 3390 3063 dimise-

1816 3089 1930 3142 ritis
1958 3090 2258 3143 bominilms
2289 3092 2574 3162 [peccata],
2606 3110 2775 3162 neque
2811 3096 2962 3148 l'ater
2998 3107 3177 3151 vester
3213 3101 3390 3152 diruit-

1819 3188 1891 3232 tet
1934 3181 2103 3233 vobis.
2161 3180 2237 3232 Ad
2281 3183 2380 3233 hoc
2421 3185 2560 3235 enim
2604 3187 2743 3237 valet
2783 3186 2920 3252 quod
2963 3188 3118 3239 etiam
3160 3188 3388 3242 Jacobus

1817 3272 2086 3334 apostolus
2126 3272 2234 3330 ait,
2277 3272 2540 3323 ludii-ium
2586 3273 2817 3326 futurum
2861 3277 2973 3327 sine
3024 3278 3386 3330 misericordia

132 3379 331 3430 pirum
376 3376 456 3417 est
486 3365 561 3419 illi
595 3367 658 3418 ad
702 3367 799 3420 boc
831 3369 1196 3422 redimendum
1228 3371 1598 3439 eleemosynas
1631 3375 1706 3426 fa-

1819 3350 1880 3410 illi
1912 3363 1996 3425 qui
2031 3378 2130 3410 non
2161 3362 2342 3412 fecerit
2365 3362 2800 3415 misericordiam.
2838 3364 3029 3418 Venire
3061 3368 3255 3433 quippe
3287 3368 3382 3419 de-

131 3470 289 3519 evre,
323 3453 422 3506 nisi
453 3456 611 3508 etiam
639 3456 775 3523 quod
809 3458 876 3508 ibi
909 3461 1145 3525 sequitur
1191 3460 1482 3512 remedium
1523 3477 1715 3514 recon-

132 3545 430 3596 oiliationis
481 3545 750 3613 adjungat.
809 3546 881 3598 lbi
931 3549 1069 3600 enim
1124 3552 1406 3615 sequitur:
1451 3552 1502 3603 Si
1537 3551 1707 3622 [οῖδα]

127 3634 301 3686 offers
333 3649 520 3685 munus
546 3645 688 3686 tuum
717 3635 779 3687 ad
804 3638 987 3699 altare,
1019 3646 1073 3690 ct
1106 3637 1166 3690 ‘bi
1198 3642 1501 3692 recordatus
1537 3641 1708 3695 fueris

127 3723 261 3787 quia
292 3723 454 3774 frater
485 3732 603 3774 tuus
637 3723 792 3777 habet
817 3726 1014 3792 aliquid
1045 3727 1329 3780 adversum
1362 3739 1440 3792 te,
1473 3730 1714 3796 relinque

131 3814 212 3865 ibi
262 3828 458 3866 munus
492 3823 638 3867 tuum
669 3816 732 3868 ad
778 3817 966 3880 altare,
1010 3828 1062 3871 et
1103 3820 1237 3872 vade
1287 3821 1430 3887 prius
1481 3823 1712 3875 reconci-

125 3909 256 3962 liari
286 3908 435 3962 fratri
462 3919 574 3972 tuo,
607 3919 661 3962 et
692 3921 814 3964 tunc
839 3911 1056 3965 veniens
1095 3911 1286 3966 oﬂ'eres
1319 3931 1507 3966 munus
1543 3926 1712 3969 tuum.

127 3998 210 4052 Ita
255 4013 442 4059 parum
473 4008 556 4053 est
600 3999 965 4069 eleetnosynas
994 4003 1346 4069 quantaslibet
1394 4004 1564 4058 facere
1618 4020 1714 4072 pro

123 4103 459 4158 quocunque
487 4096 714 4154 scelere,
746 4101 799 4144 et
826 4092 876 4144 in
900 4094 1281 4146 consuetudine
1308 4095 1566 4149 scelerum
1598 4112 1714 4162 per-

125 4192 379 4232 manere.
411 4178 592 4232 Oratio
625 4194 750 4231 vero
779 4181 1105 4247 quotidiana,
1156 4198 1312 4249 quam
1369 4184 1548 4239 docuit
1602 4185 1714 4250 ipso

125 4271 324 4334 Iesus,
357 4269 494 4321 unde
542 4279 593 4322 et
637 4268 902 4322 Dominica
960 4271 1263 4324 nominatur
1310 4273 1711 4344 [uttucnpatur],

125 4361 288 4416 nclet
319 4358 532 4426 quidem
564 4359 870 4427 quotidiana
920 4371 1132 4427 peccata
1172 4377 1289 4414 cum
1318 4365 1555 4430 quotidie
1585 4365 1715 4418 diei-

125 4463 222 4504 tur
249 4467 267 4503 :
304 4449 516 4503 Dimitte
542 4449 694 4503 nobis
744 4450 916 4502 debita
957 4463 1176 4517 noswa;
1222 4462 1378 4518 atque
1421 4454 1713 4525 [quoniam]

126 4544 182 4594 id
214 4541 366 4608 quod
397 4539 636 4606 sequitur
663 4555 764 4592 non
807 4541 977 4594 solum
1027 4542 1238 4607 dicitur,
1275 4543 1365 4595 sed
1399 4545 1558 4595 etiam
1612 4547 1668 4596 lit
1699 4563 1712 4598 :

123 4633 294 4685 Sicut
321 4639 376 4682 et
401 4645 496 4681 nos
525 4630 834 4682 dimittimus
861 4630 1186 4683 debitoribus
1217 4636 1427 4684 nostris.
1460 4632 1565 4687 Sed
1590 4632 1710 4701 quia

123 4729 280 4777 Iiunt
320 4732 556 4789 peccata,
590 4723 708 4775 ideo
736 4721 950 4787 dicitur,
995 4739 1096 4776 nou
1154 4733 1210 4776 ut
1256 4725 1373 4778 ideo
1419 4726 1545 4777 fiant
1591 4728 1711 4793 quia

123 4813 362 4867 dicitur.
393 4813 492 4865 Per
525 4814 657 4865 hanc
696 4813 837 4865 enim
868 4813 1021 4867 nobis
1053 4814 1216 4868 voluit
1258 4814 1502 4870 Salvator
1530 4827 1714 4872 osten-

119 4905 272 4958 dere
299 4903 684 4968 quantumlibet
707 4900 849 4968 juste
879 4903 928 4955 in
960 4902 1113 4970 hujus
1143 4905 1260 4955 vita:
1291 4905 1519 4973 caligine
1559 4919 1716 4975 atque

119 4995 460 5050 infirmiuue
499 4995 760 5055 vivamus,
797 5009 897 5046 non
940 4995 1091 5048 nobis
1122 4995 1306 5049 deesse
1347 5009 1578 5062 peccata,
1624 5019 1716 5069 pro

115 5087 335 5156 quibus
360 5084 688 5137 dimittendis
722 5084 1006 5137 debeamus
1037 5101 1207 5149 orare,
1233 5097 1285 5137 et
1314 5088 1389 5139 eis
1421 5092 1505 5154 qui
1541 5093 1588 5141 in
1623 5110 1717 5146 ltus

117 5182 388 5246 peccant,
430 5184 484 5225 ut
508 5185 561 5228 et
599 5174 752 5224 nobis
781 5173 1099 5240 ignoseatur,
1136 5177 1429 5243 ignoscere.
1465 5182 1575 5231 Ἀθη
1609 5183 1708 5234 ita-

112 5280 238 5333 quc
276 5275 555 5331 propterea
600 5263 851 5315 Dominus
900 5264 994 5327 ait,
1037 5264 1090 5318 Si
1140 5265 1445 5318 dimiseritis
1496 5282 1706 5333 pert-ala

113 5354 449 5409 horninibus
487 5352 716 5407 dimittet
737 5353 885 5406 vobis
915 5363 968 5405 et
996 5355 1146 5406 l’ater
1169 5365 1346 5407 vester
1377 5368 1590 5424 peccata
1624 5374 1704 5412 ve-

111 5462 268 5510 stra,
310 5456 362 5498 ut
397 5448 462 5499 de
519 5447 618 5500 hac
665 5448 903 5498 oratione
950 5446 1135 5499 cmu’isi
1183 5448 1352 5500 securi
1402 5451 1706 5516 (ιιιυιὶιιὶηιιει

114 5541 351 5605 scelera
384 5538 697 5601 faceremus,
727 5539 810 5592 vel
837 5538 1088 5606 potentia,
1122 5553 1223 5603 qua
1257 5555 1355 5590 non
1402 5541 1709 5596 timeremus

111 5631 417 5688 Immimun
446 5631 614 5698 leges,
647 5631 726 5684 vel
757 5632 970 5693 astutia,
998 5646 1095 5698 qua
1130 5632 1268 5697 ipsos
1293 5633 1533 5687 homines
1565 5635 1712 5688 falle-

109 5736 359 5786 tt-mus,
419 5724 511 5774 Sed
560 5731 616 5774 ut
667 5739 759 5788 per
799 5723 942 5774 iilam
1001 5722 1322 5776 disceremus
1365 5739 1466 5776 non
1527 5736 1710 5792 putare

109 5830 227 5869 niis
258 5827 385 5864 esse
418 5813 533 5866 sine
572 5813 819 5879 peccatis,
861 5813 1021 5864 etiam
1063 5814 1105 5865 si
1165 5831 1192 5864 a
1223 5814 1532 5866 Criminibus
1560 5830 1707 5868 essc-

108 5920 249 5962 mus
301 5903 582 5971 immunes,
624 5904 758 5957 sicut
797 5904 950 5957 etiam
1001 5905 1130 5973 legis
1172 5907 1362 5960 vcti‘ris
1402 5910 1706 5961 sacvrdotes

1799 3630 1972 3701 jussit
2015 3643 2070 3682 ttt
2139 3631 2405 3697 redderet,

1819 3451 1904 3502 bet
1955 3451 2003 3501 in
2047 3462 2274 3503 mentem
2303 3452 2462 3503 etiam
2504 3467 2689 3504 servus
2718 3454 2807 3506 ille
2833 3457 2915 3506 cui
2949 3457 3180 3508 debitori
3210 3456 3387 3508 domi-

1819 3556 1916 3592 nus
1949 3542 2206 3592 relaxavit
2253 3541 2436 3592 deet-nt
2480 3543 2642 3594 millia
2677 3542 3019 3607 talentorum,
3063 3560 3179 3611 qme
3207 3555 3386 3614 postea

2480 3632 2600 3699 quia
2661 3648 2765 3685 non
2826 3635 3077 3686 misertus
3123 3646 3204 3688 est
3261 3650 3387 3687 cou-

1817 3724 1955 3775 servi
1985 3725 2068 3786 qui
2101 3723 2149 3775 ei
2184 3723 2414 3775 debebat
2457 3735 2667 3775 centum
2714 3723 2982 3777 denarios.
3042 3728 3095 3777 In
3133 3727 3213 3778 bis
3260 3739 3387 3792 ergo

1818 3815 1904 3882 qii
1965 3816 2055 3866 lilii
2123 3824 2246 3867 sunt
2305 3815 2679 3880 promissionis
2729 3824 2784 3867 et
2835 3830 2958 3867 vasa
3011 3817 3388 3870 misericordie

1825 3906 1979 3974 100
2012 3905 2148 3958 valet
2205 3904 2343 3971 quod
2375 3905 2448 3956 ait
2495 3905 2630 3957 idem
2670 3906 2959 3972 apostolus,
3001 3914 3389 3972 consequenter

1816 3997 2108 4064 adjungcas
2145 4015 2158 4047 :
2189 3993 2568 4062 Superexultat
2619 4007 2794 4049 autem
2839 3997 3206 4050 misericordia
3248 3997 3390 4064 judi-

1817 4090 1899 4149 cio
1928 4087 2258 4160 [judicium],
2294 4087 2540 4154 quoniam
2572 4096 2623 4140 et
2671 4088 2744 4140 illi
2776 4089 2866 4154 qui
2913 4097 3054 4140 tanta
3104 4090 3388 4143 sanctitate

1820 4179 2082 4242 \ixerunt,
2134 4187 2192 4230 ut
2235 4178 2367 4229 alios
2405 4192 2612 4244 quoque
2664 4177 2993 4243 recipiaotin
3049 4178 3386 4230 tabernacula

1819 4285 1863 4323 te
1889 4283 2033 4332 erna,
2085 4267 2276 4334 quibus
2327 4267 2480 4318 amici
2537 4266 2657 4318 facti
2699 4275 2823 4318 sunt
2862 4266 2929 4319 de
2959 4281 3258 4319 mammona
3289 4267 3388 4319 ini-

1817 4357 2052 4426 quitatis,
2102 4368 2153 4408 ut
2200 4358 2330 4410 tales
2357 4364 2558 4421 essent,
2601 4355 2956 4411 misericordia
3012 4356 3218 4408 liberati
3267 4368 3390 4411 sunt

1819 4451 1888 4501 ab
1909 4463 1974 4500 eo
2000 4447 2088 4514 qui
2109 4447 2360 4514 justificat
2394 4447 2631 4514 impium,
2667 4445 2930 4512 imputaus
2977 4446 3275 4500 mercedem
3307 4463 3391 4497 se-

1818 4536 2046 4590 cundum
2073 4511 2294 4603 gratiaiu
2323 4578 2337 4600 ,
2373 4551 2475 4588 non
2521 4535 2810 4587 secundum
2834 4534 3089 4587 debitum.
3119 4534 3170 4587 lu
3202 4549 3388 4588 eorum

1820 4630 2012 4697 quippe
2053 4643 2274 4681 numero
2315 4641 2388 4680 CSI
2424 4628 2731 4694 Apostolus,
2765 4627 2851 4695 qui
2893 4626 3058 4680 dicit:
3093 4628 3390 4681 Misericor-

1745 4699 1793 4760 θ
1820 4723 1958 4773 diam
2007 4729 2328 4771 consecutus
2376 4734 2514 4783 sum,
2559 4727 2612 4769 ut
2647 4718 2813 4769 fidelis
2857 4732 3052 4770 essem.
3088 4719 3159 4771 Illi
3212 4727 3386 4770 autem

1822 4813 1908 4879 qui
1953 4811 2274 4878 recipiuntur
2300 4825 2327 4860 a
2363 4809 2550 4862 talibus
2598 4809 2650 4860 in
2697 4809 3034 4862 tabernacula
3065 4823 3283 4870 reterns.
3314 4811 3390 4862 fa-

1824 4903 2036 4957 tendmn
2068 4913 2147 4955 cst
2193 4903 2327 4962 quod
2363 4917 2464 4954 non
2497 4902 2597 4954 sint
2649 4902 2729 4954 his
2761 4904 2995 4954 moribus
3053 4904 3278 4971 prarditi,
3331 4913 3389 4956 ut

1821 4996 1898 5047 eis
1938 4993 2221 5045 liberandis
2267 4992 2379 5043 sine
2430 4992 2680 5058 suifragio
2727 5003 3030 5043 sanctorum
3083 5008 3175 5045 sua
3225 4994 3387 5054 possit

1829 5086 1931 5136 vita
1963 5083 2297 5140 sttfliccre,ac
2329 5095 2417 5147 per
2453 5081 2551 5135 hoc
2580 5082 2744 5132 multo
2769 5083 2994 5144 amplius
3024 5081 3074 5134 in
3107 5084 3182 5135 eis
3203 5098 3387 5149 super-

1810 5177 2010 5235 exultat
2031 5173 2386 5236 misericordia
2403 5171 2599 5245 judicio
2616 5171 2929 5244 [judicium].
2947 5172 3052 5225 Nec
3074 5181 3245 5224 tamen
3270 5173 3388 5223 ideo

1817 5269 2076 5337 putandus
2135 5273 2216 5317 est
2265 5265 2542 5331 quisquam
2572 5263 3008 5316 sceleratissimus
3055 5277 3383 5330 nequaquam

1817 5364 1918 5413 vita
1951 5360 2030 5412 vel
2065 5361 2197 5410 bona
2230 5358 2309 5408 vel
2355 5355 2714 5408 tolerabiliore
2745 5364 2972 5406 mutatus
3007 5353 3165 5420 recipi
3198 5354 3248 5406 in
3301 5364 3380 5407 ta-

1818 5451 2095 5503 hernccnia
2123 5458 2345 5508 mterna,
2391 5446 2635 5513 quoniam
2670 5447 2949 5498 obsecutus
2991 5451 3073 5494 est
3099 5446 3294 5495 sanctis
3313 5449 3386 5498 de

1819 5556 2118 5594 mammona
2153 5538 2467 5604 iniquitatis,
2495 5537 2542 5589 id
2571 5545 2670 5602 est,
2698 5537 2766 5590 de
2793 5536 3030 5603 pecunia,
3056 5537 3134 5588 vel
3157 5536 3379 5601 divitiis,

1825 5649 1941 5700 qua:
1979 5634 2115 5684 male
2145 5633 2355 5683 fuerunt
2383 5630 2650 5699 acquisin
2672 5647 2684 5693 ;
2708 5629 2812 5696 jam
2841 5627 2950 5698 [aut
2978 5627 3156 5697 etiam]
3177 5628 3218 5679 si
3248 5627 3385 5683 bene

1816 5741 1918 5777 non
1951 5735 2125 5776 tamen
2154 5723 2310 5786 veris,
2337 5722 2430 5775 sed
2461 5737 2589 5788 quas
2622 5720 2866 5788 iniquitas
2896 5728 3041 5791 putat
3077 5734 3194 5773 esse
3241 5719 3385 5773 divi-

1816 5817 1935 5881 tias,
1983 5813 2228 5882 quoniam
2269 5813 2436 5864 nescit
2477 5827 2594 5880 qua)
2618 5811 2724 5864 sint
2754 5826 2888 5863 vera:
2934 5811 3150 5863 divitia‘.
3191 5810 3383 5880 quibus

1814 5909 1886 5962 illi
1921 5908 2188 5961 abundant
2231 5906 2315 5974 qui
2362 5914 2416 5958 et
2442 5904 2575 5958 alios
2629 5903 2886 5971 recipiunt
2929 5902 2981 5957 in
3037 5903 3369 5957 tabernacula
