3886 6224
380 355 487 416 ειη

1471 361 1532 416 Ι).
1576 354 1892 415 EUGYl‘l‘Il
1935 355 2225 412 ABDATIS
2259 354 2580 412 AFRICANI

3565 344 3664 400 800

381 481 607 529 aeterna.
660 475 756 532 Est
793 475 971 545 itaque
1007 474 1220 543 quidam
1253 473 1373 527 vita:
1420 489 1508 528 tuo
1528 476 1632 539 lus,
1656 487 1760 528 nec
1791 484 1965 525 tamen
1996 473 2046 530 Α
2074 469 2249 538 potius
2273 484 2396 524 esse
2423 471 2731 539 vivendum,
2766 482 2822 527 ut
2865 471 3002 527 inter
3032 458 3408 540 ens-quisque
3435 466 3664 533 reperis.

385 564 564 633 mala),
609 574 667 621 ut
693 566 884 636 bisqui
935 581 1051 621 eam
1079 573 1260 619 vzvunt
1306 564 1436 619 nihil
1486 565 1655 631 prosit
1684 564 1750 618 ad
1789 578 1968 631 capes-

386 659 626 713 sendum
662 675 882 729 regnum
913 662 1171 715 calorum
1211 660 1428 729 largitas
1476 661 1964 730 eleemosynarum,

386 749 578 811 quibus
622 746 780 801 etiam
808 747 1073 817 justurnm
1124 755 1458 804 sustentatur
1497 748 1698 817 inopia,
1732 759 1786 803 et
1837 749 1971 803 fluuit

386 839 541 894 amici
571 839 659 909 qui
686 840 738 892 in
767 829 1105 895 tabernacula
1133 851 1332 895 aeterna
1364 841 1690 909 suscipiant,
1733 855 1834 894 nec
1863 851 1969 891 tam

389 932 542 986 bona
586 940 645 986 ut
691 931 757 986 ad
790 942 989 987 tantam
1033 924 1410 989 béatitudinem
1441 932 1844 1002 adipiscendam
1891 931 1971 986 eis

389 1023 503 1089 ipsa
532 1022 762 1078 sufficiat
793 1024 893 1080 nisi
924 1041 1107 1080 eorum
1140 1025 1342 1080 meritis
1362 1040 1498 1095 quos
1520 1025 1723 1079 amicos
1749 1023 1975 1078 fecerint

391 1111 817 1170 misericordiam
864 1129 1279 1188 consequantur.
1336 1119 1513 1174 Mirari
1571 1129 1749 1173 autem
1800 1120 1970 1182 soleo,

389 1203 548 1258 etiam
570 1206 708 1269 apud
734 1206 1006 1276 Virgilium
1052 1208 1272 1276 reperiri
1304 1209 1458 1263 istam
1498 1209 1708 1263 Domini
1756 1217 1974 1262 sentcn-

394 1291 521 1346 tiam
546 1293 634 1350 ubi
663 1295 735 1347 ait
759 1311 772 1346 :
809 1296 990 1350 Facite
1032 1298 1185 1351 vobis
1214 1298 1416 1352 amicos
1434 1297 1502 1350 de
1544 1311 1847 1350 mammona
1877 1295 1975 1349 ini-

391 1383 631 1451 quitatis,
651 1393 707 1438 ttt
725 1395 777 1440 et
799 1386 895 1454 ipsi
912 1388 1170 1455 recipiant
1191 1403 1285 1441 vos
1314 1389 1366 1442 in
1391 1387 1728 1442 tabernacula
1753 1396 1974 1442 aeterna.

392 1474 492 1528 Cui
510 1486 587 1530 est
607 1477 691 1530 illa
712 1477 977 1533 simillima
995 1499 1008 1531 :
1023 1479 1123 1545 Qui
1148 1479 1336 1548 recipit
1357 1481 1668 1549 prephetam
1689 1482 1739 1534 in
1765 1480 1980 1534 nomine

369 1553 667 1635 “prophetae
691 1567 991 1642 mercedem
1025 1570 1295 1638 prophetae
1323 1573 1566 1639 accipiet,
1591 1582 1644 1624 ct
1672 1572 1760 1638 qui
1787 1571 1981 1638 recipit

390 1654 594 1727 justum
642 1659 692 1712 in
739 1661 954 1716 nomine
1000 1660 1151 1728 justi,
1204 1662 1500 1716 mercedem
1547 1661 1677 1731 justi
1720 1661 1980 1726 accipiet;

393 1765 517 1806 nam
546 1766 666 1806 cum
701 1748 912 1823 Elysios
948 1769 1167 1824 campos
1200 1764 1352 1822 poeta
1383 1756 1472 1809 ille
1506 1753 1858 1818 describeret,
1891 1753 1998 1807 ubi:

2072 570 2158 615 tur
2179 561 2266 629 qui
2295 577 2390 629 pro
2419 562 2539 616 aliis
2569 565 2912 620 intercessuri
2951 576 3072 621 sunt
3103 560 3431 622 liberandis,
3467 574 3534 611 ne
3561 568 3657 610 tam

2073 654 2225 723 pauci
2255 657 2381 716 sint,
2416 663 2474 707 ιιι
2499 657 2608 708 cito
2646 657 2712 710 ad
2749 674 3028 712 numerum
3060 672 3238 720 suum,
3264 652 3350 708 vel
3382 651 3660 710 tricenum,
3715 643 3720 646 ’

2072 751 2152 802 vel
2179 762 2524 816 sexagenum.
2564 751 2643 801 vel
2665 759 2951 804 centenum
2979 762 3301 816 unoquoque
3335 759 3530 799 eorum
3555 758 3666 807 per-

2072 841 2318 893 veniente
2351 840 2500 893 tttttlti
2538 849 2870 904 remaneant,
2904 842 2993 908 qui
3021 839 3136 894 erui
3164 839 3276 907 jam
3299 836 3374 890 de
3400 831 3576 902 pretiis
3604 830 3662 881 il-

2074 928 2245 983 lorum
2270 930 2663 985 intercessione
2693 945 2797 983 non
2830 931 3060 999 possint,
3086 941 3138 983 et
3170 931 3224 982 in
3250 930 3331 983 eis
3365 923 3666 979 inveniatur

2073 1023 2313 1091 quisquis
2335 1021 2435 1076 sibi
2460 1037 2612 1090 spem
2637 1021 2842 1076 fructus
2865 1022 3028 1076 alieni
3045 1023 3348 1075 temeritate
3374 1015 3658 1072 vanissima

2076 1116 2269 1188 pollice
2296 1128 2387 1167 υτ.

2666 1181 2895 1237 CAPUT
2933 1179 3060 1234 CLl.

2083 1305 2158 1360 De
2184 1314 2377 1360 caterua
2404 1311 2458 1356 et
2488 1294 2904 1353 iucommntabili'
2927 1294 3220 1356 uoluntate;
3267 1309 3330 1345 ex
3365 1292 3462 1345 lib.
3493 1292 3558 1345 de
3585 1288 3665 1343 Ci-

2650 1368 2809 1420 vitate
2835 1364 2931 1417 Dei
2958 1378 3092 1418 nn.

2154 1485 2316 1542 Multa
2347 1481 2478 1537 fiunt
2505 1475 2704 1553 [enimj
2719 1474 2935 1546 quidem
2965 1490 2994 1528 a
3019 1473 3172 1528 malis
3203 1483 3397 1526 contra
3423 1471 3662 1524 volunta-

2085 1591 2191 1634 tem
2223 1569 2337 1639 Dei,
2370 1572 2467 1629 sed
2490 1577 2653 1625 tanta
2674 1577 2757 1623 est
2781 1566 2870 1621 ille
2898 1563 3179 1635 sapientia:
3207 1573 3480 1630 tantzeque
3504 1561 3665 1613 virtu-

2087 1671 2177 1735 tis,
2210 1677 2267 1722 ut
2295 1671 2348 1720 in
2383 1678 2481 1720 eos
2509 1663 2706 1725 exitus,
2734 1660 2846 1714 sive
2876 1657 3029 1723 lines,
3055 1671 3189 1723 quos
3224 1656 3394 1709 bonos
3422 1663 3478 1707 et
3502 1652 3666 1719 justus

2089 1763 2204 1832 ipse
2227 1757 2518 1830 praescivit,
2543 1755 2763 1809 tendant
2789 1751 2967 1806 omnia
3001 1741 3418 1820 quauoluntatt’
3444 1742 3565 1814 ejus
3587 1744 3660 1795 vi-

393 1851 580 1910 putant
627 1843 868 1899 habitare
924 1845 1128 1898 animas
1183 1845 1483 1908 beatorum,
1533 1861 1639 1901 non
1683 1846 1855 1900 solum
1907 1845 1975 1899 ibi
2011 1842 2054 1900 Β
2081 1857 2278 1910 dentur
2303 1851 2562 1915 adversa;
2590 1862 2654 1902 ac
2690 1860 2783 1915 per
2812 1846 2914 1898 hoc
2945 1858 3064 1896 cum
3111 1841 3256 1896 Deus
3298 1852 3508 1893 mutare
3536 1832 3663 1888 dici-

394 1937 571 2004 posuit
601 1951 695 1990 eos
725 1938 815 2006 qui
858 1938 1087 2009 propriis
1112 1938 1318 1993 meritis
1355 1939 1418 1992 ad
1451 1940 1566 1993 illas
1594 1938 1750 1994 sedes
1789 1955 1821 2007 p
1859 1953 1978 1991 rve-

355 2019 358 2022 ’
395 2027 510 2080 nire
543 2037 849 2096 potuerunt,
897 2030 989 2084 sed
1019 2031 1200 2100 adjicit
1240 2030 1303 2082 ad
1336 2045 1453 2100 qua:
1484 2029 1686 2103 [atque]
1709 2030 1820 2084 ait:
1851 2029 1978 2097 Qui-

396 2131 496 2184 que
545 2121 625 2174 sui
656 2136 922 2177 memores
951 2124 1084 2178 alios
1132 2120 1308 2179 fecere
1353 2123 1630 2189 merendo,
1669 2125 1717 2177 id
1750 2134 1853 2187 est,
1885 2123 1977 2193 qui

396 2219 803 2276 promerucrunt
854 2211 1008 2277 alios,
1064 2228 1262 2282 eosque
1319 2214 1402 2266 sui
1451 2229 1718 2268 memores
1769 2229 1982 2282 preme-

396 2300 559 2353 rendo
605 2300 868 2356 fecerunt.
910 2302 1132 2356 Prorsus
1167 2286 1418 2372 tanquam
1469 2303 1550 2356 eis
1579 2302 1806 2364 diceret,
1837 2303 1978 2370 quod

396 2390 864 2459 freqttentaturore
878 2392 1331 2460 Christianorum,
1346 2408 1469 2448 cum
1488 2408 1545 2448 se
1557 2393 1754 2461 cuique
1765 2405 1981 2448 sancto-

396 2491 510 2533 rum
541 2479 760 2536 humilis
807 2481 1032 2552 quisque
1082 2483 1426 2538 commendat
1472 2492 1529 2539 et
1571 2483 1740 2539 dicit:
1777 2485 1988 2539 Memor

396 2572 500 2626 mei
532 2584 666 2637 esto;
718 2582 879 2641 atque
921 2585 977 2627 ut
1022 2573 1075 2627 id
1118 2589 1240 2629 esse
1277 2567 1448 2644 possit
1477 2575 1836 2643 promerendo
1866 2567 1988 2629 effi-

399 2663 489 2716 cit.
531 2662 636 2716 Sed
663 2664 782 2731 quis
805 2665 908 2717 iste
932 2665 1000 2718 sit
1028 2664 1240 2729 modus,
1270 2674 1325 2718 et
1349 2680 1469 2734 qua:
1491 2665 1597 2720 sint
1628 2661 1740 2733 ipsa
1767 2675 1986 2735 peccata

403 2765 521 2819 quae
549 2750 620 2806 ita
653 2752 948 2821 impediunt
981 2755 1386 2822 pervcntionem
1424 2753 1491 2809 ad
1524 2769 1746 2824 regnum
1785 2755 1900 2821 Dei,
1929 2767 1988 2810 ut

405 2851 583 2897 tamen
606 2843 902 2896 amicorum
927 2851 1231 2898 sanctorum
1259 2845 1466 2899 meritis
1496 2844 1783 2915 impetrent
1813 2846 1989 2901 indul-

403 2937 663 3005 gentiam,
681 2936 1050 2991 difficillimum
1080 2945 1163 2992 est
1184 2938 1443 3003 invenire,
1473 2938 1986 3007 periculosissimum

404 3027 650 3082 definire.
687 3021 799 3097 Ego
847 3038 997 3083 certe
1042 3043 1210 3098 usque
1247 3027 1310 3082 ad
1353 3030 1453 3082 hoc
1485 3039 1693 3097 tempus
1714 3043 1834 3083 cum
1867 3029 1991 3082 inde

404 3128 737 3188 satagerem,
784 3118 850 3174 ad
914 3134 1102 3173 eorum
1171 3119 1476 3187 indaginem
1542 3121 1821 3186 pervenire
1885 3135 1989 3173 non

2080 1957 2168 2002 tur
2197 1945 2554 2009 voluntatem,
2589 1950 2645 1993 ut
2673 1938 2866 2009 quibus
2899 1937 3035 1991 lenis
3081 1944 3221 2000 erat,
3275 1931 3422 1987 verbi
3471 1933 3661 2000 gratia,

2081 2038 2333 2095 reddatur
2351 2036 2540 2099 iratus,
2562 2032 2636 2086 illi
2657 2013 2831 2099 potius
2851 2042 3009 2098 quam
3033 2026 3148 2095 ipse
3166 2032 3455 2083 mutantur,
3478 2033 3532 2076 et
3547 2036 3576 2074 e
3601 2033 3660 2073 ut

2081 2126 2485 2201 quodammodo
2517 2131 2775 2178 mutatum
2809 2120 2866 2178 in
2921 2119 3006 2172 bis
3049 2133 3170 2186 quae
3220 2117 3488 2184 pa‘iuntur
3521 2113 3660 2166 inve-

2085 2225 2240 2275 niunt
2270 2235 2290 2272 τ
2343 2218 2483 2271 sicut
2508 2223 2745 2269 mutatur
2792 2212 2871 2265 sol
2920 2209 3091 2264 oeulis
3130 2209 3404 2270 s-meiatis,
3429 2215 3483 2260 et
3512 2219 3661 2272 asper

2083 2310 2481 2382 quodammodo
2531 2323 2598 2361 ex
2660 2305 2770 2360 ιιιίιί
2812 2316 2863 2358 et
2929 2317 2994 2356 ex
3045 2299 3348 2355 delectabili
3419 2297 3660 2351 molestus

2086 2405 2194 2461 eflit
2215 2405 2341 2466 itur,
2383 2417 2506 2454 cum
2555 2398 2672 2466 ipse
2697 2395 2836 2466 apud
2882 2393 3116 2461 seipsum
3157 2399 3370 2444 maneat
3398 2389 3532 2442 idem
3579 2389 3660 2452 qui

2090 2498 2210 2552 fttit.
2246 2494 2454 2548 Dicitur
2487 2491 2647 2546 etiam
2675 2488 2921 2540 voluntas
2947 2484 3062 2549 Dei,
3085 2499 3244 2552 quam
3276 2481 3396 2535 facit
3419 2480 3469 2534 in
3494 2477 3660 2530 cordi-

2088 2590 2188 2645 bus
2211 2584 2574 2641 obedient’um
2609 2579 2875 2635 mandatis
2897 2577 3036 2643 ejus,
3065 2575 3132 2629 de
3160 2589 3263 2644 qua
3288 2573 3411 2626 dicit
3440 2571 3656 2638 Aposto-

2091 2683 2206 2736 lus:
2245 2680 2386 2732 Deus
2417 2685 2496 2729 est
2550 2673 2692 2726 enim
2724 2670 2815 2740 qui
2855 2677 3106 2737 operatur
3136 2665 3188 2719 in
3223 2664 3394 2727 nobis,
3424 2672 3473 2715 et
3500 2659 3654 2722 velle;

2092 2777 2228 2830 sicut
2253 2769 2464 2842 justitia
2489 2766 2607 2831 Dei,
2638 2781 2740 2818 non
2768 2763 2938 2816 solum
2972 2760 3096 2828 quia
3137 2759 3252 2824 ipse
3279 2757 3448 2823 justus
3484 2763 3559 2842 est
3584 2750 3655 2842 dif

2090 2839 2376 2927 citur,‘.~cd
2414 2858 2500 2910 illa
2543 2855 2703 2910 etiam
2751 2867 2908 2920 quam
2967 2849 3126 2902 homo
3169 2846 3246 2918 [in
3291 2841 3540 2913 homine],
3578 2839 3658 2906 qui

2093 2955 2163 3009 ab
2189 2954 2278 3006 illo
2305 2949 2625 3016 iustificatur
2657 2944 2777 2998 facit
2807 2961 2819 2994 :
2845 2942 2922 2996 sic
2951 2952 3001 2994 et
3027 2940 3112 2993 lex
3144 2938 3262 3003 ejus
3291 2945 3518 2997 vocatur,
3546 2946 3654 2998 qua:

2095 3046 2270 3114 potius
2281 3051 2363 3095 est
2377 3039 2670 3103 hominum,
2686 3034 2782 3088 sed
2800 3033 2865 3087 ab
2883 3034 2998 3100 ipso
3018 3031 3136 3084 data
3157 3024 3525 3101 [Itominibnslz
3544 3037 3657 3076 nam

2102 3140 2284 3206 utique
2315 3132 2561 3187 homines
2591 3137 2744 3184 erant
2782 3126 2978 3196 quibus
3020 3125 3097 3176 ait
3122 3122 3315 3176 .lesus:
3351 3119 3402 3172 lu
3448 3117 3552 3185 iege
3581 3129 3657 3166 ve-

406 3207 581 3276 potui,
610 3215 666 3261 et
694 3207 934 3264 fortassis
967 3218 1248 3278 propterea
1278 3209 1466 3272 latent,
1492 3223 1560 3262 ne
1596 3208 1832 3262 studium
1873 3225 1996 3279 pro—
2024 3208 2070 3268 C
2104 3240 2212 3284 ειη
2231 3230 2487 3296 scriptum
2507 3232 2742 3288 esl’cum
2763 3220 2868 3273 alio
2887 3219 3008 3272 loco
3028 3211 3424 3285 legamnszLes
3463 3209 3661 3276 Deiejus

409 3300 621 3356 liciendi
665 3299 731 3355 ad
758 3302 938 3355 omnia
989 3301 1225 3354 cavenda
1275 3310 1492 3369 peccata
1541 3302 1826 3370 pigrescat.
1859 3317 1990 3370 quc-

409 3394 549 3446 niam
588 3393 637 3448 si
663 3393 929 3449 scireutur
980 3408 1099 3461 quae
1149 3392 1232 3447 vel
1280 3393 1460 3462 qualia
1499 3393 1609 3448 sint
1655 3393 1847 3448 delicta
1896 3408 1993 3462 pro

409 3484 604 3554 quibus
631 3482 793 3539 etiam
827 3484 1286 3550 permanentibus,
1313 3497 1412 3538 nec
1443 3494 1697 3554 provectu
1727 3483 1852 3538 vita:
1878 3499 1993 3539 me-

411 3575 560 3630 tiaris
588 3575 894 3645 assumptis,
926 3575 1244 3640 i-tereessio
1298 3576 1369 3630 sit
1407 3575 1724 3645 iiquirenda
1774 3586 1829 3630 et
1863 3591 1991 3648 Spe-

411 3667 575 3720 randa
601 3663 892 3733 iustorum,
923 3667 1001 3719 eis
1028 3680 1214 3719 secura
1245 3681 1305 3720 se
1331 3667 1624 3721 obvolvere
1647 3667 1879 3721 humana
1901 3683 1991 3723 se-

413 3757 579 3824 gnitia
608 3755 928 3827 [segnities],
955 3773 1053 3812 nec
1075 3759 1246 3811 evolvi
1278 3759 1474 3812 talibus
1497 3759 1910 3826 implicamentis
1933 3761 1994 3814 il-

415 3846 520 3900 lius
549 3846 764 3911 virtutis
813 3848 1156 3916 expeditione
1204 3855 1436 3910 curaret,
1490 3846 1582 3901 sed
1626 3849 1996 3904 tantummodo

414 3946 682 4004 quaereret
709 3935 936 3990 aliorum
980 3938 1189 3992 meritis
1221 3937 1458 4005 liberari,
1499 3953 1635 4007 quos
1665 3940 1866 3994 amicos
1894 3940 1994 3994 sihi

413 4028 480 4083 de
502 4043 803 4083 mammona
828 4028 1118 4099 iniquitatis
1146 4030 1608 4098 eleemosynarum
1639 4031 1884 4100 largitate
1917 4033 1997 4089 fe-

413 4122 595 4176 cisset.
618 4120 769 4177 Nunc
799 4137 928 4177 vero
957 4121 1083 4176 dum
1115 4122 1339 4177 venialis
1382 4121 1696 4192 iniquitatis,
1747 4124 1908 4178 etiam
1950 4123 1995 4178 si

415 4225 743 4283 perseveret,
766 4216 1043 4287 ignoratur
1069 4216 1280 4282 modus,
1325 4216 1568 4285 profecto
1594 4226 1649 4270 et
1677 4217 1913 4272 studium
1942 4217 1993 4270 iu

417 4307 641 4361 meliora
673 4307 1010 4376 proficiendi,
1056 4308 1262 4361 orando
1299 4316 1355 4361 et
1399 4306 1652 4362 instando
1694 4307 1997 4377 vigilantius

413 4397 721 4463 adhibetur,
761 4408 817 4452 et
849 4397 1076 4452 faciendi
1109 4398 1176 4452 de
1199 4413 1502 4452 mammona
1537 4397 1841 4466 iniquitatis
1865 4412 1995 4452 san-

413 4504 531 4545 ctos
561 4491 762 4545 amicos
791 4504 916 4543 cura
945 4505 1050 4543 non
1075 4492 1368 4557 spernitur.
1406 4488 1602 4544 Verum
1633 4487 1734 4542 ista
1752 4487 1998 4543 liberatio

342 4624 349 4631 .
414 4599 535 4652 qua:
565 4583 622 4636 fit
651 4581 765 4637 sive
792 4582 904 4635 suis
931 4582 1232 4650 quibusque
1279 4581 1634 4646 orationibus,
1676 4582 1792 4636 sive
1829 4581 1989 4636 inter-
2028 4578 2075 4637 D

416 4673 734 4728 cedentibus
784 4675 1014 4736 sanctis,
1067 4673 1120 4726 id
1166 4675 1298 4742 agit,
1341 4682 1399 4726 ιιι
1444 4674 1497 4726 in
1546 4673 1724 4742 ignem
1773 4674 1999 4743 quisque

417 4779 525 4820 non
550 4763 792 4818 mittatur
816 4774 1094 4829 :eternum,
1125 4781 1229 4818 non
1261 4773 1319 4818 ut
1334 4781 1454 4819 cum
1482 4767 1640 4820 fuerit
1660 4765 1855 4820 missus
1881 4777 2000 4835 post

415 4863 887 4925 quantumcunque
929 4855 1052 4909 inde
1110 4867 1322 4924 tempus
1367 4867 1608 4912 eruatur.
1639 4857 1771 4911 Nam
1817 4867 1872 4912 et
1924 4859 2001 4912 illi

414 4949 504 5017 qui
537 4956 728 5017 putant
753 4947 832 5000 sic
859 4946 1261 5016 intelligendum
1288 4962 1409 5002 csse
1435 4947 1576 5016 quod
1607 4949 1864 5018 scriptum
1892 4961 1997 5013 est,

415 5037 611 5094 afferre
649 5047 846 5092 terram
879 5037 1070 5091 bonam
1101 5038 1316 5092 uberem
1361 5038 1612 5100 fructum,
1653 5040 1810 5092 aliam
1843 5041 2002 5094 trice-

415 5145 564 5194 num,
588 5127 753 5182 aliam
784 5143 1133 5198 sexagenum,
1168 5129 1325 5184 aliam
1367 5138 1677 5196 centenum,
1728 5143 1784 5185 ut
1832 5130 2002 5185 sancti

419 5237 514 5290 pro
543 5236 766 5277 suorum
791 5220 1105 5277 diversitate
1133 5222 1468 5289 meritorum,
1503 5225 1592 5278 alii
1631 5227 1863 5279 tricenos
1897 5228 2004 5278 ho-

417 5316 590 5371 mines
620 5313 874 5382 luberent,
907 5314 999 5368 alii
1032 5330 1350 5384 sexagenos,
1381 5316 1470 5370 alii
1499 5327 1779 5382 centenos,
1820 5321 1921 5373 hoc
1952 5320 2001 5371 in

417 5410 503 5464 die
545 5407 735 5478 judicii
785 5406 1020 5463 futurum
1065 5407 1325 5475 suspicari
1364 5409 1558 5475 solent,
1593 5427 1697 5464 non
1724 5413 2006 5481 postjudi-

418 5497 587 5554 cium.
616 5499 734 5568 Qua
755 5500 1010 5569 opinione
1031 5499 1248 5568 quidam
1271 5515 1396 5554 cum
1418 5500 1626 5556 videret
1648 5503 1893 5558 homines
1919 5505 2014 5557 im.

423 5589 720 5657 punitatem
773 5590 877 5645 sibi
935 5591 1344 5657 perversissimc
1379 5591 1719 5661 pollicentes,
1759 5608 1825 5649 eo
1865 5596 2008 5667 qttod

423 5693 614 5732 omnes
645 5680 751 5734 isto
773 5681 1017 5734 modoad
1049 5681 1422 5736 liberationem
1448 5683 1714 5750 pertinere
1745 5701 1900 5754 posse
1932 5688 2009 5742 vi.

426 5767 675 5839 dcauiur,
697 5771 1092 5851 elegantissime
1119 5773 1465 5854 respondisse
1495 5774 1837 5843 perhibetur,
1873 5778 2006 5833 bene

2101 3324 2150 3375 iit
2182 3318 2344 3374 corde
2386 3316 2592 3384 ipsius:
2648 3311 2938 3367 secundum
2973 3307 3305 3362 voluntatem
3339 3305 3468 3356 hanc
3513 3313 3656 3370 quam

2100 3412 2239 3465 Deus
2263 3419 2517 3479 operatur
2549 3407 2599 3459 itt
2627 3402 2930 3457 hominibus
2945 3399 3105 3454 etiam
3141 3398 3280 3451 velle
3309 3397 3512 3456 dicitur,
3532 3389 3658 3457 quod

2099 3518 2206 3556 non
2240 3502 2354 3567 ipse
2377 3501 2507 3560 vult,
2538 3495 2630 3550 sed
2655 3509 2782 3546 suos
2814 3492 2862 3544 id
2892 3491 3133 3544 volentes
3163 3487 3326 3546 facit;
3374 3486 3502 3539 sicut
3535 3484 3658 3537 dici-

2100 3603 2184 3647 tur
2210 3589 2554 3660 cognovisse,
2597 3584 2737 3655 quod
2781 3594 2833 3637 ut
2859 3589 3276 3651 cognosceretur
3305 3575 3426 3632 fecit
3451 3571 3605 3647 {facit}
3625 3585 3655 3624 a

2100 3685 2293 3748 quibus
2321 3681 2684 3751 ignorabatur.
2720 3677 2900 3745 Neque
2927 3676 3069 3729 enim
3115 3672 3332 3728 dicente
3376 3668 3612 3737 Apostolo
3635 3708 3652 3732 ,

2103 3776 2251 3828 Nunc
2281 3783 2464 3826 autem
2498 3777 2880 3838 cognoscentes
2907 3766 3093 3828 Deum,
3127 3765 3235 3817 imo
3265 3762 3457 3829 cogniti
3486 3775 3511 3812 a
3537 3759 3653 3821 Deo,

2103 3865 2180 3918 fas
2212 3875 2293 3918 est
2322 3872 2378 3915 ut
2398 3861 2678 3914 credamus
2705 3856 2846 3928 quod
2880 3871 2976 3910 eos
3016 3865 3143 3909 tunc
3183 3853 3493 3923 cognoverit
3539 3851 3658 3903 Deus

2104 3953 2456 4023 prmcognitos
2501 3961 2624 4003 ante
2677 3944 3113 4001 constitutionem
3163 3943 3379 4008 mundi,
3435 3940 3519 3994 sed
3549 3950 3656 3992 tunc

2104 4042 2422 4112 cognovisse
2450 4040 2625 4094 dictus
2652 4046 2754 4101 est,
2803 4036 2944 4104 quod
2988 4043 3115 4089 tunc
3163 4043 3221 4086 ut
3264 4039 3652 4103 cognosceretur

2102 4132 2301 4190 effecit.
2335 4131 2409 4184 De
2451 4131 2533 4183 bis
2565 4128 2892 4185 locutionum
2925 4126 3095 4180 modis
3121 4125 3229 4194 jam
3261 4133 3315 4177 et
3342 4124 3396 4178 in
3433 4123 3652 4188 superio-

2103 4231 2251 4283 ribus
2283 4227 2434 4281 libris
2457 4225 2672 4278 memini
2699 4223 3050 4290 disputatum.
3069 4217 3374 4274 Secundum
3396 4231 3518 4284 ergo
3539 4215 3656 4266 banc

2105 4323 2440 4374 voluntatem
2472 4332 2574 4386 qua
2631 4315 2794 4369 Deum
2827 4313 2967 4383 velle
2996 4311 3246 4374 dicimus,
3275 4307 3414 4376 quod
3440 4308 3562 4359 alios
3595 4303 3659 4357 ef-

2107 4413 2230 4466 fecit
2265 4411 2402 4465 velle
2435 4426 2462 4464 a
2487 4410 2678 4480 quibus
2699 4409 2869 4461 futura
2895 4406 3222 4468 nesciuntur,
3256 4406 3420 4457 multa
3449 4401 3551 4452 vult
3577 4410 3660 4450 nec

2109 4504 2251 4557 facit.
2288 4503 2451 4559 Multa
2475 4502 2617 4556 enim
2648 4501 2831 4552 volunt
2861 4498 2970 4552 fieri
3015 4495 3188 4551 sancti
3217 4494 3355 4562 ejus,
3387 4492 3454 4545 ab
3486 4491 3570 4544 illo
3595 4489 3660 4540 iu—

2102 4596 2298 4662 spirata
2321 4601 2503 4648 sancta
2529 4591 2822 4651 voluntate,
2862 4603 2961 4642 nec
2991 4589 3124 4639 fiunt
3153 4602 3168 4640 :
3218 4585 3356 4639 sicut
3394 4591 3540 4637 erant
3578 4593 3658 4646 pro

2101 4685 2416 4755 quibusdam
2450 4683 2534 4753 pie
2567 4689 2883 4749 sancteque,
2919 4690 2971 4732 et
3003 4678 3144 4746 quod
3190 4683 3347 4729 orant
3387 4691 3485 4726 non
3530 4671 3655 4732 facit,

2101 4792 2220 4831 enm
2255 4776 2368 4842 ipse
2395 4775 2448 4828 in
2480 4775 2559 4828 eis
2589 4773 2727 4826 hanc
2755 4770 2942 4825 orandi
2984 4770 3317 4823 voluntatem
3347 4773 3529 4821 sancto
3556 4763 3659 4830 Spi-

2102 4870 2204 4924 ritu
2227 4883 2326 4921 suo
2359 4869 2570 4931 fecerit,
2603 4882 2665 4923 ac
2693 4880 2790 4934 per
2819 4864 2920 4918 boc
2951 4862 3164 4932 quando
3190 4858 3483 4914 secundum
3515 4856 3656 4910 Deum

2106 4961 2313 5024 volunt,
2343 4968 2397 5014 et
2426 4967 2586 5012 orant
2615 4957 2810 5022 sancti,
2844 4967 2902 5009 ut
2930 4955 3154 5024 quisque
3181 4953 3246 5005 sit
3266 4953 3466 5013 salvus,
3496 4961 3661 5017 possu-

2109 5069 2228 5106 mus
2252 5053 2342 5105 illo
2375 5052 2534 5104 modo
2561 5049 2843 5104 locutionis
2862 5047 3065 5113 dicere,
3095 5046 3206 5098 vult
3231 5043 3372 5097 Deus
3403 5052 3454 5097 et
3481 5057 3575 5094 non
3597 5037 3664 5123 1⁵.ιοί

2109 5146 2200 5206 cit,
2229 5151 2285 5196 ut
2313 5144 2484 5210 ipsum
2522 5142 2764 5195 dicamus
2791 5139 2923 5192 velle
2968 5138 3057 5205 qui
3088 5146 3144 5190 ιιι
3173 5135 3341 5189 velint
3368 5134 3470 5187 iste
3505 5129 3619 5183 facit
3645 5144 3654 5177 :

2110 5253 2134 5291 s
2169 5235 2401 5291 cundum
2450 5234 2592 5287 idem
2646 5246 2776 5285 vero
2824 5229 3150 5285 voluntatem
3199 5239 3352 5279 suam
3400 5236 3514 5292 quae
3554 5233 3653 5273 cum

2111 5331 2230 5399 ejus
2260 5326 2594 5398 praascicntia
2623 5325 2948 5394 sempiterna
2988 5331 3092 5384 est,
3125 5317 3364 5387 profecto
3393 5315 3443 5370 in
3469 5314 3590 5368 casio
3611 5315 3655 5362 et

2115 5423 2167 5475 in
2200 5431 2341 5474 terra
2366 5417 2545 5472 omnia
2575 5427 2904 5484 quaecunque
2950 5410 3120 5465 voluit
3149 5425 3257 5464 non
3298 5408 3463 5461 solum
3493 5411 3651 5473 pra-tr-

2115 5513 2214 5564 rita
2243 5509 2327 5563 vel
2351 5508 2656 5576 prmsentia,
2701 5505 2791 5559 sed
2843 5503 3006 5558 etiam
3043 5501 3215 5555 futura
3255 5499 3364 5568 jam
3407 5497 3534 5551 fecit.
3566 5490 3651 5541 Ve-

2115 5616 2232 5654 rum
2260 5607 2545 5667 antequam
2571 5597 2750 5651 veniat
2778 5604 3011 5663 tempus,
3039 5607 3146 5661 quo
3191 5591 3358 5645 voluit
3408 5598 3459 5641 ut
3503 5586 3642 5638 fieret.

2113 5690 2255 5760 quod
2309 5699 2432 5741 ante
2482 5699 2718 5755 tempora
2767 5684 3014 5739 universa
3066 5683 3338 5753 pnesrivit
3384 5689 3524 5742 atque
3554 5670 3640 5723 dii-

2122 5783 2298 5852 posuit
2339 5779 2587 5846 dicimus,
2622 5777 2712 5835 ftct
2738 5779 2950 5849 quando
2983 5778 3120 5854 licus
3153 5777 3392 5833 voluerit.
3422 5773 3469 5826 Si
3491 5775 3641 5822 autem
