3842 6226
147 140 243 192 SOI

1346 134 1780 192 TIIESAURL‘S.
1824 136 1975 190 CAP.
2021 134 2197 193 CLIV.

3292 142 3399 198 ενι

144 269 253 307 non
309 253 478 307 solum
526 261 734 319 tempus
789 266 894 319 quo
935 251 1167 306 futurum
1197 262 1303 318 eSt,
1346 268 1533 306 verum
1558 253 1717 306 etiam
1749 255 1800 314 Λ
1825 251 2049 316 minum,
2074 255 2209 306 sicut
2237 262 2381 307 tanto
2406 262 2530 307 ante
2559 253 2821 324 prmdixit,
2850 253 2901 308 in
2933 253 3032 308 hoc
3074 254 3398 312 credendum

142 354 325 402 utrum
361 344 589 397 futurum
624 341 692 395 sit
723 343 1053 408 ignoramus,
1083 342 1328 404 dicimus,
1365 345 1474 408 liet,
1510 343 1554 396 si
1581 343 1720 395 Dens

147 435 422 490 valuerit:
460 450 563 487 non
595 435 714 501 quia
754 433 894 486 Deus
942 447 1130 487 novam
1180 435 1506 486 voluntatem
1563 447 1720 500 quam

145 542 254 578 non
291 525 475 579 habuit
498 535 622 578 tunc
647 523 886 586 habebit,
910 524 1005 578 sed
1027 528 1147 593 quia
1182 524 1231 578 id
1263 525 1402 588 quod
1426 539 1489 577 ex
1508 523 1722 576 aeterni-

147 625 255 671 tate
291 618 344 669 in
378 615 494 682 ejus
563 615 878 669 immutabili
929 627 1280 685 pra-paratum
1326 628 1408 670 est
1451 614 1722 667 voluntate

146 717 274 758 tunc
301 706 419 759 erit.
461 706 532 759 De
558 705 745 761 eadem
779 705 1049 760 voluntate
1085 704 1178 760 Dei
1207 721 1273 760 ex
1306 705 1438 774 psal.
1464 719 1530 758 cs
1559 721 1572 757 :
1614 704 1722 756 bla-

147 811 248 866 gna
304 809 468 862 Opera
519 795 751 858 Domini,
793 797 1056 864 exquisita
1101 794 1155 849 in
1209 811 1394 848 omnes
1427 795 1727 848 voluntates

147 889 287 957 i-jus.
321 889 510 942 Scrnta
535 889 766 954 -e,quui
804 903 854 953 e,
883 890 1105 956 vestiga,
1140 887 1181 939 sl
1217 896 1385 955 potes,
1411 901 1599 940 omnes
1629 899 1726 939 vo.

149 978 385 1033 luntates
411 978 646 1043 Domini,
678 979 730 1032 in
783 980 1032 1032 omnibus
1073 993 1285 1045 semper
1329 992 1516 1046 magna
1566 992 1727 1045 opera

147 1069 269 1134 ejus
308 1068 568 1122 invenies.
601 1067 750 1120 Nul'a
787 1069 927 1121 enim
962 1067 1207 1121 voluntas
1241 1069 1508 1134 potentior
1538 1077 1620 1122 est
1651 1068 1731 1135 ip-

151 1162 262 1213 sius
293 1159 577 1221 voluntati,
623 1171 808 1211 contra
835 1175 904 1227 qu
924 1173 994 1210 im
1045 1172 1166 1210 cum
1206 1156 1406 1225 aliquid
1440 1158 1552 1210 lieri
1582 1159 1728 1222 sinit,

153 1251 578 1304 miscricordiam
621 1263 769 1302 suam
805 1247 1170 1317 jtts'iiiamque
1200 1247 1551 1303 demou~trat.
1585 1248 1734 1304 Sicut

152 1343 295 1395 enim
327 1345 437 1396 vult
458 1351 512 1396 ut
534 1341 694 1396 homo
722 1357 825 1394 non
846 1349 1050 1410 peccet,
1075 1340 1146 1392 ita
1175 1342 1289 1393 vult
1315 1341 1582 1408 peccaturi
1611 1356 1732 1409 par-

152 1446 276 1485 cere
305 1441 364 1486 ut
387 1440 691 1486 revertatur
714 1439 767 1483 et
789 1431 952 1482 vivat.
985 1429 1057 1482 Ita
1085 1428 1245 1482 etiam
1281 1421 1391 1482 vult
1415 1429 1465 1483 in
1503 1444 1568 1496 pe
1589 1434 1734 1483 catis

156 1531 588 1591 perseverantem
620 1524 829 1592 punire,
869 1530 924 1574 ut
973 1520 1192 1588 justitize
1231 1522 1520 1588 petentiaut
1551 1535 1734 1575 contu-

1825 344 2250 410 sperandumque
2280 348 2566 408 convertit,
2597 356 2751 400 acute
2771 347 2870 399 sibi
2907 349 3266 414 argumentari
3317 352 3402 402 vi-

1824 431 2016 485 dentur
2038 433 2294 486 adversus
2321 449 2604 502 corporum
2637 437 3107 500 resurrectionem,
3150 447 3207 492 et
3251 439 3398 492 dico-

1827 537 1884 574 re
1915 524 2055 589 quod
2089 522 2138 575 in
2173 523 2333 576 tertio
2375 522 2442 576 de
2477 523 2681 592 ltepub.
2730 526 2822 580 lib.
2873 541 2900 579 a
2944 510 3205 582 Cicerone
3251 543 3402 582 com-

1827 621 2180 665 memoratum
2213 620 2316 665 est.
2346 612 2476 665 Nam
2510 628 2628 666 cum
2656 615 2936 670 llezculem
2955 625 3009 671 et
3031 618 3314 672 Romulum
3340 634 3421 677 es

1826 701 2073 781 omnibus
2112 701 2463 772 [hominibus]
2489 703 2619 756 deos
2667 720 2786 759 esse
2831 705 3001 761 factos
3039 719 3405 773 asseveraret,

1826 808 1896 858 (ιιι
1922 809 2052 846 ιι-ιιηι
2086 808 2188 845 non
2219 808 2470 864 cmpora,
2506 794 2696 864 inquit,
2733 808 2857 851 sunt
2911 800 2963 853 in
2991 802 3186 856 coelum
3237 803 3407 866 elata,

1832 901 2005 951 lioque
2030 885 2171 940 enim
2204 897 2393 940 natura
2427 898 2701 956 pateretur
2725 900 2780 941 ut
2804 889 2852 942 id
2877 893 3015 959 quod
3035 905 3179 949 esset
3200 909 3231 951 e
3259 905 3400 950 terra

1833 975 1928 1026 nisi
1955 975 2162 1027 interra
2183 991 2354 1029 manet
2368 988 2416 1029 et
2437 993 2452 1041 ;
2475 976 2590 1030 lucc
2612 986 2694 1031 est
2716 993 2902 1046 magna
2922 979 3054 1034 ratio
3071 983 3407 1050 sapientium,

1830 1079 2053 1133 quorum
2085 1065 2339 1120 Dominus
2371 1069 2519 1120 novit
2557 1068 2928 1134 cogitationes,
2979 1074 3225 1138 quoniam
3256 1091 3406 1128 vana:

1831 1166 1976 1208 sunt.
2016 1153 2073 1208 Si
2103 1155 2294 1209 animat
2323 1159 2692 1212 tantummodo
2712 1173 2976 1221 essemus,
3005 1160 3054 1213 id
3070 1171 3173 1226 est,
3191 1164 3305 1217 sine
3327 1167 3414 1219 ul-

1833 1247 1885 1298 lo
1913 1260 2141 1314 corpore
2162 1246 2400 1314 spiritus,
2431 1260 2484 1302 et
2523 1248 2574 1302 in
2615 1254 2754 1303 cm'o
2811 1248 3150 1319 habitantes,
3193 1264 3405 1308 terrena

1836 1351 1900 1389 an
1929 1337 2087 1390 malia
2118 1336 2472 1402 nesciremus,
2506 1339 2769 1406 nobisque
2799 1340 3033 1395 futurum
3062 1355 3186 1397 esse
3213 1343 3420 1397 dit-ese-

1836 1438 1940 1497 tur,
1975 1437 2030 1481 ut
2058 1429 2288 1483 terrenis
2319 1430 2636 1499 corporibus
2678 1432 2978 1486 animaodis
3023 1434 3258 1502 quodam
3292 1436 3410 1498 vin-

1837 1521 1958 1573 cnrlo
1985 1520 2209 1573 mirabili
2240 1529 2598 1576 necteremnr.
2655 1521 2842 1577 Nonne
2873 1524 3040 1579 multo
3081 1523 3275 1580 fortius
3323 1539 3418 1586 are

160 1630 280 1666 max
305 1629 412 1666 non
441 1613 633 1667 evadat
662 1631 676 1666 :
710 1627 772 1666 ac
793 1612 871 1665 sic
895 1610 1150 1680 quidquid
1173 1609 1460 1680 delegeris,
1493 1626 1525 1664 ο
1554 1612 1733 1673 homo,
1776 1619 1816 1675 lt
1841 1621 2280 1678 gumeutaremur
2324 1611 2374 1664 id
2421 1612 2646 1667 credere
2689 1622 2998 1668 recusantes
3028 1624 3083 1668 et
3121 1615 3422 1680 diceremus

159 1719 263 1757 non
295 1703 474 1757 deerit
507 1703 614 1756 Deo
643 1703 784 1756 unde
823 1717 972 1756 suam
1018 1703 1081 1755 de
1111 1711 1162 1755 te
1193 1703 1458 1770 compleat
1487 1703 1736 1756 volunta-

163 1803 292 1848 tem.
326 1793 460 1849 Sive
491 1796 642 1864 ιο]
677 1809 807 1863 ergo
831 1792 1086 1863 justiﬁcct
1125 1793 1366 1861 impium,
1403 1794 1518 1848 sive
1553 1806 1739 1861 arguat

161 1890 395 1956 pigrum,
427 1888 542 1940 sive
581 1894 860 1954 exspectet
900 1886 1207 1949 adversum,
1239 1901 1334 1940 seu
1379 1887 1595 1941 deserat
1647 1904 1740 1956 pu-

163 1978 447 2044 niendum,
497 1993 710 2052 semper
759 1978 1064 2032 misericors
1108 1989 1210 2045 est,
1269 1993 1483 2049 semper
1528 1980 1738 2050 justus,

163 2082 382 2136 semper
417 2069 773 2138 omnipotens.

741 2178 968 2235 CAPUT
1008 2179 1161 2236 CLII.

165 2287 243 2344 De
265 2291 581 2356 possessio-ie
603 2303 805 2345 teter-me
832 2290 1157 2346 beatitudinis
1182 2291 1513 2358 Sanctorum,
1543 2305 1589 2348 et
1627 2285 1743 2361 per-

258 2364 427 2431 petitis
455 2361 721 2430 suppliciis
743 2362 1040 2429 impiorum,
1074 2379 1138 2416 ex
1157 2365 1332 2416 eodem
1363 2365 1492 2418 libro
1519 2380 1647 2418 χιιι.

239 2478 576 2547 Quapropter
604 2488 661 2531 ut
698 2489 890 2532 cetera
932 2487 1036 2534 tant
1088 2480 1246 2533 multa
1298 2492 1632 2549 praeteream,
1677 2482 1747 2535 si-

171 2581 259 2622 cut
281 2569 494 2623 nuncin
525 2567 737 2622 Christo
777 2569 1022 2624 videmus
1066 2572 1273 2639 impleri
1320 2573 1462 2641 quod
1507 2573 1750 2637 promisit

173 2659 404 2713 Abrahae
432 2659 636 2722 dicens,
685 2658 741 2712 In
766 2661 970 2714 semine
1015 2671 1104 2714 tuo
1134 2660 1522 2716 benedicentur
1561 2675 1751 2716 omnes

173 2763 359 2816 gettlcs
385 2769 399 2803 :
434 2751 503 2804 ita
533 2750 672 2820 quod
701 2751 873 2807 eidem
902 2751 1091 2805 semini
1123 2755 1240 2819 ejus
1280 2753 1525 2821 promisit
1557 2753 1750 2820 imple-

175 2847 367 2915 b'tur,‘
387 2845 471 2900 ubi
499 2847 590 2912 ait,
611 2862 705 2914 per
728 2845 1055 2917 prOpbetam,
1086 2846 1378 2917 Resurgent
1403 2850 1490 2918 qui
1516 2857 1672 2904 erant
1701 2851 1752 2903 in

193 2936 574 3001 monumentis,
595 2949 646 2992 et
671 2937 808 3004 quod
833 2939 922 3003 ait,
951 2937 1269 2993 Eritcmlunt
1294 2955 1509 3005 novum,
1532 2952 1584 2994 et
1611 2956 1751 2994 terra

177 3041 332 3090 nova,
362 3037 415 3080 et
437 3044 539 3082 non
557 3034 713 3081 erunt
747 3041 1008 3082 memOres
1038 3029 1291 3097 priorum,
1336 3045 1433 3084 nec
1453 3030 1746 3084 ascendent

177 3119 228 3169 in
255 3132 350 3170 cur
380 3117 649 3184 ipsorum;
672 3115 764 3171 sed
791 3117 1024 3172 laetitiam
1045 3128 1098 3172 et
1119 3121 1540 3175 exsultationem
1592 3121 1746 3174 inve-

177 3208 322 3260 nient
346 3209 397 3260 in
424 3223 482 3261 ea
513 3227 524 3259 :
560 3209 693 3262 Ecce
713 3223 811 3277 ego
845 3208 1029 3262 [nciam
1078 3209 1370 3266 Jerusalem
1421 3211 1750 3265 exsultatio-

180 3312 323 3364 nem,
357 3306 414 3350 et
435 3299 682 3366 populum
707 3314 882 3353 meum
913 3301 1166 3365 lattitiam,
1197 3312 1251 3355 et
1276 3301 1557 3356 essultabo
1585 3303 1633 3355 itt
1656 3301 1749 3356 Je-

179 3387 443 3450 rusalem,
495 3397 548 3442 et
595 3388 816 3443 lattabor
857 3389 909 3443 itt
951 3389 1148 3458 popqu
1179 3405 1322 3457 meo,
1356 3400 1411 3445 et
1460 3392 1598 3446 ultra
1641 3407 1746 3444 non

183 3480 424 3534 audietur
450 3480 502 3534 in
530 3495 590 3535 ea
629 3496 729 3535 vox
761 3482 935 3535 ﬂetus.
972 3481 1037 3536 Et
1068 3498 1160 3552 per
1185 3483 1347 3537 alium
1381 3485 1697 3553 prophetam
1731 3523 1746 3547 ,

182 3570 318 3636 quod
350 3571 724 3638 praenuntiavit
751 3571 935 3625 «licens
964 3571 1136 3625 eidem
1163 3571 1456 3640 prophetae,
1531 3572 1585 3626 lit
1619 3582 1754 3628 tem-

183 3676 307 3726 pore
335 3663 427 3716 illo
450 3663 736 3716 salvabitur
759 3664 984 3733 populus
1009 3673 1149 3730 tuus,
1170 3666 1344 3718 omnis
1374 3671 1460 3734 qui
1499 3667 1749 3720 inventus

183 3754 337 3805 l'ncrit
364 3755 592 3821 scriptus
619 3753 674 3806 in
704 3753 857 3819 libro,
893 3761 948 3806 et
974 3755 1122 3807 multi
1153 3756 1532 3809 dormientium
1561 3756 1613 3810 in
1640 3766 1745 3809 ter—

186 3856 254 3894 r.t-
287 3844 502 3908 pulVere
529 3842 674 3911 (sive
702 3851 759 3896 ut
788 3844 998 3911 quidam
1031 3845 1361 3912 interpretati
1394 3860 1539 3911 sunt,
1587 3863 1752 3916 agge-

185 3947 240 3985 re
267 3937 282 4000 )
312 3940 624 4000 essurgent,
661 3933 711 3985 hi
741 3933 791 3985 in
814 3933 975 3987 vitam
1005 3945 1278 4000 :eternam,
1307 3947 1360 3990 et
1386 3939 1434 3989 bi
1469 3937 1521 3990 in
1552 3952 1752 4005 oppro-

188 4023 356 4077 brium
407 4035 459 4076 et
507 4022 872 4078 confusionem
923 4037 1199 4080 arternam.
1253 4026 1315 4080 Et
1360 4029 1465 4082 alio
1510 4028 1627 4081 loco
1661 4045 1752 4097 per

186 4117 429 4170 eumdem
464 4116 772 4185 prophetam
799 4117 1107 4183 :Accipient
1136 4135 1354 4188 regnum
1384 4123 1557 4175 sancti
1589 4123 1755 4176 Altis-

187 4209 302 4262 simi
333 4207 496 4281 [Dei],
529 4220 582 4264 et
607 4208 920 4264 obtinebunt
949 4211 1072 4264 illud
1106 4226 1271 4280 usque
1317 4213 1366 4266 in
1412 4216 1668 4268 saeculum
1702 4224 1756 4268 et

188 4315 352 4371 usque
376 4302 428 4355 itt
457 4303 708 4356 saeculum
738 4302 1078 4360 seculorum.
1131 4305 1189 4358 Et
1245 4306 1400 4374 paulo
1449 4317 1604 4376 post:
1649 4308 1750 4362 Re-
1787 4334 1832 4390 ο

189 4406 369 4460 gnum,
392 4395 580 4463 inquit,
597 4392 714 4464 ejus
739 4410 962 4466 regnum
986 4392 1368 4466 sempiternum
1399 4415 1413 4464 ;
1444 4409 1498 4454 et
1519 4399 1620 4453 alia
1638 4416 1756 4469 qua}

191 4480 252 4533 ad
277 4483 375 4537 hoc
407 4484 718 4551 pertinentia
743 4485 794 4538 in
827 4486 962 4540 libro
992 4487 1249 4542 vicesimo
1280 4490 1452 4557 posui,
1484 4491 1597 4544 sive
1638 4506 1756 4558 quae

194 4589 290 4626 non
316 4577 485 4640 posui,
512 4585 565 4628 et
592 4584 763 4630 tamen
804 4576 855 4629 iu
904 4578 1101 4632 eisdem
1147 4578 1340 4634 litteris
1381 4583 1580 4650 scripta
1611 4591 1753 4637 sunt.

200 4663 419 4718 Vcnieut
445 4674 496 4718 et
528 4667 639 4720 haec
661 4669 797 4720 sicut
840 4669 938 4722 ista
981 4678 1273 4736 venerunt,
1326 4688 1444 4741 qua:
1483 4674 1755 4744 increduli

196 4774 296 4810 non
328 4757 580 4826 putabant
606 4772 726 4813 esse
753 4769 995 4814 ventura.
1027 4761 1170 4816 Idem
1214 4763 1411 4833 quippe
1441 4765 1581 4820 Deus
1614 4776 1758 4819 utra—

197 4868 296 4920 que
343 4852 610 4920 promisit,
643 4860 862 4923 utraque
909 4865 1125 4910 ventura
1155 4871 1276 4912 esse
1307 4858 1568 4925 praedixit,
1601 4875 1758 4927 quem

199 4945 608 5008 perhorrescunt
649 4944 862 4997 numina
909 4949 1430 5016 paga.norum,etiam
1455 4958 1593 5004 teste
1625 4950 1756 5004 l‘or—

199 5035 384 5106 pltyrio
406 5037 738 5092 nobilissimo
756 5038 1070 5108 philosopho
1095 5055 1418 5110 paganorum
1439 5041 1750 5115 [ipsorum].

758 5147 983 5206 CAPUT
1020 5149 1193 5206 CLIII.

202 5241 379 5294 Contra
425 5243 672 5312 sapientes
719 5244 913 5305 mundi,
945 5244 1028 5311 qui
1060 5254 1241 5309 putent
1275 5255 1474 5301 terrena
1501 5248 1760 5303 hominum

266 5326 480 5392 corpora
500 5315 785 5392 adem/este
807 5314 1273 5370 habiacutum-non
1299 5334 1446 5387 posse
1468 5322 1761 5392 transferri,

268 5397 330 5434 ea:
355 5383 532 5436 eodem
560 5385 689 5437 libro
713 5399 842 5438 χλιι.

241 5491 371 5562 ,5εά
404 5491 645 5547 videlicet
670 5495 910 5551 homines
939 5496 1082 5551 docti
1111 5505 1270 5570 atque
1319 5500 1593 5571 sapientes
1632 5518 1764 5559 con-

209 5587 285 5636 tra
326 5583 431 5637 vim
465 5593 623 5638 tantae
653 5587 1000 5652 auctoritatis,
1049 5604 1165 5659 qua:
1209 5591 1384 5645 omnia
1436 5607 1631 5663 genera
1668 5595 1760 5651 lto-

1843 1711 2085 1752 naturam
2115 1715 2221 1752 nou
2256 1701 2362 1766 pati
2391 1708 2450 1752 ttt
2479 1715 2565 1754 res
2599 1702 2910 1768 incorporea
2960 1702 3248 1770 ligamento
3298 1720 3419 1758 cor-

1844 1793 2006 1857 poreo
2030 1791 2358 1845 vinciretur?
2392 1791 2456 1845 Et
2485 1802 2662 1846 tamen
2693 1794 2847 1860 plena
2879 1804 2961 1849 est
2990 1804 3133 1850 terra
3165 1807 3423 1865 vegetan-

1843 1882 1982 1934 tibtts
2003 1880 2195 1934 animis
2226 1881 2419 1947 qubus
2445 1882 2559 1936 hate
2596 1883 2834 1937 membra
2869 1893 3082 1938 terrena
3132 1885 3271 1939 miro
3317 1887 3424 1942 sibi

1844 1971 2002 2032 modo
2029 1985 2268 2025 coimexa
2301 1982 2354 2025 et
2383 1972 2660 2040 implicita.
2691 1971 2801 2028 Cur
2830 1989 2976 2044 ergo,
3007 1976 3199 2031 eodem
3229 1978 3418 2034 volen-

1846 2071 1896 2115 te
1929 2062 2058 2125 Deo,
2082 2062 2173 2131 qui
2199 2063 2323 2118 fecit
2357 2065 2458 2118 hoc
2489 2064 2710 2131 animal,
2753 2082 2856 2119 non
2907 2069 3101 2136 poterit
3150 2079 3422 2125 terrenum

1843 2165 2036 2217 corpus
2060 2151 2111 2203 itt
2139 2152 2360 2206 cmleste
2385 2167 2580 2220 corpus
2607 2155 2801 2217 attolli,
2827 2155 2872 2210 si
2902 2158 3111 2211 animus
3156 2161 3302 2213 omni
3359 2176 3424 2214 ac

1847 2239 2063 2311 [omnia
2092 2241 2205 2294 hate
2245 2251 2456 2295 terrena
2493 2245 2922 2318 transcendens]
2966 2264 3064 2318 per
3119 2251 3220 2304 hoc
3258 2253 3421 2306 etiam

1848 2330 2056 2384 caelesti
2088 2346 2312 2398 corpore
2340 2336 2712 2400 praestabzlior,
2747 2346 2958 2391 terreno
2976 2323 3197 2409 corpori
3244 2344 3420 2407 potuit

1850 2419 2082 2488 illigari?
2111 2423 2193 2475 An
2221 2431 2431 2476 terrena
2463 2424 2721 2490 particula
2756 2435 2858 2478 tam
2899 2430 3087 2496 exigua
3122 2430 3290 2497 potuit
3320 2432 3426 2485 ali-

1849 2512 1974 2580 quid
2005 2511 2211 2566 rtelesti
2243 2526 2470 2582 corpore
2499 2515 2687 2568 melius
2717 2516 2853 2583 apud
2886 2533 2945 2570 se
2973 2526 3183 2585 teuere,
3215 2530 3272 2572 ut
3303 2535 3426 2574 sen—

1850 2617 1967 2655 sum
2009 2604 2229 2658 haberet
2271 2613 2325 2658 et
2365 2606 2622 2672 vitam,et
2648 2622 2766 2661 e-im
2801 2610 3123 2664 sentientem
3168 2620 3329 2681 atque
3351 2613 3429 2665 vi-

1853 2707 2062 2752 ventem
2091 2696 2469 2765 dedignabitur
2485 2701 2679 2754 coelum
2701 2701 2993 2770 suscipere,
3016 2712 3106 2755 aut
3127 2713 3429 2772 susceptam

1853 2803 1960 2841 non
1987 2789 2183 2857 porerit
2210 2792 2500 2855 sustinere,
2531 2806 2650 2845 cum
2674 2792 2740 2845 de
2770 2805 2827 2845 re
2854 2793 3048 2847 sentiat
3067 2802 3122 2847 et
3149 2794 3290 2847 vivat
3319 2795 3418 2848 ista

1856 2880 2077 2934 meliore
2108 2896 2265 2949 quam
2297 2890 2380 2935 est
2420 2897 2616 2952 corpus
2635 2897 2794 2937 omne
2840 2884 3104 2938 caeleste?
3133 2878 3256 2939 Sed
3309 2885 3427 2940 ideo

1780 2975 1825 3037 ο
1858 2985 1998 3024 nunc
2038 2987 2140 3024 non
2169 2972 2259 3035 lit,
2287 2973 2408 3040 quia
2438 2973 2670 3027 nondum
2701 2984 2784 3027 est
2826 2984 3055 3044 tempus,
3087 2990 3193 3045 quo
3223 2976 3273 3029 id
3307 2975 3425 3030 ﬂeri

1849 3062 2052 3126 voluit,
2079 3065 2168 3129 qui
2200 3064 2300 3116 hoc
2329 3064 2469 3132 quod
2512 3062 2743 3118 videndo
2767 3063 2875 3132 jam
2908 3065 3078 3131 viluit,
3111 3067 3276 3120 multo
3321 3067 3427 3121 mi-

1854 3152 2077 3206 rabilius
2106 3167 2265 3220 quam
2301 3153 2432 3207 illud
2458 3153 2598 3222 quod
2627 3155 2694 3208 ab
2727 3155 2842 3209 istis
2889 3170 2992 3209 non
3022 3156 3255 3210 creditur
3284 3157 3426 3211 fecit.

1851 3243 1961 3296 Cur
1983 3244 2124 3296 enim
2158 3258 2262 3296 non
2319 3245 2690 3299 vehementius
2720 3245 3047 3300 admiramur
3075 3246 3419 3314 incorporeas

1852 3339 2079 3400 animos,
2105 3338 2311 3393 caelesti
2356 3353 2584 3408 corpore
2612 3340 2847 3408 potiores
2871 3379 2884 3403 ,
2941 3339 3171 3394 terrenis
3219 3339 3416 3408 illigari

1854 3429 2190 3495 Corporibus,
2247 3445 2406 3497 quam
2455 3445 2704 3498 corpora,
2751 3431 2875 3486 licet
2919 3443 3153 3493 terrena,
3207 3430 3424 3485 sedibus

1857 3522 2099 3588 quamvis
2126 3521 2458 3584 cmlestibus,
2495 3529 2670 3576 tamen
2698 3523 2989 3588 corporeis,
3019 3523 3317 3585 sublnuari,
3347 3524 3428 3578 ni-

1856 3610 1899 3663 si
1928 3610 2050 3676 quia
2084 3611 2182 3664 hoc
2204 3611 2386 3666 videre
2412 3613 2788 3666 consuevimus
2816 3623 2871 3667 et
2911 3613 3011 3666 hoc
3062 3629 3268 3677 sumus,
3301 3613 3429 3668 illml

1858 3715 1985 3752 vero
2017 3701 2250 3752 nondum
2281 3715 2486 3764 sumus,
2521 3715 2620 3755 nec
2647 3700 2934 3767 aliquando
2960 3701 3133 3754 adhuc
3162 3703 3431 3756 vidimus?

1857 3789 1986 3843 Nam
2020 3789 2285 3857 profecto,
2319 3790 2496 3844 sobria
2527 3792 2730 3845 ratione
2765 3791 3031 3855 consulta,
3089 3792 3430 3846 mirabilioris

1853 3892 1974 3931 esse
2003 3877 2162 3929 divini
2205 3878 2382 3944 Operis
2435 3878 2719 3946 reperitur,
2767 3877 3191 3946 ineorporalibus
3241 3895 3430 3947 corpo-

1857 3969 1985 4020 ralia
2043 3967 2444 4036 qnodarnmodo
2491 3978 2734 4046 attesere
2759 4006 2776 4032 ,
2812 3983 2968 4036 quam
3017 3966 3139 4021 licet
3178 3967 3386 4022 diversa
3413 4008 3428 4032 ,

1855 4063 1977 4128 quia
2011 4060 2094 4113 illa
2124 4061 2385 4124 cmlestia,
2423 4062 2521 4114 ista
2553 4061 2845 4127 terrestria,
2872 4072 3044 4115 tamen
3091 4075 3318 4128 corpora
3374 4073 3428 4117 et

1856 4165 2102 4218 Corpora,
2149 4151 2404 4220 copulare
2458 4150 2775 4221 |copulari};
2824 4153 2917 4205 sed
2969 4151 3072 4205 hoc
3115 4152 3429 4209 incredibile

1860 4242 2017 4294 tuerit
2044 4242 2357 4311 aliquando.
2427 4310 2507 4365 CA
2544 4311 2654 4368 \UT
2693 4310 2846 4366 CLIV

1869 4400 1944 4454 De
1974 4402 2334 4455 resurrectione
2390 4404 2588 4467 carnis,
2636 4419 2789 4472 quam
2843 4402 3050 4469 quidani
3105 4405 3292 4459 mundo
3329 4421 3431 4461 cre-

2078 4474 2174 4525 dert
2199 4489 2226 4524 e
2246 4489 2345 4525 non
2373 4474 2581 4525 credunt
2605 4489 2625 4536 ;
2653 4489 2716 4526 ea:
2742 4473 2912 4525 eodem
2933 4473 3064 4527 libro
3093 4490 3219 4528 uit.

1937 4583 2074 4639 Ecce
2099 4583 2210 4653 jam
2268 4585 2495 4639 credidit
2555 4585 2784 4638 mundus
2827 4583 3099 4639 sublatum
3158 4594 3430 4642 terrenum

1865 4677 2068 4732 Christi
2095 4694 2290 4746 corpus
2315 4678 2365 4731 in
2396 4677 2617 4742 ccelum,
2667 4679 3118 4732 resurrectionem
3155 4677 3330 4730 carnis
3379 4688 3430 4734 et

1865 4769 2235 4824 ascensionem
2257 4769 2308 4823 in
2323 4781 2581 4838 supernas
2607 4767 2786 4831 sedes,
2807 4767 3136 4837 paucissimis
3155 4780 3430 4822 remanen-

1867 4862 2005 4913 tibus
2026 4870 2187 4929 atque
2219 4859 2575 4929 stupentibus,
2608 4858 2690 4913 vel
2730 4857 2918 4916 doctis.
2943 4857 3022 4911 vel
3045 4854 3289 4909 indoctis.
3310 4853 3428 4910 Jam

1864 4951 2208 5006 crediderunt
2232 4950 2374 5005 docti
2405 4960 2458 5005 et
2482 4948 2701 5004 indocti.
2718 4948 2772 5002 Si
2797 4963 2906 5003 rem
2927 4945 3235 5001 credibilem
3259 4947 3428 4999 credi~

1866 5042 2300 5109 derunt,videant
2314 5057 2471 5111 quam
2487 5041 2589 5095 sint
2603 5039 2776 5094 stolidi
2791 5040 2879 5110 qui
2894 5053 2995 5091 non
3011 5035 3252 5091 credunt.
3267 5035 3323 5090 Si
3337 5051 3429 5089 au-

1866 5145 1969 5190 tem
1998 5151 2083 5188 res
2113 5131 2442 5188 incredibilis
2469 5131 2666 5187 credita
2697 5139 2796 5194 est,
2819 5128 2977 5183 etiam
3011 5127 3110 5181 hoc
3137 5126 3320 5194 utique
3349 5127 3427 5181 in-

1866 5225 2124 5280 credibile
2153 5234 2259 5290 est,
2298 5227 2376 5280 sic
2396 5224 2658 5278 creditum
2681 5235 2798 5277 esse
2821 5218 2960 5288 quod
2988 5216 3303 5272 incredibile
3318 5227 3424 5276 est.

1869 5319 1992 5373 llaec
2020 5317 2178 5386 igitur
2204 5316 2310 5371 duo
2360 5312 2713 5376 incredibilis,
2744 5307 3184 5364 resurrectionem
3221 5309 3426 5365 scilicet

1867 5415 2033 5462 nostri
2051 5409 2290 5478 corporis
2314 5409 2366 5463 in
2389 5418 2669 5466 aeternum,
2697 5411 2753 5457 et
2782 5415 2893 5456 rem
2923 5410 3030 5454 tam
3057 5398 3423 5458 incredibilem

1865 5501 2119 5554 mundum
2149 5514 2270 5557 esse
2299 5500 2644 5559 crediturum,
2673 5495 2812 5547 idem
2843 5491 2980 5546 Deus
3000 5501 3282 5562 antequam
3338 5493 3416 5543 vel

1867 5609 2027 5649 unum
2049 5594 2236 5649 ltorttm
2257 5582 2422 5659 ﬁeret,
2456 5590 2611 5646 ambo
2631 5589 2801 5641 futura
2824 5599 2940 5641 esse
2959 5585 3227 5654 prmdisit.
3248 5584 3417 5642 Unum
