3886 6224
157 133 268 192 ερε

1357 130 1443 182 TI!
1456 127 1576 183 EBA
1591 130 1626 183 [ἶ
1640 127 1787 184 RUS.
1829 127 1910 182 CA
1925 129 1980 182 Ρ.
2022 130 2126 183 CLI
2139 129 2200 182 Χ.

3290 133 3394 188 809

156 248 448 319 intrepide,
472 258 526 305 et
558 265 649 317 per
676 249 857 301 orbem
895 256 1049 301 teme
1075 246 1394 315 pullulatura
1432 246 1726 305 fecundius,
1759 246 1804 301 Δ
1837 241 1952 294 eam
1983 244 2393 310 magnitudinem
2426 260 2579 312 quam
2614 259 2716 298 non
2750 245 2950 310 habuit,
2995 246 3205 313 quando
3250 249 3300 300 in
3329 262 3392 300 ea

155 357 284 395 cum
311 343 361 395 in
413 329 707 409 martyrqu
738 338 993 408 sanguine
1041 345 1334 391 sererctur.
1397 338 1730 404 Legebantur

151 435 303 486 enim
335 423 598 500 przecOnia
630 429 978 496 praecedentia
1004 428 1400 496 prophetarum,
1444 441 1732 480 concurre-

153 527 287 577 bant
309 532 518 577 ostenta
546 523 816 584 virtutum,
844 529 897 572 et
925 521 1339 587 persuadebatur
1368 519 1563 572 veritas
1597 531 1732 570 nova

149 611 556 675 cotisuetudini,
609 626 715 664 non
770 610 1036 663 contraria
1087 609 1315 674 rationi,
1365 607 1536 660 donec
1589 607 1733 660 orbis

152 713 340 766 terrm,
372 701 462 769 qui
491 700 907 769 persequebatur
931 697 1126 760 furore,
1159 707 1476 766 sequeretur
1504 697 1628 750 ﬁde.

738 811 962 866 CAPUT
991 809 1172 864 CLVI.

155 925 240 978 De
269 927 529 979 miraculis
553 941 663 992 quae
692 936 744 978 ut
775 925 993 977 ntundus
1015 925 1067 975 in
1099 920 1296 975 Christo
1319 922 1544 972 crederet
1590 923 1732 992 facta

226 1007 374 1057 sunt,
403 1008 450 1050 et
481 990 588 1061 ﬁeri
615 997 800 1048 mundo
820 997 1053 1048 credente
1068 1008 1168 1045 non
1195 993 1448 1056 desinunt,
1475 1005 1536 1042 ea:
1558 990 1734 1046 eodem

229 1069 366 1120 libre
399 1082 523 1120 χχιι.

227 1178 362 1243 Cur,
395 1178 655 1246 inquiunt,
691 1193 830 1231 nunc
859 1177 947 1232 illa
981 1176 1232 1230 miracula
1262 1189 1380 1243 qur.
1433 1172 1734 1241 praedicatis

157 1273 300 1326 facta
334 1286 453 1326 esse
481 1287 582 1325 non
631 1271 798 1326 ﬁunt?
834 1271 1054 1325 Possem
1096 1269 1306 1338 quidem
1340 1268 1516 1320 dicere
1548 1279 1734 1318 neces-

156 1364 303 1417 saria
336 1364 499 1416 fuisse
529 1362 832 1431 priusquam
862 1359 1108 1414 crederet
1140 1357 1389 1421 mundus,
1426 1355 1491 1408 ad
1543 1353 1645 1407 hoc
1676 1346 1735 1407 ut

155 1454 408 1508 crederet
435 1453 679 1506 mundus.
714 1451 961 1518 Quisquis
988 1449 1162 1502 adhuc
1191 1443 1424 1513 prodigia
1453 1454 1510 1498 ut
1549 1450 1732 1498 credat

157 1543 404 1612 inquirit,
458 1555 704 1609 magnum
749 1548 833 1592 est
871 1539 983 1603 ipse
1030 1535 1349 1605 prodigium,
1400 1536 1488 1603 qui
1538 1534 1735 1586 mundo

1840 333 2110 400 discipulis
2141 332 2191 385 in
2224 349 2327 401 qua
2357 334 2459 386 illis
2488 343 2600 387 erat
2629 347 2784 388 notus
2811 337 3074 404 apparuit,
3102 344 3159 390 ut
3197 336 3392 403 longis-

1854 422 2005 474 simis
2035 423 2143 479 ﬁeri
2172 424 2334 490 possit
2360 426 2594 489 mqnalis.
2625 427 2680 479 Si
2700 437 2874 480 autem
2899 427 3188 480 dixerimus
3209 424 3274 480 ad
3303 425 3399 480 d0-

1834 514 2014 566 minici
2067 516 2307 582 corporis
2359 515 2570 567 modum
2621 517 2778 570 etiam
2833 530 3160 587 quorumque
3200 517 3398 586 majora

1837 618 2064 671 corpora
2096 604 2411 674 redigenda,
2442 604 2637 672 peribit
2659 605 2722 659 de
2754 609 3033 661 multorum
3078 608 3398 676 corporibus

1836 695 2138 763 plurimum,
2191 712 2312 750 cum
2373 697 2485 764 ipse
2535 711 2631 750 nec
2668 698 2908 765 capillum
2951 700 3237 767 periturum
3276 712 3398 753 esse

1837 788 2155 852 promiserit.
2175 788 2355 841 Restat
2375 801 2501 855 ergo
2521 797 2574 839 ut
2601 800 2749 840 suam
2777 788 2994 854 recipiat
3011 791 3230 859 quisque
3250 804 3400 843 men-

1836 889 2036 940 suram,
2060 893 2216 944 quam
2247 878 2328 932 vel
2363 879 2544 932 habuit
2574 878 2941 944 injuventute.
2975 881 3135 933 etiam
3161 882 3204 934 si
3233 895 3398 935 senex

1837 968 1907 1020 sit
1936 980 2191 1035 mortuus,
2225 972 2304 1024 vel
2342 971 2516 1025 fuerat
2564 971 2862 1035 habiturus,
2904 973 3064 1025 etiam
3094 974 3136 1025 si
3167 983 3248 1028 est
3276 984 3400 1028 ante

1838 1059 2137 1114 defunctus.
2183 1064 2337 1133 103
2381 1067 2556 1132 Atque
2606 1063 2734 1118 illud
2780 1063 2918 1132 quod
2967 1064 3404 1118 Commemoravit

1838 1149 2129 1219 Aposwlns
2148 1153 2215 1207 de
2258 1169 2499 1208 mensura
2550 1154 2728 1208 artatis-
2781 1154 3124 1224 plenitudinis
3179 1153 3399 1218 Christi,

1841 1253 1927 1294 aut
1957 1254 2170 1310 propter
2210 1244 2350 1297 aliud
2401 1246 2755 1314 intelligamus
2785 1246 2981 1299 dictum
3023 1259 3164 1309 esse,
3215 1243 3399 1308 idest,

1839 1342 1894 1387 ut
1917 1334 1989 1387 illi
2013 1335 2171 1400 Capiti
2200 1335 2253 1387 in
2283 1337 2485 1403 populis
2505 1335 2823 1390 ChriStianis
2845 1336 3133 1389 accedente
3158 1344 3399 1395 omnium

1839 1423 2158 1490 perfectione
2211 1425 2570 1479 membrorum
2620 1426 2790 1478 anatis
2834 1426 2951 1494 ejus
2977 1435 3222 1478 mensura
3258 1437 3402 1477 com-

1840 1513 2043 1580 plratur
2061 1528 2076 1575 ;
2097 1524 2187 1564 aut
2209 1514 2253 1566 si
2277 1516 2376 1568 hoc
2396 1515 2464 1568 de
2488 1516 2876 1568 resurrectione
2892 1530 3172 1580 corporum
3199 1506 3398 1577 dictti‘r'n

158 1633 421 1687 credente
444 1645 547 1684 non
572 1630 760 1684 credit.
796 1628 987 1681 Verum
1018 1627 1119 1680 hoc
1147 1627 1266 1680 ideo
1296 1626 1496 1689 dicunt,
1543 1633 1597 1678 ut
1635 1640 1734 1679 nec

1855 1605 2043 1663 :st,sic
2095 1604 2423 1670 accipiamus
2471 1605 2690 1668 dictum,
2733 1616 2919 1659 utnec
2973 1604 3104 1657 infra
3140 1618 3236 1658 nec
3264 1605 3401 1657 ultra

163 1732 296 1774 tunc
327 1719 414 1772 illa
446 1719 702 1773 miracula
733 1718 867 1771 facta
897 1717 1057 1771 fuisse
1083 1716 1389 1771 credantur.
1421 1714 1574 1770 Unde
1602 1729 1730 1782 ergo

163 1820 316 1862 tanta
352 1808 454 1862 ﬁde
504 1807 748 1862 Christus
779 1821 1160 1875 usquequaque
1187 1813 1432 1860 cantatur
1461 1807 1512 1858 in
1544 1806 1738 1858 coelum

163 1915 288 1953 cum
316 1913 478 1952 carne
503 1897 782 1968 sublatus?
817 1897 968 1952 Unde
1024 1896 1355 1965 temporibus
1406 1894 1635 1950 eruditis
1686 1905 1740 1947 et

164 2007 331 2046 omne
361 1991 499 2058 quod
535 1991 644 2043 ﬁeri
677 2006 780 2043 non
811 1997 988 2056 potest
1024 1989 1401 2055 reSpuentibus
1448 1988 1564 2041 sine
1616 1987 1741 2041 ullis

167 2083 443 2136 miraculis
493 2081 710 2133 nimium
754 2080 1066 2133 mirabiliter
1131 2079 1459 2133 incredibilia
1517 2078 1743 2131 credidit

168 2173 444 2226 mundus?
476 2175 554 2224 An
585 2170 719 2223 forte
750 2169 1027 2224 credibilia
1056 2168 1242 2233 fuisse,
1274 2177 1329 2223 et
1371 2169 1493 2223 ideo
1538 2169 1741 2223 credita

166 2279 295 2319 esse
326 2262 518 2316 dicturi
543 2261 708 2314 sunt?
736 2275 832 2314 cur
863 2261 960 2328 ipsi
1005 2276 1133 2329 ergo
1165 2273 1270 2313 non
1304 2259 1574 2313 credunt?
1619 2257 1745 2311 Bre-

177 2354 260 2408 vis
287 2355 449 2421 igitur
477 2360 558 2404 est
592 2363 766 2404 nostra
799 2351 1117 2420 complexio,
1159 2360 1248 2404 aut
1303 2347 1631 2403 incredibilis
1661 2346 1736 2400 rei

172 2457 297 2511 quae
332 2457 436 2495 non
469 2441 768 2504 videbatur,
823 2439 923 2493 alia
982 2439 1344 2506 incredibilia,
1399 2454 1514 2507 quze
1565 2447 1740 2490 tamen

175 2535 378 2589 ﬁebant
406 2529 459 2586 et
487 2531 833 2592 videbantur.
867 2530 1110 2586 fecerunt
1137 2529 1323 2596 ﬁdem;
1355 2539 1445 2584 aut
1473 2539 1618 2584 certe
1660 2544 1749 2585 res

170 2631 272 2682 Ista
307 2624 424 2699 [ita]
456 2625 753 2690 credibilis,
802 2633 860 2678 ut
891 2625 1047 2679 nullis
1097 2624 1291 2692 quibus
1338 2624 1749 2692 persuaderetur

173 2718 448 2772 miraculis
479 2716 764 2784 indigeret,
802 2715 1023 2769 istorum
1056 2713 1273 2767 nimiam
1305 2712 1581 2783 redarguit
1626 2714 1748 2768 inﬁ-

173 2808 469 2863 delitatem.
502 2807 615 2861 Iloc
658 2801 748 2860 ad'
771 2804 1096 2860 refellendos
1127 2805 1447 2860 vanissimos
1495 2806 1746 2860 dixerim.

175 2895 326 2950 Nam
362 2896 500 2950 facta
549 2909 676 2950 esse
699 2895 862 2948 multa
906 2895 1162 2952 miracuia
1204 2909 1323 2964 qua:
1367 2903 1752 2952 attestarentur

174 2990 250 3044 illi
281 2993 370 3043 uni
402 2989 586 3058 grandi
617 2989 924 3058 salubrique
952 2961 1356 3058 miraculo'quo
1381 2989 1641 3044 Christus
1693 2991 1745 3046 in
1775 2961 1823 3022 ο

174 3082 372 3137 calum
398 3095 517 3134 cum
551 3095 711 3134 carne
764 3080 814 3134 in
861 3095 971 3148 qua:
1014 3081 1309 3135 resurrexit
1357 3081 1616 3146 ascendit,
1659 3096 1753 3136 ne-

173 3188 302 3240 gare
334 3186 438 3226 non
468 3186 772 3240 possumus.
821 3171 874 3224 In
918 3170 1118 3226 eisdem
1158 3173 1355 3241 quippe
1395 3172 1752 3226 veraciss'mis

176 3261 330 3318 libris
360 3273 548 3317 cuncta
573 3265 868 3331 conscripta
903 3272 1048 3325 sunt,
1089 3273 1141 3316 et
1180 3277 1299 3328 qua:
1349 3261 1484 3316 facta
1525 3273 1669 3328 sunt,
1699 3272 1754 3317 et

179 3363 395 3422 propter
438 3352 576 3423 quod
626 3352 950 3407 credendum
982 3351 1118 3406 facta
1147 3360 1291 3406 sunt.
1330 3352 1453 3406 Ilaec
1496 3363 1550 3405 ut
1593 3354 1749 3407 Iidem

179 3444 418 3497 facerent
454 3444 818 3504 innotuerunt,
851 3442 962 3494 haec
995 3455 1088 3506 per
1136 3440 1295 3494 ﬁdem
1323 3456 1478 3506 quam
1509 3427 1752 3497 fecerunt

179 3537 350 3590 multo
377 3536 572 3590 clarius
599 3536 954 3589 innotescunt.
980 3533 1252 3601 Leguntur
1280 3534 1478 3602 quippe
1508 3534 1559 3587 in
1585 3549 1753 3603 pepu-

182 3630 247 3684 lis
268 3639 327 3683 ut
353 3629 666 3690 credantur,
699 3642 796 3681 nec
846 3629 896 3681 in
928 3627 1134 3696 populis
1187 3636 1363 3681 tamen
1406 3628 1504 3680 nisi
1555 3628 1755 3682 credita

187 3720 515 3791 legerentur.
545 3717 672 3770 Nam
701 3712 860 3772 etiam
892 3731 1034 3770 nunc
1083 3716 1211 3770 liunt
1255 3717 1502 3770 miracula
1555 3717 1606 3770 in
1641 3717 1757 3786 ejus

189 3813 428 3872 nomine,
451 3809 562 3864 sive
580 3823 672 3877 per
692 3816 1021 3880 sacramenta
1051 3806 1183 3875 ejus,
1215 3805 1326 3859 sive
1350 3820 1442 3874 per
1462 3808 1753 3870 orationes,

184 3905 270 3956 vel
302 3899 588 3953 memorias
608 3881 909 3950 sanctorum
941 3894 1075 3963 ejus,
1106 3893 1200 3948 sed
1242 3909 1345 3948 non
1392 3896 1582 3948 eadem
1629 3895 1742 3948 cla-

185 3994 344 4046 ritate
393 3991 746 4049 illustrantur,
791 3996 846 4039 ttt
878 3994 1019 4041 tanta
1060 3994 1254 4055 quanta
1284 3987 1370 4038 illa
1401 3988 1568 4056 gi‘oria
1606 3987 1758 4041 d-Ifa-

186 4080 622 4144 mentur.,Canon
667 4078 863 4145 quippe
907 4090 1180 4131 sacrarum
1225 4076 1542 4141 litterarum,
1597 4093 1754 4142 quem

186 4172 463 4228 deﬁnitum
493 4183 612 4223 esse
638 4170 934 4235 oportebat,
976 4166 1058 4219 illa
1112 4165 1235 4220 facit
1283 4167 1480 4236 ubique
1524 4169 1756 4234 recitari,

187 4275 239 4319 et
265 4261 544 4317 memoriae
585 4266 893 4314 cunctorum
941 4257 1200 4311 inhrcrere
1252 4259 1586 4324 populorum.
1636 4258 1759 4313 Ilerc

1841 1693 2125 1761 juvenilem
2182 1694 2405 1748 formam
2461 1704 2744 1763 resurgant
2783 1709 3007 1763 corpora
3050 1703 3406 1758 mortuorum,

1842 1783 1934 1837 sed
1967 1783 2020 1837 itt
2050 1784 2165 1852 ejus
2189 1794 2344 1838 :etate
2368 1795 2420 1839 et
2452 1787 2641 1839 robore
2675 1799 2843 1851 usque
2869 1786 2932 1838 ad
2962 1794 3115 1854 quam
3143 1783 3409 1837 Christum

1845 1873 1932 1926 hic
1979 1878 2284 1939 pervenisse
2336 1877 2700 1945 cognovimus.
2749 1875 2908 1928 Circa
2944 1864 3170 1943 'triginta
3216 1876 3410 1941 quippe

1842 1977 2011 2017 annos
2039 1963 2357 2018 deﬁnierunt
2387 1979 2505 2018 esse
2534 1965 2694 2018 etiam
2724 1964 2903 2018 saeculi
2937 1963 3092 2032 hujus
3120 1961 3409 2016 doctissimi

1846 2057 2090 2110 homines
2117 2058 2472 2123 juventntem,
2498 2072 2619 2126 quas
2638 2064 2758 2112 cum
2790 2057 2947 2111 fuerit
2973 2058 3148 2126 spatio
3194 2057 3411 2126 proprio

1847 2145 2143 2209 terminata,
2180 2148 2298 2200 inde
2321 2147 2430 2215 jam
2465 2146 2733 2200 hominem
2759 2149 2811 2201 in
2835 2147 3152 2201 detrimenta
3195 2157 3413 2216 vergere

1847 2239 2099 2306 gravioris
2123 2254 2184 2291 at:
2215 2240 2400 2294 senilis
2423 2248 2548 2293 :ctat
2570 2255 2614 2304 s,
2647 2249 2700 2293 et
2742 2240 2863 2294 ideo
2908 2255 3013 2294 non
3053 2254 3172 2294 esse
3209 2239 3409 2294 dictum

1849 2325 1901 2378 in
1925 2341 2225 2380 mensuram
2247 2333 2503 2396 corporis,
2533 2331 2614 2384 vel
2645 2330 2698 2383 in
2731 2344 3031 2384 mensuram
3059 2339 3296 2394 staturae,
3316 2329 3410 2382 sed

1850 2415 1900 2468 in
1932 2432 2229 2472 mensuram
2259 2422 2431 2473 :etatis
2457 2420 2796 2489 plenitudinis
2824 2420 3044 2473 Christi.

2379 2530 2615 2602 ,CAPUT
2653 2530 2876 2586 CLVIII.

1855 2621 2036 2688 Qualis
2064 2621 2393 2695 intelligenda
2423 2627 2487 2695 sit
2516 2625 2848 2694 conformatio
2874 2634 3163 2695 sanctorum
3188 2622 3255 2674 ad
3286 2623 3417 2674 inta-

2089 2693 2255 2767 ginem
2283 2694 2405 2748 Filii
2431 2693 2560 2770 Dei;
2589 2710 2650 2748 ea:
2680 2696 2854 2749 eodem
2881 2694 3006 2747 libro
3040 2707 3169 2747 uti.

1923 2811 2054 2867 Illud
2085 2812 2245 2866 etiam
2281 2807 2421 2879 quod
2462 2801 2555 2873 ait,
2591 2801 2998 2860 I‘rzedesti'natos
3026 2792 3182 2876 [ﬁeri]
3212 2804 3420 2857 cenfor~

1854 2918 1966 2959 mes
1993 2888 2233 2971 imaginis
2261 2897 2379 2953 Filii
2410 2895 2524 2961 Dei,
2571 2902 2746 2966 potest
2770 2904 2824 2950 et
2856 2895 3150 2949 secundum
3194 2893 3420 2948 interio-

1856 3009 1968 3051 retn
1992 2994 2262 3048 hominem
2298 2989 2544 3058 intelligi,
2578 2989 2719 3043 unde
2759 2987 2911 3041 nobis
2952 2987 3054 3041 alio
3091 2986 3210 3040 loco
3246 2985 3373 3040 dicit
3407 3001 3420 3037 :

1857 3083 2030 3139 Nolite
2065 3080 2390 3138 conformari
2438 3079 2562 3132 huic
2599 3078 2815 3142 sarculo,
2849 3079 2940 3131 sed
2982 3076 3343 3152 relormamini
3372 3076 3424 3130 in

1858 3179 2090 3231 novitate
2143 3175 2336 3228 mentis
2387 3183 2595 3225 vestrae.
2657 3167 2752 3224 Ubi
2792 3185 2918 3238 ergo
2971 3159 3322 3222 reformamur
3359 3184 3426 3221 no

1855 3265 2252 3320 conformemur
2293 3262 2416 3316 huic
2445 3259 2663 3324 sazculo,
2696 3259 2768 3312 ibi
2797 3257 3190 3312 conformantur
3216 3256 3306 3310 Dei
3334 3256 3424 3310 Fi-

1858 3361 1948 3414 Iio.
1973 3360 2154 3412 Potest
2178 3368 2229 3410 et
2267 3355 2344 3408 sic
2369 3353 2558 3419 accipi,
2583 3360 2639 3404 ut
2669 3349 3114 3418 quemadmodum
3159 3348 3312 3402 nobis
3338 3347 3426 3402 ille

1860 3447 2205 3510 mortalitate,
2241 3445 2310 3497 ita
2342 3457 2439 3496 nos
2466 3442 2538 3495 illi
2564 3441 2855 3495 efﬁciamur
2877 3438 3272 3492 immortalitate
3301 3452 3428 3491 con—

1861 3542 2080 3607 fermes,
2128 3537 2268 3610 quod
2301 3536 2514 3606 quidem
2565 3543 2619 3589 et
2667 3534 2731 3588 ad
2775 3534 2941 3606 ipsam
2987 3521 3431 3596 resurrectionem

1861 3647 2144 3702 corporum
2193 3629 2440 3699 pertinet.
2473 3627 2552 3682 .Si
2601 3636 2777 3680 autem
2812 3611 2982 3681 etiam
3025 3628 3075 3678 in
3111 3624 3193 3678 his
3235 3623 3428 3689 verbis,

1861 3741 1960 3793 qua
1994 3721 2160 3776 forma
2195 3729 2556 3775 resurrectura
2607 3719 2710 3770 sint
2765 3729 2987 3784 corpora
3017 3730 3199 3769 sumus
3244 3713 3430 3781 admo-

1862 3815 1976 3880 niti,
2009 3811 2144 3865 sicut
2170 3811 2256 3864 illa
2290 3821 2556 3872 mensura,
2591 3810 2658 3858 ita
2703 3815 2757 3860 et
2795 3807 2892 3859 ista
2932 3805 3282 3858 conformatio
3321 3819 3426 3857 non

1859 3900 2169 3970 quantitatis
2216 3895 2556 3964 intelligenda
2608 3904 2712 3960 est,
2754 3895 2844 3946 sed
2896 3892 3087 3947 astatis.
3130 3893 3426 3974 litssurgent

1862 3994 2037 4061 itaque
2063 4004 2247 4044 omnes
2277 3999 2379 4041 tam
2435 3986 2606 4055 magni
2656 4000 2899 4054 corpore,
2951 4000 3106 4051 quam
3140 3985 3221 4038 vel
3252 3995 3426 4062 erant,

1861 4083 1943 4137 vel
1973 4081 2133 4136 futuri
2162 4087 2316 4134 erant
2347 4089 2503 4131 actate
2533 4076 2775 4144 juvenili,
2808 4078 3051 4142 quamvis
3097 4073 3227 4128 nihil
3255 4076 3429 4129 oberit

1861 4175 2020 4231 etiam
2065 4170 2109 4225 si
2154 4170 2255 4224 erit
2287 4155 2567 4229 infantilis,
2619 4165 2700 4220 vel
2741 4162 2922 4220 senilis
2968 4149 3428 4236 corporis'forma.

1863 4266 1950 4320 ubi
1995 4280 2092 4319 nec
2121 4262 2334 4327 mentis,
2379 4274 2476 4314 nec
2507 4259 2673 4329 ipsius
2711 4255 2950 4324 corporis
2990 4242 3094 4311 tilla
3137 4243 3433 4314 remanebit

187 4365 365 4410 autem
391 4354 690 4420 ubicunque
721 4349 872 4413 ﬁunt,
906 4348 973 4401 ibi
997 4348 1234 4402 sciuntur
1271 4349 1356 4399 vix
1411 4362 1438 4398 a
1490 4358 1593 4400 tota
1645 4348 1744 4415 ipsa

1861 4330 2163 4410 inﬁrmitas.
2199 4351 2347 4407 Unde
2377 4351 2536 4404 etiam
2567 4347 2611 4403 si
2639 4348 2754 4415 quis
2791 4348 2843 4400 in
2884 4361 2949 4400 eo
2988 4347 3227 4414 corporis
3268 4349 3429 4402 modo

187 4446 426 4507 civitate,
458 4442 536 4494 vel
567 4453 884 4509 quocunque
939 4437 1384 4491 commanentinm
1438 4438 1576 4492 loco.
1625 4440 1755 4492 Nam

188 4537 505 4607 plerumque
534 4531 691 4586 etiam
720 4530 789 4583 ibi
823 4527 1122 4596 pauciSsimi
1172 4529 1346 4580 sciunt
1388 4529 1758 4596 ignorantibus

189 4625 419 4683 ceteris,
451 4624 680 4675 maxime
703 4621 747 4674 si
779 4632 968 4687 magna
999 4619 1065 4671 sit
1087 4619 1292 4682 civitas,
1336 4629 1387 4672 et
1419 4620 1631 4688 quando
1659 4620 1755 4674 ali-

191 4717 240 4772 bi
279 4714 505 4782 aliisque
552 4722 857 4769 narramttr,
885 4724 988 4760 non
1021 4717 1161 4761 tanta
1188 4723 1247 4760 ea
1285 4710 1626 4764 commendat
1663 4725 1756 4764 au-

191 4805 448 4869 ctoritas,
505 4812 562 4857 ut
591 4805 705 4857 sine
757 4800 1070 4855 difﬁcultate
1115 4800 1195 4853 vel
1253 4801 1586 4856 dubitatione
1647 4819 1763 4858 cre-

193 4900 406 4960 dantur,
440 4892 1019 4965 quamvis.Christiauis
1062 4890 1306 4946 ﬁdelibus
1338 4908 1366 4946 a
1398 4893 1640 4947 ﬁdelibus
1685 4895 1763 4948 in:

194 4990 461 5046 dicentur.

744 5054 964 5108 CAPUT
1006 5056 1206 5109 CLVII.

197 5177 272 5226 Αη
303 5172 371 5222 ad
404 5169 653 5221 Dominici
678 5170 903 5236 corporis
933 5167 1141 5219 modum
1173 5171 1395 5219 euntium
1446 5179 1759 5223 mortuorum

301 5255 528 5294 resurrec
554 5255 646 5292 τινα
671 5241 770 5292 sint
799 5254 1014 5306 corpora
1039 5256 1054 5300 ;
1089 5253 1150 5290 ea:
1177 5239 1349 5290 eodem
1378 5238 1506 5290 libro
1540 5255 1666 5292 χχιι.

265 5348 512 5405 Christus
540 5350 591 5404 in
635 5365 695 5404 ea
726 5364 966 5404 mensura
1011 5351 1249 5416 corporis
1296 5350 1344 5403 in
1390 5365 1489 5418 Qua
1523 5362 1762 5406 mortuus

198 5440 325 5517 [ρει]
354 5441 664 5503 resurrexit,
689 5456 786 5495 nec
815 5441 888 5495 fas
912 5452 990 5496 est
1018 5441 1215 5506 dicere,
1260 5458 1376 5495 cum
1413 5445 1760 5496 resnrrectio-

202 5537 282 5591 nis
304 5535 539 5590 omnium
573 5541 776 5601 tempus
803 5535 1027 5602 venerit,
1060 5548 1388 5589 accessuram
1409 5536 1616 5606 corpori
1636 5536 1752 5605 ejus

1863 4449 1911 4501 in
1944 4461 2052 4515 quo
2094 4444 2374 4502 defunctus
2414 4450 2492 4494 t-st
2538 4448 2961 4493 resurrecturum
3001 4453 3430 4508 unumquemque

1860 4537 2151 4598 contendit,
2187 4549 2288 4587 non
2318 4542 2397 4586 est
2425 4546 2544 4584 cum
2579 4529 2668 4582 illo
2710 4528 2974 4581 laboriosa
3005 4530 3430 4587 contradictione

1862 4626 2219 4697 pugnandum.

2392 4707 2617 4764 CAPUT
2655 4709 2834 4762 CLIX.

1868 4814 1942 4865 An
1985 4813 2034 4863 in
2077 4826 2167 4862 suo
2197 4823 2318 4860 seru
2344 4803 2692 4856 resuscitauda
2729 4813 2879 4866 atque
2906 4820 3142 4854 mansura
3172 4811 3285 4856 sunt
3313 4821 3432 4857 cor-

2099 4885 2228 4948 pom
2263 4879 2600 4948 feminarum;
2633 4889 2696 4926 ex
2723 4874 2895 4925 eodem
2921 4874 3047 4925 libro
3081 4889 3212 4926 xxn.

1937 4988 2180 5045 Nonnulli
2235 4994 2448 5054 propter
2512 4984 2610 5036 hoc
2664 4983 2800 5049 quod
2835 4983 3030 5035 dictum
3082 4995 3199 5048 est,
3253 4983 3431 5039 Donec

1868 5094 2205 5136 occurramus
2230 5086 2416 5130 omnes
2446 5075 2495 5126 in
2536 5075 2702 5126 virum
2729 5073 3012 5141 perfectum
3046 5072 3424 5135 inrmenSuram

1871 5176 2039 5226 multis
2080 5168 2212 5238 pleni
2244 5169 2416 5219 ιισίῑηῖε
2466 5166 2701 5227 Christi,
2745 5176 2796 5217 et
2832 5162 3132 5217 conformes
3186 5165 3431 5234 imaginis

1874 5263 1986 5316 Filli
2016 5261 2128 5322 Dei,
2154 5274 2249 5311 nec.
2283 5259 2334 5309 in
2367 5272 2495 5309 sexu
2529 5255 2753 5308 femineo
2776 5262 3164 5306 resurrecturas
3207 5253 3426 5307 feminas

1871 5345 2107 5410 crcduni,
2131 5351 2220 5403 sed
2249 5352 2297 5402 itt
2330 5349 2462 5401 virili
2496 5362 2677 5399 omnes
2701 5345 2863 5410 aiunt,
2892 5344 3136 5412 quoniam
3176 5345 3313 5399 Deus
3342 5361 3430 5398 so-

1874 5450 1977 5501 lum
2013 5447 2180 5499 virum
2213 5445 2335 5498 fecit
2365 5460 2426 5497 ex
2455 5444 2600 5501 limo,
2635 5439 2880 5492 feminam
2911 5454 2973 5491 ex
2999 5439 3138 5500 viro;
3171 5439 3262 5494 sed
3296 5440 3425 5499 mihi

1873 5540 2057 5594 melius
2087 5551 2273 5607 Sapere
2302 5536 2544 5596 videntur
2583 5532 2667 5600 qui
2699 5542 2973 5597 utrumque
3013 5545 3195 5585 sexum
3247 5537 3426 5585 rcsu’r«
