3886 6224
516 211 617 264 837

1584 205 1643 258 ι).
1687 201 2002 258 EUGYPPII
2045 203 2334 258 sonans
2371 176 2693 258 AFRICANI
3677 214 3766 264 stu

511 333 777 377 recturum
802 335 920 376 csse
949 336 1052 374 non
1077 318 1338 373 dubitant.
1367 315 1480 370 Non
1503 317 1644 370 enim
1672 315 1833 368 libido
1864 316 1934 368 ibi
1968 318 2094 386 erit,
2129 321 2178 376 Α
2204 326 2349 371 certe
2373 319 2558 372 volens
2581 317 2717 370 sicut
2742 326 2948 384 poterat
2987 317 3213 376 defluit’e
3242 322 3454 386 Cicero,
3482 332 3656 378 tantus
3683 340 3770 377 an.

513 430 630 483 qua!
660 413 985 467 ennius-iouis
1015 421 1095 465 est
1123 424 1278 463 causa
1313 426 1327 459 :
1364 422 1484 460 nam
1516 418 1820 476 priusquam
1864 422 2081 473 peccas-

515 516 632 560 sent
677 504 798 557 nudi
829 509 996 561 erant,
1023 512 1078 554 et
1132 515 1236 552 non
1279 498 1765 566 con"undebantu,r,
1804 498 1885 550 vir
1923 507 1977 551 et
2006 499 2086 551 fe-

515 598 677 649 mina.
707 591 1027 658 tlurpoiihus
1052 605 1178 657 ergo
1211 589 1316 642 illis
1339 591 1462 641 vitia
1493 589 1868 650 detrahentur,
1897 600 2085 642 natura

512 686 845 747 sanabitur;
892 697 993 735 non
1030 692 1109 735 est
1155 692 1331 735 atttem
1367 683 1548 734 vitium
1597 695 1756 736 sexus
1803 681 2083 743 femineus,

510 777 600 830 ted
629 786 839 833 natura,
888 788 1006 839 qua:
1038 786 1160 825 tunc
1201 774 1412 840 quidem
1462 781 1514 825 et
1557 786 1585 822 a
1632 773 1938 834 t-Oucubitu,
1971 780 2026 824 et
2055 788 2084 824 a

509 875 658 936 partu
699 867 946 918 immunis
975 868 1114 918 erit:
1163 877 1318 918 erunt
1366 876 1540 920 tamen
1574 865 1809 918 membra
1853 862 2082 918 feminea

512 975 613 1013 non
645 957 1038 1012 accommodata
1081 958 1198 1010 usui
1232 957 1422 1018 veteri,
1453 959 1544 1008 sed
1577 956 1754 1008 decori
1788 971 1947 1019 novo,
1977 972 2085 1024 quo

507 1066 608 1104 non
637 1049 900 1103 alliciatur
942 1049 1254 1116 aspicientis
1288 1047 1743 1115 concupiscentia,
1788 1061 1908 1115 quae
1939 1047 2083 1100 nulla

505 1141 626 1203 crit,
655 1140 743 1194 sed
776 1140 866 1193 Dei
898 1141 1140 1192 laudetur
1161 1139 1423 1206 sapientia
1461 1148 1619 1203 atque
1648 1138 1957 1204 clementia,
1993 1139 2083 1205 qui

505 1231 718 1300 etquod
750 1247 852 1282 uon
880 1237 1031 1283 erant
1062 1228 1207 1293 fecit,
1255 1238 1310 1281 et
1359 1227 1603 1280 liberavit
1656 1241 1686 1280 a
1739 1231 2085 1293 corruptione

507 1323 642 1391 quod
680 1321 826 1374 fecit.
874 1319 940 1374 Ut
990 1320 1129 1372 enim
1178 1319 1230 1371 in
1261 1318 1489 1372 exordio
1526 1315 1738 1384 generis
1770 1315 1988 1368 humani
2017 1316 2084 1370 de

509 1411 668 1463 latere
699 1409 1134 1462 viridormeutis
1180 1417 1327 1460 costa
1377 1408 1611 1459 detracta
1662 1405 1856 1459 femina
1912 1405 2083 1465 fieret,

504 1500 770 1555 Christum
798 1510 847 1550 et
879 1497 1036 1550 Ecele
1056 1499 1170 1548 iam
1198 1495 1284 1548 tali
1315 1495 1452 1548 facto
1476 1494 1585 1562 jam
1621 1503 1744 1546 tunc
1777 1492 2082 1561 propheta'i

505 1591 797 1660 oportebat.
830 1590 1000 1657 Sopor
1029 1587 1223 1656 quippe
1257 1586 1345 1639 ille
1385 1588 1483 1638 viri
1515 1602 1658 1638 mors
1705 1591 1822 1638 erat
1862 1582 2083 1648 Christi,

2192 415 2312 460 etor
2341 409 2572 476 ipsorum
2598 423 2611 458 :
2637 407 2780 459 Meus
2808 409 3050 475 quaedam
3082 420 3188 476 est,
3222 412 3414 480 inquit,
3444 417 3613 466 soluta
3635 426 3684 467 et
3709 416 3764 467 li-

2194 495 2356 557 hera,
2390 507 2595 550 secreta
2644 496 2712 547 ab
2750 499 2894 549 omni
2935 503 3276 555 concretione
3325 503 3553 564 mortali.
3595 507 3763 557 omnia

2189 587 2429 638 sentiens
2477 595 2531 638 et
2576 600 2818 650 movens,
2854 588 3077 656 ipsaque
3110 592 3333 658 pra'dita
3381 605 3526 646 motu
3569 582 3758 663 sempi-

2194 685 2372 728 terno.
2412 675 2520 727 Hoc
2543 686 2721 728 autem
2751 679 2949 744 reperit
2975 680 3027 730 in
3047 682 3304 735 doctrinis
3330 699 3635 752 magnorum
3660 688 3764 754 piti-

2191 764 2560 830 losopltorum.
2595 764 2661 819 Ut
2693 766 2854 834 igitur
2897 769 3189 822 secundum
3238 773 3381 838 ipsiis
3411 775 3615 839 lu.,ttar,
3643 793 3762 842 quo-

2191 854 2349 907 modo
2372 856 2569 922 aliquid
2604 856 2686 910 vel
2715 859 2843 910 latet
2877 858 3054 910 omnia
3076 861 3422 926 sentientem,
3449 868 3531 918 vel
3563 867 3758 918 irrevo-

2187 945 2431 997 cabiliter
2477 946 2610 1015 fugit
2658 949 2836 1000 omnia
2883 953 3224 1001 moventem?
3275 952 3422 1008 Unde
3461 956 3569 1022 jam
3612 960 3758 1009 etiam

2188 1035 2412 1102 qmestio
2440 1037 2472 1088 il
2498 1052 2525 1087 a
2558 1037 2810 1090 solvenda
2851 1049 2950 1094 est.
2992 1053 3110 1106 que
3136 1040 3404 1095 dilllcilior
3433 1043 3637 1098 videtur
3662 1062 3756 1098 ςερ-

2191 1126 2342 1189 teris,
2399 1126 2484 1178 ubi
2511 1128 2769 1194 qtta'ritur
2794 1142 2915 1179 cum
2964 1142 3089 1182 caro
3133 1131 3328 1182 mortui
3360 1132 3588 1187 hominis
3611 1136 3753 1188 etiam

2188 1219 2412 1271 alterius
2451 1218 2507 1270 fit
2533 1219 2760 1272 viventis
2790 1235 2938 1288 caro,
2965 1221 3046 1273 cui
3077 1221 3254 1288 potius
3283 1236 3464 1275 eorum
3502 1225 3556 1276 iu
3585 1239 3752 1277 resur-

2189 1307 2427 1360 rectione
2457 1308 2727 1361 reddatur.
2758 1307 2814 1362 Si
2848 1308 2990 1362 enim
3035 1309 3303 1377 quispiam
3331 1311 3604 1364 confectus
3626 1312 3749 1368 fame

2187 1407 2348 1467 atque
2397 1401 2709 1468 compulsus
2765 1410 3012 1454 vescatur
3059 1400 3416 1455 cadaveribus
3470 1403 3748 1466 hominum,

2188 1489 2328 1558 quod
2359 1491 2554 1542 malum
2584 1492 2863 1559 aliquoties
2886 1491 3167 1557 accidisse,
3193 1503 3246 1545 et
3269 1503 3418 1547 vetus
3441 1502 3662 1548 testatur
3683 1496 3750 1547 lti-

2190 1578 2355 1632 storia
2391 1588 2447 1633 et
2477 1592 2781 1634 nostrorum
2815 1591 3113 1649 temporum
3146 1582 3376 1636 infelicia
3406 1585 3749 1651 experimenta

505 1680 654 1748 cujus
678 1679 944 1733 exanimis
975 1679 1026 1731 in
1050 1692 1208 1732 cruce
1235 1676 1516 1745 pendentis
1539 1678 1675 1728 latus
1703 1675 1887 1728 lancea
1912 1677 2085 1743 perfo-
2120 1678 2163 1736 Β
2190 1672 2517 1734 docuerunt,
2547 1687 2671 1724 num
2703 1673 2984 1741 Quisquam
3013 1674 3248 1727 veridica
3299 1674 3497 1728 ratione
3546 1687 3750 1728 conten-

507 1785 674 1827 ratum
697 1782 799 1834 est.
823 1783 982 1841 atque
1010 1773 1134 1826 inde
1163 1772 1381 1841 sanguis
1409 1780 1460 1824 et
1491 1785 1625 1835 ama
1655 1768 1925 1838 proﬂuxit,
1961 1782 2082 1836 quae

506 1879 576 1916 sn
599 1872 836 1918 ramenta
867 1877 986 1916 esse
1016 1863 1256 1915 novimus
1285 1861 1476 1928 quibus
1505 1859 1797 1912 mdificatur
1823 1858 2081 1911 Ecclesia.

504 1952 634 2006 Nam
665 1953 766 2006 boc
793 1955 952 2007 etiam
979 1952 1140 2005 verbo
1170 1951 1441 2017 Scriptura
1470 1965 1562 2003 usi
1591 1958 1694 2011 est,
1730 1949 1817 2001 ubi
1852 1963 1956 2000 non
2002 1947 2082 2000 le-

501 2044 639 2112 gitur
667 2043 932 2102 formavit,
956 2053 1044 2095 aut
1073 2041 1242 2102 finxit,
1274 2028 1367 2094 sed
1391 2040 1676 2092 mdificavit
1713 2053 1830 2090 eam
1863 2038 1915 2092 in
1958 2053 2079 2091 mu-

502 2136 717 2198 lierem;
767 2133 908 2187 unde
956 2140 1010 2186 et
1067 2131 1356 2199 Apostolus
1411 2129 1590 2183 dicit:
1647 2127 2080 2184 Edilicationcm

502 2225 737 2294 corporis
758 2223 976 2288 Christi,
1007 2224 1144 2292 quod
1174 2232 1257 2276 est
1280 2221 1536 2276 Ecclesia.
1562 2221 1817 2274 Creatura
1847 2229 1931 2274 est
1953 2235 2083 2290 ergo

503 2316 593 2370 Dei
622 2315 838 2379 femina,
881 2313 1019 2367 sicut
1064 2312 1165 2376 vir,
1206 2313 1299 2366 sed
1352 2321 1408 2363 ut
1447 2310 1527 2365 de‘
1562 2310 1679 2364 viro
1717 2311 1867 2364 fieret
1909 2311 2085 2363 unitas

499 2404 867 2460 commendata
892 2403 1049 2476 [est];
1074 2414 1131 2455 ut
1151 2413 1327 2454 autem
1353 2401 1443 2454 illo
1460 2399 1620 2454 modo
1642 2401 1793 2455 fieret
1812 2399 2083 2468 Christus,

500 2509 556 2550 ιιι
585 2498 784 2550 dictum
836 2507 943 2558 est,
999 2507 1052 2547 et
1106 2493 1342 2547 Ecclesia
1396 2491 1613 2559 figurata
1643 2501 1746 2545 cst.
1804 2493 1901 2557 Qui
1953 2506 2084 2559 ergo

500 2599 783 2655 utrumque
808 2602 993 2640 sexum
1027 2585 1274 2648 instituit,
1309 2593 1588 2652 utrumque
1620 2584 1891 2638 restituet.
1925 2583 2084 2638 Deni-

498 2693 601 2748 que
646 2678 762 2746 ipsc
791 2676 945 2730 Jesus
979 2676 1330 2743 interrogatus
1361 2688 1389 2726 a
1434 2673 1762 2740 Sadducteis,
1793 2673 1882 2741 qui
1918 2688 2080 2742 nega-

498 2771 626 2825 bant
669 2767 1156 2822 resurrectionem:
1211 2764 1377 2834 Cujus
1430 2775 1634 2832 septem
1697 2765 1920 2817 fratrum
1979 2765 2083 2817 erit

501 2871 638 2926 uxor
665 2871 822 2928 quam
867 2856 1062 2924 singuli
1103 2854 1439 2907 habuerunt?
1470 2855 1592 2906 dttm
1641 2855 1866 2922 quisque
1893 2869 2080 2907 eorum

497 2946 660 3001 villet
710 2945 944 3000 defuncti
997 2960 1206 3012 semen,
1249 2944 1386 2997 sicut
1442 2943 1526 2997 lex
1567 2954 1892 3012 prmcepcrat
1933 2942 2080 2998 exci-

2189 1760 2279 1815 det
2302 1771 2468 1814 tetuui
2493 1762 2757 1831 digestum
2785 1761 2948 1816 fuisse
2974 1779 3066 1830 per
3089 1765 3225 1818 imos
3243 1778 3469 1830 meatus,
3493 1769 3619 1820 nihil
3644 1768 3750 1820 inde

2192 1852 2242 1905 in
2271 1853 2385 1918 ejus
2410 1869 2625 1906 carnem
2663 1865 2921 1907 mutatum
2953 1865 3112 1922 atque
3135 1871 3474 1919 conversum,
3504 1872 3623 1910 cum
3654 1859 3750 1925 ipsa

2187 1943 2385 1995 macies
2415 1957 2536 2010 qua:
2565 1943 2681 2006 fttit,
2723 1951 2776 1995 et
2822 1958 2928 1996 non
2959 1952 3062 2008 est,
3106 1946 3238 1998 satis
3270 1945 3464 1999 indicet
3507 1963 3624 2008 qua
3659 1949 3750 2000 illis

2177 2032 2334 2088 escis
2382 2033 2708 2086 detrimenta
2760 2032 3007 2102 suppleta
3061 2033 3203 2086 sint?
3246 2033 3362 2087 Jam
3397 2036 3568 2102 itaque
3595 2036 3750 2100 aliqua

2186 2124 2342 2190 paulo
2365 2134 2484 2175 ante
2509 2123 2748 2192 przeniisi
2779 2139 2897 2192 qute
2926 2123 2991 2176 ad
3025 2123 3183 2176 istum
3207 2139 3420 2192 quoque
3450 2128 3635 2178 nodum
3659 2136 3749 2176 sut-

2185 2212 2418 2265 vendum
2459 2214 2637 2266 valere
2689 2213 2983 2267 debebunt.
3034 2214 3300 2281 Quidquid
3341 2214 3480 2268 enim
3525 2221 3746 2268 carnium

2184 2304 2428 2357 exhausit
2452 2303 2642 2366 fames,
2673 2304 2853 2372 utique
2880 2303 2929 2357 in
2960 2320 3118 2358 auras
3144 2316 3226 2358 est
3265 2306 3590 2368 exlialatutu,
3619 2307 3745 2358 unde

2183 2397 2413 2450 diximus
2442 2398 2861 2462 omnipotentem
2913 2397 3078 2450 Deum
3109 2411 3265 2463 posse
3315 2413 3564 2450 revocare
3615 2397 3740 2462 quod

2184 2488 2334 2556 fugit.
2373 2488 2646 2542 lieddetur
2671 2503 2801 2557 ergo
2829 2503 2954 2541 caro
2981 2488 3065 2541 illa
3093 2488 3292 2541 homini
3318 2489 3370 2541 in
3401 2505 3502 2558 quo
3531 2506 3645 2543 e~se
3667 2507 3746 2542 ca.

2183 2596 2242 2635 ro
2273 2580 2500 2634 humana
2533 2580 2780 2649 primitus
2804 2582 2987 2648 carpit,
3018 2580 3201 2633 abillo
3223 2581 3419 2649 quippe
3457 2581 3620 2633 alt-~ro
3646 2593 3747 2631 tan-

2182 2689 2340 2742 quam
2375 2686 2558 2726 muluo
2604 2683 2816 2739 sumpta
2865 2673 3168 2741 deputanda
3221 2684 3325 2738 εει,
3355 2689 3473 2742 qua:
3521 2675 3652 2726 sicut
3677 2687 3741 2723 ars

2181 2765 2415 2817 al'cnum
2438 2765 2487 2818 ei
2515 2763 2841 2817 redbibenda
2867 2774 2970 2828 est,
2997 2758 3138 2817 unde
3155 2774 3364 2832 sumpta
3387 2774 3484 2822 cst.
3509 2765 3607 2818 Sua
3631 2779 3744 2816 vero

2183 2854 2259 2908 illi
2301 2871 2457 2924 quem
2494 2853 2662 2908 fames
2697 2854 3017 2908 exinauierit
3045 2852 3480 2924 [exinaniveratL
3503 2858 3646 2908 abeo
3665 2854 3742 2922 qui

2185 2955 2361 3014 potest
2382 2947 2543 2998 etiam
2566 2945 2815 3000 exhalata
2845 2960 3101 3000 revocare
3131 2945 3407 3008 reddetur,
3441 2944 3669 3016 quamvis
3696 2953 3741 2995 et

497 3047 609 3090 tare
643 3053 656 3089 :
692 3036 918 3099 Erratis,
977 3034 1166 3104 inquit,
1209 3033 1513 3089 nescientes
1563 3035 1866 3104 Scripturas
1908 3049 2080 3104 neque
2110 3024 2153 3085 C
2184 3033 2228 3090 si
2275 3037 2524 3088 omnibus
2554 3036 2778 3103 perisset
2808 3035 3000 3096 modis,
3041 3051 3140 3090 nec
3171 3036 3276 3088 ulla
3299 3036 3412 3103 ejus
3443 3036 3674 3088 materies
3694 3035 3737 3083 in

499 3129 744 3182 virtutem
778 3129 906 3192 Dei;
939 3136 993 3182 et
1032 3142 1151 3181 cum
1182 3127 1329 3181 locus
1354 3137 1498 3183 esset
1530 3137 1585 3180 ut
1618 3128 1841 3192 diceret,
1873 3127 1950 3182 De
1974 3142 2074 3196 qua

495 3218 634 3271 enim
667 3232 752 3271 me
773 3219 1129 3285 interrogatis,
1150 3217 1230 3269 vir
1250 3217 1356 3270 erit
1377 3217 1533 3270 etiam
1560 3217 1697 3285 ipsa,
1722 3231 1825 3270 non
1853 3215 2074 3280 mulier;

497 3323 598 3360 non
626 3306 770 3378 [hoc]
800 3308 954 3370 dixit,
982 3307 1074 3360 sed
1102 3307 1235 3361 dixit
1266 3325 1278 3359 :
1308 3308 1362 3360 In
1384 3309 1778 3362 resurrectione
1809 3308 1951 3361 enim
1983 3322 2078 3361 ne-

496 3413 598 3466 que
629 3397 846 3460 nubent,
873 3413 1044 3465 neque
1075 3413 1269 3451 uxores
1293 3399 1506 3460 ducent,
1538 3397 1631 3451 sed
1665 3408 1791 3451 sunt
1817 3397 1955 3451 sicut
1983 3413 2078 3450 an-

497 3489 602 3558 geli
639 3489 730 3542 Dei
763 3489 815 3541 in
842 3491 1004 3543 caelo.
1037 3489 1292 3556 Aiquales
1325 3489 1502 3554 utique
1533 3489 1734 3557 angelis
1763 3489 2079 3541 immortali-

504 3590 607 3634 tate
647 3594 708 3634 ac
741 3579 1009 3644 felicitate,
1042 3595 1147 3632 non
1177 3594 1341 3632 carne
1377 3581 1513 3632 sicut
1541 3595 1640 3632 nec
1662 3580 2077 3642 resurrectione,

497 3687 598 3741 qua
631 3687 733 3724 non
769 3670 1108 3740 indiguerunt
1147 3669 1345 3738 angeli,
1395 3670 1646 3738 quoniam
1688 3684 1786 3724 nec
1827 3669 1960 3722 mori
1991 3684 2078 3736 po-

499 3772 734 3816 tuerunt.
767 3763 986 3830 Nuptias
1015 3776 1141 3831 ergo
1185 3761 1438 3815 Dominus
1485 3761 1686 3815 futuras
1717 3761 1926 3829 negavit
1956 3774 2080 3818 esse

497 3856 549 3907 in
600 3854 1012 3913 resurrectione.
1050 3870 1152 3906 non
1191 3852 1452 3918 feminas;
1487 3864 1542 3907 et
1602 3852 1673 3906 ibi
1722 3853 1954 3920 negavit,
1990 3853 2077 3905 tibi

497 3945 614 3998 talis
643 3945 866 4012 qua'stio
900 3944 1232 4010 vertebatur,
1275 3957 1332 3998 ut
1360 3960 1477 3999 eam
1518 3954 1709 4015 negato
1730 3959 1860 3998 sexu
1891 3946 2078 3998 mulie-

499 4038 575 4091 bri
601 4038 856 4091 celeriore
886 4036 1145 4090 facilitate
1193 4036 1534 4113 dissolveret,
1577 4041 1620 4090 si
1661 4051 1781 4090 eum
1826 4036 1896 4087 ibi
1939 4049 2078 4104 prte-

498 4140 742 4181 nosceret
787 4143 891 4180 nou
935 4126 1201 4192 futurum;
1245 4128 1352 4180 imo
1381 4129 1540 4180 etiam
1575 4127 1806 4180 futttrum
1832 4141 1953 4180 esse
1985 4127 2076 4179 lir-

500 4223 656 4274 mavit
684 4221 932 4284 dicendo,
968 4235 1075 4273 non
1107 4221 1330 4282 nubent,
1382 4219 1524 4288 quod
1554 4219 1616 4270 ad
1647 4218 1872 4273 feminas
1913 4219 2076 4286 perti-

499 4323 608 4374 net.
651 4328 748 4367 nec
777 4326 970 4364 uxores
1017 4312 1236 4373 ducent,
1278 4310 1418 4378 quod
1451 4311 1515 4364 ad
1553 4311 1715 4364 viros.
1751 4311 1916 4363 Erunt
1947 4304 2080 4378 ergo

2183 3126 2308 3182 ullis
2341 3137 2544 3179 natura:
2574 3126 2729 3196 105
2769 3126 2990 3179 latebris
3047 3127 3568 3191 remansisset,utnle,
3599 3125 3740 3176 vellet

2181 3234 2298 3273 eam
2325 3228 2605 3286 repararet
2628 3218 3000 3284 Omnipotrns.
3046 3216 3151 3270 Sed
3199 3227 3412 3283 prapter
3444 3216 3736 3268 sententiam

2181 3310 2440 3369 veritatis,
2469 3323 2570 3375 qua
2599 3308 2631 3359 d
2656 3318 2800 3361 ctum
2833 3319 2937 3374 est,
2985 3305 3220 3374 Capillus
3245 3307 3436 3373 capitis
3469 3305 3618 3356 vcsni
3646 3317 3735 3354 uon

2181 3402 2395 3470 peribit,
2427 3400 2714 3452 absurdum
2742 3409 2825 3452 est
2855 3407 2912 3451 ut
2941 3407 3207 3466 putemus,
3241 3412 3362 3450 cum
3403 3394 3613 3463 capillus
3655 3395 3735 3444 ho-

2182 3492 2341 3546 minis
2374 3492 2547 3558 perire
2564 3504 2669 3544 non
2694 3489 2882 3557 possit,
2917 3499 3091 3541 tantas
3117 3504 3308 3541 carnes
3335 3488 3470 3540 fame
3508 3487 3732 3553 drpastas

2183 3594 2342 3647 atque
2369 3589 2717 3646 consumptas
2767 3583 2942 3647 perire
2973 3580 3230 3648 potuisse.
3277 3581 3477 3644 Quibus
3514 3577 3735 3630 omnibus

2185 3691 2281 3740 pro
2310 3687 2495 3730 nostro
2519 3674 2735 3729 modulo
2771 3673 3124 3727 consideratis
3157 3681 3317 3739 atque
3352 3672 3597 3731 tractatis.
3636 3669 3732 3722 inec

2182 3782 2389 3821 summa
2430 3767 2732 3831 conficitur,
2765 3764 2889 3818 utin
2916 3763 3317 3818 resurrectione
3335 3763 3509 3818 czirnis
3531 3762 3577 3815 in
3599 3773 3733 3812 ater-

2183 3874 2307 3912 nttm
2353 3871 2447 3911 eas
2499 3870 2781 3911 mensuras
2839 3855 3034 3910 habeat
3081 3869 3367 3921 corporum
3426 3852 3729 3923 magnitudo,

2181 3965 2312 4020 quas
2337 3949 2565 4003 habebat
2592 3946 2959 4016 perficienda,
2985 3947 3098 4000 sive
3123 3945 3376 4014 perfecta:
3399 3945 3640 4012 cujusque
3660 3945 3729 3994 in-

2179 4041 2287 4095 dita
2303 4040 2545 4107 corporis
2574 4037 2710 4091 ratio
2726 4037 3046 4106 juventutis,
3073 4037 3124 4088 in
3158 4036 3520 4090 membrorum
3541 4047 3726 4101 quoque

2179 4132 2422 4184 omnium
2441 4127 2670 4182 modulis
2692 4143 2930 4195 congruo
2954 4127 3150 4181 decore
3171 4137 3405 4186 servato.
3430 4125 3560 4193 quod
3586 4123 3730 4177 decus

2181 4232 2238 4275 ut
2277 4233 2522 4275 servetur
2551 4220 2596 4273 si
2625 4218 2825 4288 aliquid
2857 4217 3128 4285 demptum
3174 4215 3334 4268 fuerit
3365 4215 3618 4269 indecenti
3646 4211 3727 4262 ali-

2179 4315 2265 4368 cui
2294 4313 2584 4382 granditati
2613 4312 2665 4365 in
2713 4321 2865 4380 parte
2911 4311 3085 4378 aliqua
3137 4309 3461 4369 constituunt,
3492 4305 3620 4374 quod
3649 4317 3730 4371 per

499 4418 615 4471 qua:
649 4405 730 4458 vel
779 4395 977 4457 nubere
1017 4403 1102 4456 hic
1132 4406 1326 4464 solent,
1363 4402 1442 4456 vel
1474 4401 1676 4456 ducere
1717 4416 1933 4467 uxores,
1975 4405 2069 4456 sed
2104 4394 2154 4454 Ι)
2180 4413 2348 4458 totum
2374 4413 2673 4470 spargatur,
2706 4409 2763 4452 ut
2789 4415 2962 4467 neque
3005 4399 3056 4450 id
3092 4407 3298 4466 pereat,
3330 4405 3384 4448 et
3404 4392 3723 4464 congruentia

500 4495 567 4547 ibi
597 4493 697 4546 hoc
719 4508 821 4546 non
855 4494 1068 4546 facient.

1072 4601 1296 4657 CAPUT
1337 4603 1494 4656 CLX.

504 4697 650 4764 Quod
686 4696 738 4747 in
779 4695 1146 4747 resurrectione
1185 4706 1496 4747 mortuorum
1565 4707 1751 4747 natura
1800 4711 2070 4762 corporum

567 4764 865 4834 quibusiibct
917 4765 1078 4814 modis
1121 4767 1481 4832 dissipiitoruut
1534 4766 1586 4817 in
1629 4768 1878 4833 integrum
1927 4781 2070 4817 revo-

567 4838 734 4889 canda
765 4835 860 4897 sit;
888 4849 950 4885 ea:
975 4835 1146 4884 eodem
1173 4835 1300 4885 libro
1324 4850 1450 4887 xxtt.

569 4949 719 5002 Absit
749 4942 971 5017 [autem]
1009 4953 1066 4997 ut
1091 4943 1156 4996 ad
1184 4944 1550 4998 resuscitanda
1591 4958 1816 5012 corpora
1837 4946 2070 5015 vitmque

501 5039 766 5094 reddenda
811 5053 913 5089 non
947 5035 1112 5103 possit
1157 5035 1536 5101 omnipotentia
1580 5036 1848 5090 Creatoris
1894 5037 2069 5092 omnia

503 5146 747 5184 revocare
774 5143 890 5196 qua:
932 5127 1010 5179 vel
1043 5125 1248 5186 bestiar,
1281 5126 1358 5177 vel
1386 5125 1520 5192 ignis
1545 5126 1845 5195 absumpsit
1873 5125 1924 5179 in
1955 5127 2072 5196 pul-

507 5235 681 5274 verem
710 5223 1012 5272 cineremve
1050 5216 1368 5284 collapsutn,
1398 5216 1483 5267 vel
1517 5217 1568 5276 iu
1609 5217 1884 5288 humorem
1921 5217 2069 5272 solu-

505 5322 642 5374 tum,
691 5311 774 5363 vel
825 5311 876 5362 in
923 5323 1081 5362 auras
1141 5316 1225 5361 est
1273 5307 1617 5368 exbalatum;
1660 5307 1798 5361 absit
1839 5318 1896 5362 ttt
1928 5308 2077 5365 sinus

505 5402 641 5454 ullus
673 5411 1043 5468 secretumque
1091 5409 1294 5453 natura:
1337 5397 1406 5450 ita
1449 5396 1670 5466 recipiat
1706 5399 1906 5467 aliquid
1950 5401 2075 5455 sub-

508 5502 762 5573 tractum‘
789 5495 1030 5548 sensibus
1085 5493 1322 5556 nostris,
1375 5501 1436 5544 ut
1500 5491 1736 5545 omnium
1805 5492 2074 5548 Creatoris

507 5594 595 5636 aut
617 5587 965 5653 eoguitionem
992 5586 1171 5652 lateat,
1194 5594 1281 5639 aut
1306 5584 1519 5655 en‘ug'at
1542 5594 1874 5654 potestatem.
1903 5585 2068 5641 Deum

2177 4494 2405 4562 partium
2437 4488 2636 4559 ubique
2676 4498 2942 4554 teneatur,
2993 4503 3095 4540 non
3147 4496 3230 4540 est
3259 4486 3544 4539 absurdum
3573 4494 3621 4535 tit
3645 4481 3727 4534 ali-

2176 4584 2303 4653 quid
2338 4583 2460 4637 inde
2487 4584 2648 4636 etiam
2679 4590 2904 4634 statura:
2931 4578 3174 4646 corporis
3211 4575 3334 4629 addi
3369 4590 3524 4642 posse
3560 4572 3726 4626 creda-

2178 4689 2320 4736 mus,
2345 4689 2464 4726 cum
2491 4671 2740 4724 omnibus
2771 4668 3030 4737 partibus,
3061 4677 3118 4720 ut
3140 4667 3393 4720 decorem
3423 4663 3720 4720 custodiant.

2175 4764 2226 4818 id
2252 4763 2624 4818 distribuitur:
2661 4759 2799 4829 quod
2827 4761 2870 4814 si
2901 4760 3194 4814 enormiter
3234 4757 3286 4810 in
3319 4772 3420 4808 una
3451 4764 3604 4815 esset,
3631 4753 3721 4803 uli-

2176 4872 2281 4928 que
2314 4871 2417 4908 non
2447 4854 2682 4908 deceret.
2717 4856 2822 4906 Aut
2863 4850 2907 4904 si
2939 4849 3277 4904 contenditur
3308 4849 3361 4900 in
3404 4863 3463 4901 ea
3488 4857 3722 4916 quemque

2179 4961 2382 5005 statura
2409 4947 2654 5018 corporis
2694 4954 3116 5000 resurrecturum
3158 4958 3306 5005 esse,
3350 4943 3403 4997 in
3429 4959 3526 5011 qua
3556 4939 3720 4995 defun-

2177 5056 2296 5098 ctus
2319 5053 2418 5103 est,
2447 5057 2552 5095 non
2583 5038 2893 5110 pugnaciter
2921 5035 3274 5091 resistendum
3301 5043 3404 5097 est,
3432 5044 3616 5087 tantum
3641 5030 3717 5081 ab-

2179 5137 2248 5188 sit
2279 5135 2452 5188 omnis
2480 5132 2812 5194 deformitas,
2842 5130 3021 5182 omnis
3049 5127 3357 5190 infirmitas,
3388 5127 3556 5178 omnis
3582 5120 3718 5174 tardi-

2179 5235 2280 5286 tas,
2323 5223 2606 5288 omnisque
2637 5220 2934 5286 corruptio,
2979 5226 3031 5268 «ιι
3059 5217 3102 5269 si
3130 5216 3257 5284 quid
3305 5216 3448 5267 aliud
3480 5211 3594 5266 illud
3632 5223 3714 5260 non

2182 5318 2339 5369 decet
2377 5328 2610 5383 regnum
2641 5312 2693 5364 in
2725 5325 2829 5379 quo
2858 5307 3266 5362 resurrectionis
3289 5315 3344 5358 et
3382 5298 3711 5374 promissionis

2184 5407 2275 5460 filii
2306 5380 2534 5475 aequales
2575 5380 2734 5458 erunt
2775 5401 2979 5471 angelis
3010 5401 3122 5465 Dei,
3162 5399 3207 5451 si
3241 5413 3344 5450 non
3373 5409 3605 5464 corpore,
3627 5403 3710 5444 non

2180 5507 2356 5559 aetate,
2387 5506 2530 5551 certe
2563 5495 2833 5549 felicitate.
2863 5494 3190 5546 liestituetur
3235 5506 3365 5558 ergo
3395 5484 3629 5556 quidquid
3656 5482 3707 5531 de

2180 5587 2490 5657 corpor=bus
2521 5585 2674 5645 vivi=.
2701 5583 2780 5638 vel
2811 5592 2928 5653 post
2953 5592 3174 5634 mortem
3201 5578 3614 5634 decadaveribus
3637 5583 3706 5639 ρι’
