3886 6224
134 278 232 332 809

1316 275 1740 331 'i'llESAUliUS.
1783 275 1934 330 CAP.
1977 273 2178 330 CLXII.

3271 272 3374 326 εεο

131 396 235 460 riit,
262 401 320 449 et
345 394 502 449 simul
530 408 649 448 cum
691 407 754 447 eo
795 391 935 462 quod
967 390 1018 443 in
1060 389 1318 458 sepulcris
1361 391 1616 443 remansit
1644 392 1693 443 in
1729 401 1764 451 Λ
1800 405 1896 443 nec
1922 402 2260 443 commonere
2290 384 2754 459 [commemorare]
2777 400 2862 439 me
2891 386 3048 454 piget,
3093 387 3379 442 confitente

131 489 384 556 spiritalis
409 485 651 554 corporis
676 485 962 538 novitatem
985 497 1050 537 ex
1085 482 1328 536 animalis
1349 482 1592 550 corporis
1618 496 1707 535 ve-

131 589 326 632 tustate
359 586 617 630 mutatum
660 584 905 642 resurget
949 574 1352 643 incorruptione
1396 583 1555 642 atque
1602 573 1702 626 im-

134 668 462 721 mortalitate
484 665 757 731 vestitum,
782 663 877 718 sed
905 672 960 718 et
989 666 1032 717 si
1066 663 1147 718 vel
1178 677 1303 718 casu
1332 663 1506 732 aliquo
1536 663 1704 732 gravi,

131 761 210 811 vel
242 758 584 811 inimicorum
617 756 945 810 immanitate
971 763 1137 810 totum
1167 756 1380 824 penitus
1402 764 1711 810 conteratur

133 866 181 917 in
208 849 508 916 pulverem,
543 856 703 917 atque
734 847 785 900 in
814 860 994 912 auras,
1035 848 1118 902 vel
1150 848 1200 900 in
1225 862 1389 916 aquas
1412 846 1711 914 dispersum

131 945 390 1005 quantum
423 936 540 991 fieri
568 943 766 1004 potest,
793 941 1050 1003 nusquam
1072 948 1194 990 esse
1235 936 1279 989 si
1323 943 1511 988 natura
1536 933 1713 988 omnia

135 1030 279 1082 nullo
304 1027 468 1082 modo
497 1027 735 1081 subtrahi
770 1026 964 1095 poterit
996 1025 1394 1094 omnipmentize
1415 1024 1708 1090 Creatoris,

135 1120 227 1174 sed
254 1119 490 1188 capillus
517 1120 571 1173 in
602 1133 667 1174 eo
692 1118 881 1187 capitis
921 1133 1026 1172 non
1059 1117 1271 1186 peribit.
1317 1117 1432 1170 Erit
1452 1131 1580 1184 ergo
1608 1116 1717 1183 spi-

133 1215 252 1266 ritui
286 1212 504 1265 subdita
531 1225 659 1265 caro
686 1209 961 1280 spiritalis,
985 1208 1078 1263 sed
1107 1219 1282 1263 tamen
1312 1221 1439 1261 caro
1479 1223 1581 1260 non
1611 1205 1716 1273 Spi-

133 1308 264 1359 ritus
296 1321 311 1358 :
347 1305 488 1358 sicut
520 1304 668 1358 carni
696 1302 937 1358 subditus
964 1301 1064 1356 fuit
1087 1301 1438 1370 spiritusipse
1461 1297 1718 1360 carnalis,

135 1395 225 1449 sed
260 1406 443 1450 tamen
471 1394 692 1462 spiritus
724 1409 828 1448 non
856 1407 1000 1448 caro.
1030 1391 1197 1460 Cujus
1222 1392 1298 1446 rei
1332 1390 1592 1444 habemus
1622 1404 1716 1442 ex—

137 1487 441 1556 perimentu
458 1502 506 1540 ιη
536 1484 586 1539 in
613 1495 810 1538 nostra
837 1498 1004 1552 poma:
1035 1481 1399 1536 deformitate.
1433 1478 1546 1533 Non
1574 1478 1717 1532 enim

136 1577 434 1631 secundum
466 1590 706 1640 carnem,
755 1574 851 1628 sed
901 1576 1081 1642 utique
1126 1574 1418 1625 secundum
1473 1570 1718 1637 spiritum

136 1651 383 1722 carnales
411 1677 585 1731 erant,
608 1667 801 1735 quibus
829 1667 902 1718 ait
925 1661 1214 1731 Apostolus
1241 1678 1252 1713 :
1297 1660 1413 1713 Non
1447 1660 1592 1727 potui
1626 1675 1720 1712 vo-

1815 480 2132 549 Porphyrio,
2175 488 2334 548 atque
2369 477 2422 532 id
2454 478 2686 534 oraculis
2726 479 2947 532 deorum
2989 493 3206 530 suorum
3257 494 3379 546 pro-

1814 571 1940 625 bare
1968 571 2235 638 cupiente,
2270 573 2381 640 ipsa
2413 572 2626 627 numina
2655 574 3068 641 perhorrescunt
3090 589 3102 623 :
3123 587 3279 640 quem
3309 574 3386 625 sic

1814 663 2070 725 laudavit,
2095 673 2153 716 ut
2177 678 2295 717 eum
2325 673 2378 717 et
2409 664 2576 718 Deum
2607 665 2816 718 Patrem
2859 673 2914 718 et
2941 678 3118 733 regem
3151 673 3387 716 vocaret.

1817 752 1969 806 Absit
1995 753 2138 806 enim
2162 754 2312 807 utsic
2341 753 2684 823 intelligenda
2707 754 2812 806 sint
2838 768 2956 823 quae
2984 754 3127 823 praed
3153 754 3229 806 xit
3258 768 3391 821 quo-

1819 843 1977 900 modo
2008 843 2190 898 volunt
2216 843 2269 897 hi
2301 845 2387 912 qui
2423 844 2524 898 hoc
2541 859 2660 898 cum
2694 845 2888 900 mundo
2912 861 3014 898 non
3044 844 3392 899 Crediderunt

1818 933 1958 1003 quod
1991 935 2245 1002 mundum
2292 933 2618 988 crediturum
2659 948 2780 988 esse
2811 935 3070 1002 prsidis-it.
3107 933 3215 988 Cur
3241 934 3384 987 enim

1820 1043 1924 1082 non
1945 1027 2119 1096 potius
2134 1027 2205 1081 ita
2220 1027 2354 1082 sicut
2374 1026 2671 1081 crediturus
2692 1035 2839 1080 tanto
2857 1037 2978 1081 ante
3003 1027 3284 1095 prmdictus
3309 1036 3393 1080 est

1819 1120 2070 1185 mundus,
2101 1134 2206 1174 non
2233 1119 2369 1174 sicut
2399 1119 2709 1188 paucissimi
2744 1119 3001 1188 garriunt,
3025 1119 3113 1188 qui
3149 1119 3249 1172 hoc
3272 1133 3392 1172 cum

1821 1212 2021 1265 mundo
2050 1210 2189 1280 quod
2214 1208 2516 1265 crediturus
2547 1208 2833 1278 pratdietus
2862 1217 2945 1262 est
2971 1209 3188 1263 credere
3213 1210 3394 1264 nolue-

1821 1302 1981 1356 runt?
2005 1301 2060 1356 Si
2087 1301 2229 1355 enim
2258 1309 2546 1370 propterea
2579 1300 2761 1355 dicunt
2798 1301 2904 1354 alio
2935 1300 3096 1353 modo
3117 1315 3237 1354 esse
3267 1317 3387 1354 cre-

1820 1393 2015 1460 denda,
2047 1408 2131 1458 ne,
2163 1393 2207 1446 si
2234 1391 2464 1447 dixerint
2499 1406 2633 1445 vana
2656 1406 2774 1446 esse
2793 1390 3117 1458 conscripta,
3151 1391 3396 1460 iniuriam

1822 1486 2012 1540 faciant
2045 1485 2122 1540 illi
2151 1486 2282 1553 Deo,
2310 1483 2396 1540 cui
2425 1495 2530 1538 tam
2565 1498 2810 1553 magnum
2850 1481 3133 1550 perhibent
3162 1482 3402 1535 testimo-

1822 1579 1991 1646 nium,
2023 1587 2222 1632 tantam
2253 1592 2472 1647 prorsus
2504 1577 2577 1644 ei,
2627 1576 2711 1630 vel
2761 1576 2921 1631 etiam
2969 1574 3270 1644 graviorem
3325 1574 3423 1633 fasi.

1823 1671 1972 1724 ciunt
2019 1670 2266 1738 injuriam
2313 1670 2358 1724 si
2417 1670 2572 1723 aliter
2619 1668 2803 1724 dicunt
2855 1684 2974 1724 esse
3033 1659 3398 1738 intelligenda,

139 1759 216 1812 bis
244 1759 396 1828 loqui
427 1756 576 1826 quasi
606 1754 958 1825 spiritalibu5,
991 1752 1082 1807 Sed
1113 1751 1263 1821 quasi
1289 1750 1613 1804 carnillibus-
1647 1750 1711 1803 Ει
1748 1763 1789 1819 Β
1818 1775 1920 1812 non
1961 1759 2100 1813 sicut
2130 1758 2360 1812 mundus
2387 1773 2447 1812 ea
2478 1757 2702 1812 credidit
2726 1773 2882 1826 quem
2910 1758 3234 1812 crediturum
3279 1773 3400 1813 esse

141 1854 300 1908 homo
335 1851 620 1920 spiritalis,
673 1849 752 1903 sic
796 1850 848 1902 in
903 1849 1000 1902 hac
1039 1848 1143 1900 vita
1174 1846 1390 1910 dicitur,
1434 1857 1489 1899 ut
1540 1853 1718 1898 tamen

141 1943 247 2008 cor.
269 1961 368 2000 ore
405 1945 581 1998 adhuc
607 1942 840 1997 carnalis
867 1940 957 2007 sit,
980 1950 1034 1994 et
1063 1939 1243 1993 videat
1275 1938 1431 1992 aliam
1463 1938 1634 2007 legem
1669 1938 1718 1989 in

143 2038 400 2093 membris
430 2036 540 2090 suis
569 2041 949 2102 repugnantem
968 2029 1072 2098 legi
1104 2028 1298 2084 mentis
1326 2043 1461 2084 suae.
1487 2027 1605 2081 Erit
1626 2042 1719 2079 au-

145 2143 244 2186 tcm
277 2133 443 2185 etiam
471 2142 696 2197 corpore
724 2124 984 2195 spiritalis
1010 2139 1133 2179 cum
1165 2121 1350 2178 eadem
1380 2136 1505 2175 caro
1531 2121 1610 2174 sic
1639 2135 1724 2173 rc-

145 2220 377 2274 surresit
409 2226 466 2272 ut
497 2219 589 2271 fiat
615 2215 758 2286 quod
787 2214 1044 2284 scriptum
1098 2222 1179 2267 est
1209 2227 1224 2265 :
1266 2211 1574 2267 Seminatur
1603 2224 1722 2264 cor-

148 2328 243 2380 pus
264 2311 524 2374 animale,
548 2317 789 2376 resurget
816 2320 1009 2374 corpus
1021 2305 1282 2375 spiritale.
1305 2307 1435 2370 Qua:
1454 2304 1526 2357 sit
1543 2312 1721 2356 autem

147 2414 199 2456 et
215 2418 374 2470 quam
397 2415 584 2471 magna
607 2399 861 2469 spiritalis
882 2411 1012 2466 corp
1032 2397 1120 2450 .ris
1143 2397 1329 2468 gratia,
1346 2397 1468 2465 quia
1490 2395 1723 2448 nondum

149 2494 292 2548 venit
339 2495 395 2547 in
442 2492 889 2561 experimentum,
931 2502 1120 2543 vereor
1163 2501 1230 2542 ne
1275 2488 1610 2542 temerarium
1654 2484 1725 2539 sit

151 2599 306 2639 onine
334 2599 368 2653 q
395 2583 478 2638 rod
501 2583 567 2636 de
595 2581 681 2636 illa
710 2581 975 2651 profertur
997 2580 1289 2649 eloquium.
1313 2608 1383 2620 —
1414 2577 1489 2632 De
1511 2578 1731 2631 novitate

153 2676 380 2742 corporis
423 2672 670 2743 spiritalis
689 2712 707 2740 ,
747 2673 799 2726 in
827 2689 928 2742 qua
955 2682 1254 2725 sanctorum
1281 2686 1400 2724 caro
1425 2669 1728 2724 mutabitur.

157 2767 235 2821 Ea:
260 2768 438 2820 eodem
468 2767 596 2820 libro
628 2767 690 2820 de
718 2765 934 2820 Civitate
964 2764 1062 2819 Dei
1082 2780 1210 2819 χιιι.
1234 2765 1447 2818 -—Cum
1474 2765 1587 2819 haec
1608 2779 1733 2833 pro-

157 2862 340 2916 missio
383 2860 762 2929 complebitur,
815 2859 943 2929 quid
981 2856 1223 2914 erimus?
1266 2860 1450 2926 quales
1490 2857 1734 2913 erimus?

158 2969 272 3020 qua:
300 2953 440 3006 bo..a
466 2951 518 3005 in
551 2950 644 3004 illo
673 2966 839 3021 regno
868 2951 1140 3020 accepturi
1158 2967 1372 3016 sumus,
1403 2949 1735 3020 quandoqui-

159 3048 276 3099 dem
304 3044 520 3100 ChriSto
543 3044 805 3100 moriente
833 3059 928 3115 pro
963 3045 1116 3100 nobis
1141 3045 1248 3100 tale
1279 3044 1386 3114 jam
1421 3045 1609 3114 pignus
1647 3059 1738 3096 ac-

1823 1849 2100 1915 laudavit,
2163 1849 2280 1917 ipse
2331 1848 2620 1917 promi~it,
2677 1849 2791 1916 ipse
2845 1849 3154 1917 complevit.
3207 1849 3400 1903 Verum

1823 1937 1972 2010 [Cur]
1997 1940 2137 1993 enim
2169 1955 2274 1993 non
2321 1947 2497 2009 potest
2535 1938 2794 1993 facerent
2824 1947 3066 2007 resurgat
3093 1951 3220 1993 caro
3246 1947 3299 1992 et
3329 1941 3405 1993 vi-

1825 2038 1908 2080 vat
1935 2027 1987 2081 in
2023 2036 2306 2095 aeternum,
2337 2045 2404 2082 an
2435 2035 2716 2098 propterea
2754 2028 3076 2083 credendum
3111 2045 3214 2083 non
3245 2037 3327 2084 est
3357 2028 3404 2084 id

1824 2132 1944 2171 eum
1973 2131 2090 2172 esse
2114 2119 2398 2182 facturum,
2423 2120 2545 2189 quia
2591 2120 2792 2174 malum
2823 2128 2907 2175 est
2947 2130 3105 2190 atque
3134 2120 3407 2192 indignum

1829 2208 1980 2263 Deo?
2008 2209 2100 2263 sed
2130 2209 2198 2264 de
2223 2211 2610 2280 omnipotentia
2643 2209 2761 2279 ejus
2790 2225 2890 2279 qua
2920 2219 2994 2264 tot
3015 2219 3069 2265 et
3095 2219 3240 2264 tanta
3283 2212 3410 2265 fat-it

1826 2298 2176 2367 incredibilia,
2202 2299 2314 2369 jam
2344 2301 2508 2356 multa
2536 2299 2786 2356 diximus.
2837 2301 2893 2357 Si
2943 2302 3129 2358 volunt
3170 2304 3410 2358 invenire

1827 2391 1965 2458 quod
1995 2392 2332 2460 onmipotens
2362 2409 2466 2447 non
2519 2402 2713 2462 potest,
2771 2392 2969 2448 habent
3019 2410 3262 2464 prorsus,
3309 2413 3411 2466 ego

1831 2483 2002 2538 dicam
2031 2500 2045 2537 :
2077 2486 2288 2540 Mentiri
2315 2502 2417 2540 non
2451 2496 2643 2555 potest.
2675 2486 2966 2541 Credamus
2991 2502 3117 2558 ergo
3146 2489 3286 2559 quod
3314 2505 3409 2559 po-

1831 2583 1966 2639 test,
2020 2592 2124 2630 non
2171 2576 2443 2632 credendo
2490 2577 2630 2648 quod
2683 2594 2788 2632 non
2842 2591 3032 2648 potest.
3073 2581 3185 2636 Non
3236 2583 3413 2649 itaque

1832 2671 2117 2733 credentes
2162 2671 2302 2742 quod
2338 2671 2549 2726 mentiri
2603 2673 2801 2740 possit,
2852 2671 3075 2727 credant
3123 2687 3244 2729 esse
3297 2675 3409 2728 fac-

1836 2771 2041 2829 turum,
2086 2763 2228 2833 quod
2271 2779 2331 2818 se
2375 2763 2639 2819 facturum
2665 2778 2785 2819 esse
2813 2767 3081 2834 promisit,
3113 2773 3165 2818 et
3190 2768 3269 2819 sic
3296 2781 3416 2820 cae-

1834 2856 1997 2920 dant,
2054 2857 2190 2909 sicut
2234 2855 2287 2909 id
2333 2855 2562 2910 credidit
2606 2855 2838 2911 mundus
2884 2872 3040 2926 quem
3091 2857 3413 2912 creditum."

1837 2945 2120 3014 praedixit,
2180 2961 2336 3014 quem
2394 2945 2720 3001 crediturum
2771 2960 2890 3002 esse
2937 2948 3205 3014 laudavit,
3255 2964 3414 3018 quem

1824 3032 2163 3097 crediturum
2193 3051 2313 3092 esse
2359 3037 2620 3106 promisit,
2653 3052 2809 3106 quem
2841 3037 3135 3094 credid-ssc
3176 3037 3286 3107 jam
3332 3057 3419 3092 os-

161 3133 433 3201 cepimus?
464 3132 642 3198 Qualis
685 3135 788 3187 erit
816 3133 1035 3202 spiritus
1081 3133 1334 3200 hominis,
1368 3133 1568 3186 nullum
1612 3148 1730 3187 om-
1759 3137 1802 3197 (ζ
1834 3124 2022 3181 tendit.
2056 3126 2167 3180 lloc
2215 3136 2393 3180 autem
2438 3127 2635 3180 malum
2689 3141 2809 3182 esse
2858 3127 2997 3181 unde
3046 3127 3417 3183 demonstrant

166 3226 288 3276 nino
311 3225 516 3278 habens
555 3223 767 3290 vitium,
801 3238 901 3278 nec
928 3225 1027 3278 sub
1054 3239 1160 3292 quo
1184 3224 1381 3292 jaceat,
1412 3238 1512 3278 nec
1540 3225 1625 3277 cui
1659 3238 1739 3279 cc-

171 3314 286 3379 dat,
325 3329 426 3368 nec
453 3326 638 3368 contra
684 3314 825 3380 quod
872 3314 1061 3368 saltem
1110 3314 1448 3373 laudabiliter
1498 3314 1735 3382 dimicet,

171 3407 505 3474 pacatissima
545 3406 741 3460 virtute
781 3409 1082 3475 perlectus!
1133 3407 1332 3462 Rerum
1385 3410 1455 3462 ibi
1501 3411 1740 3463 omnium

172 3504 385 3565 quanta,
428 3512 587 3566 quam
625 3497 892 3564 speciosa,
931 3501 1087 3567 quam
1118 3509 1262 3552 certa
1306 3498 1526 3552 scientia
1562 3542 1577 3567 ,
1625 3499 1744 3554 sine

174 3603 351 3643 errore
386 3589 568 3658 aliquo
598 3587 685 3642 vel
723 3587 926 3656 labore,
956 3587 1045 3641 ubi
1077 3587 1170 3642 Dei
1214 3588 1473 3656 sapientia
1508 3587 1575 3643 de
1626 3589 1744 3657 ipso

177 3694 268 3732 suo
308 3681 457 3733 lente
500 3677 790 3749 potabitur,
837 3692 958 3733 cum
988 3692 1196 3733 summa
1243 3678 1497 3734 felicitate
1539 3688 1594 3733 et
1629 3682 1748 3734 sine

179 3771 275 3823 ulla
297 3768 647 3824 difficultate!
678 3768 844 3834 Quale
880 3772 983 3823 erit
1029 3782 1221 3838 corpus
1253 3767 1392 3838 quod
1440 3768 1748 3822 omnimodo

179 3863 380 3929 spiritui
408 3861 705 3925 subditum,
727 3871 780 3915 et
807 3875 872 3916 eo
898 3861 1229 3916 sufficienter
1260 3861 1604 3925 viviticatum,
1632 3860 1750 3914 nul-

183 3954 245 4006 lis
265 3954 535 4009 alimoniis
562 3953 850 4022 indigebit!
897 3952 1011 4006 Non
1043 3952 1184 4006 enim
1216 3952 1469 4017 animale,
1499 3952 1595 4008 sed
1641 3954 1748 4024 spio

183 4046 330 4098 ritale
357 4044 483 4111 erit,
517 4043 718 4098 habens
747 4042 961 4112 quidem
989 4043 1188 4108 carnis,
1219 4044 1311 4099 sed
1353 4044 1471 4098 sine
1499 4043 1603 4098 ulla
1631 4059 1750 4100 car-

185 4135 284 4189 nali
312 4135 657 4205 corruptione
679 4133 1051 4190 substantiam.

755 4247 982 4303 CAPUT
1021 4245 1197 4302 CLXI.

187 4334 260 4390 De
287 4339 578 4407 pervicacia
607 4338 941 4405 quarumdam
982 4339 1068 4404 qui
1097 4340 1515 4394 resurrectionem
1556 4343 1748 4406 carnis,

249 4426 420 4476 quam,
442 4410 570 4462 sicut
590 4409 886 4478 prardictum
926 4419 1018 4477 cst,
1049 4418 1180 4465 totus
1204 4411 1424 4464 mundus
1454 4413 1635 4479 credit,
1654 4414 1753 4466 im-

254 4491 506 4550 pugnant.

256 4594 454 4648 Verum
499 4592 566 4648 de
615 4593 778 4648 animi
811 4593 965 4648 bonis
994 4592 1185 4662 quibus
1238 4604 1358 4664 post
1412 4594 1550 4650 hanc
1595 4595 1756 4650 vitam

190 4686 530 4741 beatissimus
554 4684 1013 4754 perfruetur,.non
1041 4700 1070 4737 a
1099 4685 1250 4739 nobis
1290 4686 1612 4741 dissentiunt
1643 4689 1760 4755 phi-

190 4777 389 4845 losOphi
426 4774 676 4829 nobiles:
709 4773 777 4828 de
812 4775 987 4829 carnis
1004 4775 1759 4846 resurrectionecontendunt,

194 4866 323 4921 hanc
349 4874 610 4935 quantum
645 4859 868 4932 possunt
890 4873 1107 4935 negant.
1139 4866 1242 4921 Sed
1272 4867 1553 4923 credentes
1581 4870 1761 4936 multi,

193 4968 444 5028 negantes
487 4957 835 5028 paucissimos
882 4959 1241 5028 reliquerunt;
1279 4967 1334 5013 et
1373 4959 1440 5012 ad
1469 4957 1762 5028 Christum,

195 5052 276 5117 qui
307 5048 408 5104 huc
447 5047 586 5115 quod
631 5047 746 5102 istis
776 5047 986 5101 videtur
1028 5053 1075 5100 at
1098 5049 1343 5116 surdum,
1375 5048 1428 5103 in
1458 5064 1550 5102 sua
1584 5065 1766 5104 resur-

195 5142 433 5198 rectione
458 5139 792 5204 monstravit,
825 5136 967 5193 fideli
989 5137 1152 5193 corde
1191 5140 1435 5194 conversi
1464 5148 1590 5194 sunt
1622 5140 1764 5194 docti

197 5244 248 5288 et
276 5232 501 5300 indocti,
529 5231 797 5302 sapientes
824 5231 1004 5285 mundi
1031 5243 1083 5286 et
1115 5231 1448 5302 insipientes.
1482 5233 1593 5289 iloe
1621 5228 1762 5290 enim

198 5329 362 5383 credit
393 5327 650 5392 mundus,
693 5326 831 5396 quod
879 5324 1124 5395 prtedixit
1149 5328 1307 5395 Deus,
1339 5330 1426 5398 qui
1475 5331 1635 5385 etiam
1666 5330 1767 5386 hoc

205 5422 467 5488 pradixit,
492 5418 632 5489 quod
662 5418 799 5471 hanc
826 5432 938 5472 rem
977 5418 1206 5494 mundus
1237 5418 1410 5474 fuerat
1440 5423 1762 5476 crediturus.

203 5511 377 5584 Neque
423 5512 568 5565 enim
603 5507 743 5564 Petri
793 5507 1118 5581 [Porphyrii]
1143 5511 1440 5578 maleﬁciis,
1478 5527 1596 5566 eam
1646 5528 1766 5566 cum

205 5602 351 5660 laude
376 5602 715 5658 credentium
745 5610 894 5654 tanto
923 5610 1047 5655 ante
1075 5602 1429 5671 praenuntiam
1463 5606 1769 5673 compulsus

210 5706 304 5752 est.
332 5695 420 5752 ille
435 5702 522 5750 est
535 5694 677 5747 enim
698 5692 858 5758 Deus,
894 5708 1051 5761 quem
1071 5693 1209 5747 sicut
1229 5693 1338 5762 jam
1355 5693 1461 5748 dixi
1492 5695 1770 5766 aliquoties

575 5810 841 5869 Prmon.
883 5797 1072 5869 ΙᾸΧΙΙ.

1839 3217 2292 3291 [demonstravitt]
2309 3220 2331 3271 γ
2351 3234 2455 3273 non
2476 3220 2578 3273 erit
2594 3219 2701 3274 illic
2719 3219 2824 3273 ulla
2855 3220 3148 3288 corruptio,
3173 3224 3313 3289 quod
3337 3229 3420 3276 est

1838 3310 2079 3379 corporis
2109 3312 2326 3364 malum.
2374 3311 2446 3366 De
2471 3312 2658 3366 ordine
2698 3311 3082 3367 elementorum
3109 3313 3217 3381 jam
3243 3313 3420 3382 dispu-

1841 3403 2093 3468 tavimus,
2121 3403 2187 3456 de
2218 3405 2334 3458 aliis
2359 3404 2630 3458 hominum
2657 3403 2982 3473 eonjecturis
3005 3408 3134 3459 satis
3157 3407 3382 3461 diximus
3402 3451 3416 3476 ,

1839 3503 2038 3562 quanta
2085 3495 2153 3547 sit
2185 3493 2359 3547 futura
2401 3492 2456 3554 in
2495 3508 2721 3563 corpore
2771 3494 3162 3564 incorruptibiii
3194 3495 3276 3551 fac
3299 3498 3420 3551 liras

1845 3597 2041 3650 motus,
2063 3586 2132 3641 de
2152 3586 2430 3654 prtesentis
2450 3588 2604 3640 bonae
2633 3586 2952 3642 valetudinis
2974 3595 3420 3657 temperamento,

1846 3678 2177 3747 qute'utique
2205 3678 2350 3732 nullo
2380 3676 2541 3732 modo
2581 3678 2658 3732 illi
2704 3679 3063 3747 cornparanda
3093 3690 3175 3732 est
3204 3679 3426 3734 immor-

1849 3766 2062 3833 talitati,
2086 3767 2137 3821 in
2161 3767 2296 3822 libro
2323 3770 2481 3822 tertio
2507 3767 2716 3824 decimo
2740 3769 2896 3836 satis,
2924 3780 2981 3822 ut
3007 3769 3223 3839 opinor,
3246 3781 3427 3826 osten-

1847 3857 2048 3916 dimus.
2081 3860 2282 3932 Legam
2309 3862 2583 3930 superiora
2623 3861 2804 3931 operis
2848 3861 3025 3932 hujus,
3075 3864 3166 3933 qui
3200 3864 3286 3920 vel
3319 3880 3424 3924 non

1851 3952 2119 4022 legerunt,
2144 3953 2230 4009 vel
2252 3954 2435 4008 volunt
2465 3956 2706 4009 recolere
2732 3954 2872 4024 quod
2906 3954 3170 4024 legerunt.

2403 4064 2629 4120 CAPUT
2667 4064 2867 4119 CLXII.

1855 4157 2118 4222 Quomodo
2144 4156 2424 4227 Porphyrii
2453 4158 2681 4223 deﬁnitio
2710 4157 2870 4227 ipsius
2907 4158 3142 4215 Platonis
3172 4165 3421 4217 sententis

2174 4231 2504 4294 destruatur;
2530 4245 2592 4281 ea:
2612 4230 2790 4282 eodem
2804 4230 2939 4283 'tibro
2971 4246 3106 4286 uti.

1925 4320 2030 4376 Sed
2061 4321 2388 4392 Porphyrius
2426 4323 2522 4386 ait,
2553 4321 2818 4392 inquiunt,
2850 4331 2910 4376 ut
2934 4322 3086 4378 beata
3130 4325 3200 4378 sit
3225 4325 3423 4396 anima,

1855 4425 2047 4480 corpus
2084 4426 2205 4467 esse
2258 4427 2417 4467 omne
2463 4412 2790 4482 fugiendum.
2839 4414 2978 4469 Nihil
3031 4430 3159 4484 ergo
3211 4420 3431 4484 prodest

1786 4493 2030 4573 [)(quia
2083 4504 2487 4573 incorruptibile
2533 4505 2766 4562 diximus
2813 4507 3047 4562 futurum
3103 4509 3338 4582 corpus)
3389 4514 3432 4565 si

1861 4595 2034 4648 anima
2067 4596 2216 4649 beata
2248 4610 2352 4649 non
2383 4595 2504 4660 erit,
2530 4597 2632 4650 nisi
2648 4611 2806 4652 omne
2826 4612 3020 4666 corpus
3044 4598 3302 4666 effugerit.
3329 4601 3433 4654 Sed

1857 4687 1967 4755 jam
1998 4696 2051 4741 et
2083 4688 2205 4742 hinc
2232 4688 2282 4742 in
2313 4688 2450 4743 libro
2474 4697 2772 4744 memorato
2793 4704 3045 4757 quantum
3076 4695 3310 4761 oportuit
3332 4694 3436 4746 dis-

1866 4778 2062 4845 putavi.
2088 4777 2282 4831 Verum
2307 4778 2393 4833 hic
2417 4779 2720 4833 unnmiude
2743 4789 2943 4835 tantum
2966 4786 3398 4839 cominemorabo
3422 4805 3432 4838 :

1866 4867 2116 4922 emendet
2137 4869 2303 4924 libros
2332 4885 2459 4925 suos
2489 4870 2709 4925 istorum
2725 4873 2961 4927 omnium
2987 4877 3236 4945 magister
3266 4875 3432 4943 Plato,

1867 4968 1921 5013 et
1971 4959 2113 5013 dicat
2166 4974 2350 5014 eorum
2405 4962 2568 5026 deos,
2617 4971 2674 5016 ut
2716 4965 2852 5017 beati
2886 4966 3020 5030 sint,
3079 4981 3171 5020 sua
3213 4982 3435 5034 corpora

1866 5049 2149 5117 fugituros,
2182 5050 2233 5105 id
2264 5062 2366 5115 est,
2397 5067 2516 5107 esse
2546 5055 2859 5120 morituros,
2897 5072 3028 5124 quos
3051 5057 3102 5111 in
3133 5058 3438 5113 caelestibus

1867 5139 2186 5208 corporibus
2219 5142 2354 5196 dixit
2380 5142 2636 5208 inclusos,
2672 5145 2864 5214 quibus
2909 5155 3086 5203 tamen
3117 5146 3303 5201 deus'a
3334 5166 3439 5220 quo

1867 5227 1994 5284 facti
2020 5241 2166 5298 sunt,
2200 5247 2304 5302 quo
2342 5244 2560 5303 p05sent
2595 5248 2717 5289 esse
2743 5236 2916 5290 securi
2957 5236 3437 5301 immortalitatem,

1868 5321 1920 5376 id
1942 5331 2044 5390 est,
2069 5323 2122 5377 in
2151 5324 2352 5379 eisdem
2381 5327 2697 5395 corporibus
2713 5336 2964 5383 attentam
2980 5310 3432 5397 permansionem.

1870 5431 1976 5472 non
2006 5433 2190 5472 eorum
2217 5429 2403 5474 natura
2436 5420 2486 5474 id
2519 5422 2672 5491 105
2701 5419 2947 5484 habente,
2981 5420 3074 5475 sed
3098 5437 3196 5475 suo
3213 5425 3440 5477 consilio

1871 5508 2217 5577 praevalente,
2257 5511 2522 5577 promisit,
2567 5511 2652 5564 ubi
2683 5509 2844 5562 etiam
2885 5509 3016 5563 illud
3065 5511 3256 5565 evertit
3302 5516 3439 5580 quod

1872 5601 2073 5664 dicunt,
2098 5601 2350 5668 quoniam
2362 5612 2444 5658 est
2465 5599 2829 5666 impossibilis,
2853 5598 2974 5652 ideo
2994 5604 3442 5657 resurrectionem

1875 5694 2053 5748 carnis
2101 5708 2203 5747 non
2262 5707 2381 5748 esse
2419 5690 2761 5748 credendam.
2824 5692 3179 5759 Apertissime
3226 5694 3443 5762 quippe,

2959 5803 3038 5862 9.6
