3904 6224
485 264 584 317 811
1573 261 1634 318 D.
1677 259 1997 318 EUGYPPII
2040 258 2328 317 ABBATIS
2368 259 2684 316 AFRICANI
3642 257 3730 310 Si!

482 383 629 448 juxta
659 380 910 436 eumdem
938 379 1329 449 philosophum.
1364 378 1452 432 ubi
1483 378 1583 432 diis
1608 394 1635 432 a
1665 392 1722 431 se
1746 376 1896 431 factis
1929 390 2049 445 pro-
2081 374 2132 434 Δ
2158 372 2428 429 Redibunt
2473 375 2537 428 ad
2585 387 2843 442 corpora;
2877 372 3018 426 dicat
3049 370 3198 427 Plato
3229 387 3348 426 cum
3377 370 3673 441 Porphyrio
3716 391 3726 420 :

491 471 593 526 mis
667 477 800 534 deus
827 494 930 532 non
961 477 1125 529 [nctus
1157 474 1631 540 immortalitatem,
1679 473 1816 541 quod
1867 475 2065 540 impos-
2169 467 2284 521 Non
2315 467 2566 521 redibunt
2590 466 2654 519 ad
2688 466 2856 532 mala,
2887 477 2941 520 et
2971 466 3034 519 ad
3064 481 3127 521 ea
3157 481 3378 535 Corpora
3411 466 3586 518 redire
3613 479 3726 517 eon-

484 563 642 621 slbile
663 578 763 631 est,
788 582 845 620 se
859 566 990 618 dixit
1019 579 1138 618 esse
1167 564 1448 620 facturum.
1477 563 1567 619 Sic
1587 563 1728 618 enim
1761 577 1881 617 eum
1915 563 2062 615 locu-
2164 558 2419 623 sentient,
2450 558 2503 611 in
2532 558 2722 626 quibus
2751 559 2891 612 nulla
2925 560 3192 628 patiantur
3221 563 3377 612 mala.
3408 560 3533 611 llaec
3564 558 3728 625 itaque

491 668 597 712 tum
633 667 816 712 narrat
846 659 1036 711 Plato:
1079 658 1349 723 Quoniam
1389 657 1519 711 estis
1568 655 1693 719 orti,
1735 654 1926 722 inquit,
1968 654 2064 706 im-

486 747 736 802 mortales
763 761 889 801 esse
919 758 970 800 et
1003 744 1407 802 indissolubiles
1445 757 1547 798 non
1578 742 1819 812 potestis,
1855 756 1958 794 non
1983 752 2061 795 ta-

484 855 605 893 men
641 836 1034 903 dissolvemini,
1073 851 1245 906 neque
1275 852 1372 891 vos
1399 836 1505 890 ulla
1538 823 1725 888 mortis
1773 833 1876 888 fata
1921 834 2065 903 peri-

483 934 651 990 ment,
681 942 781 980 nec
804 935 966 981 erunt
1007 925 1304 979 valentiora
1333 941 1490 994 quam
1537 925 1818 978 consilium
1862 937 2062 985 meum,

482 1016 619 1085 quod
644 1017 814 1084 majus
839 1026 916 1070 est
952 1016 1220 1071 vinculum
1252 1015 1314 1068 ad
1351 1015 1765 1084 perpetuitatem
1798 1023 2062 1079 vestram,

2166 663 2271 702 non
2317 658 2506 715 erunt,
2540 648 2640 702 nisi
2668 648 2752 701 illa
2782 664 2898 718 quae
2927 652 3182 717 promittit
3212 651 3382 711 Deus,
3414 649 3593 703 beatas
3621 651 3724 701 ani-

2164 751 2277 790 mas
2303 736 2358 790 in
2380 748 2635 792 aeternum
2659 752 2777 790 cum
2803 753 2896 791 sua
2923 747 3122 793 aeterna
3144 755 3304 794 czirne
3330 740 3531 791 futuras
3553 736 3726 810 [iactu-

2165 825 2293 897 ras].
2327 826 2436 882 lloc
2469 829 2612 882 enim
2634 871 2646 893 ,
2676 841 2931 897 quantum
2960 829 3370 896 existimo,jam
3403 827 3558 882 facile
3589 828 3724 879 nobis

2165 917 2520 971 eonc--derent
2563 922 2742 987 ambo,
2773 927 2830 972 ut
2855 920 2943 989 qui
2977 921 3271 971 faterentur
3312 917 3376 969 ad
3421 916 3722 968 immortalia

2165 1021 2386 1074 corpora
2418 1009 2678 1065 redituras
2702 1010 2906 1064 animas
2931 1023 3052 1064 esse
3075 1018 3404 1070 sanctorum,
3421 1006 3484 1059 ad
3505 1020 3598 1059 sua
3624 1007 3721 1058 illis
3747 1055 3754 1059 .

2165 1099 2340 1154 redire
2372 1103 2738 1168 permitterent
2767 1103 2817 1156 in
2843 1103 3031 1171 quibus
3063 1102 3198 1154 mala
3227 1100 3384 1167 hujus
3411 1098 3589 1152 siculi
3617 1112 3721 1165 per-

2168 1194 2424 1259 tulerunt,
2455 1195 2505 1247 in
2536 1194 2726 1264 quibus
2765 1195 2953 1262 Deum,
2981 1203 3038 1248 ut
3071 1193 3151 1247 his
3181 1193 3334 1247 malis
3364 1203 3620 1252 carerent,
3649 1189 3720 1258 pie

2167 1285 2499 1355 ﬁdeliterque
2523 1287 2815 1341 coluerunt.

2707 1401 2933 1458 CAPUT
2971 1401 3198 1458 CLXIV.

2169 1514 2306 1581 Quid
2340 1515 2409 1569 ad
2441 1532 2607 1570 veram
2630 1517 3009 1570 resurrectionis
3036 1516 3207 1582 ﬁdem,
3235 1515 3314 1568 vel
3342 1513 3511 1576 Plato,
3536 1513 3609 1565 vel
3631 1509 3716 1563 La-

2238 1586 2358 1652 beo,
2382 1589 2458 1640 vel
2478 1590 2629 1640 etiam
2661 1586 2821 1641 Varro
2852 1593 3014 1656 confer
3025 1602 3080 1638 re
3104 1588 3355 1653 potuerint
3372 1628 3386 1650 ,
3406 1587 3448 1638 si
3477 1584 3716 1656 Opinione:

2237 1673 2409 1709 eorum
2438 1659 2489 1709 in
2521 1674 2675 1710 unam
2712 1654 3012 1712 sententiam
3047 1658 3422 1719 convenissent;
3460 1671 3520 1708 ex
3555 1654 3716 1706 eodem

2237 1727 2386 1793 libro,
2410 1728 2558 1781 titulo
2583 1729 2672 1784 28.

481 1122 639 1176 quam
687 1107 778 1162 illa
831 1107 1028 1176 quibus
1076 1107 1207 1160 estis
1236 1106 1493 1175 colligati.
1546 1106 1602 1160 Si
1637 1121 1742 1160 non
1773 1106 1942 1158 solum
1975 1104 2065 1155 ab-

481 1197 650 1259 surdi,
683 1197 776 1252 Sed
807 1197 951 1251 surdi
985 1212 1086 1250 non
1115 1204 1260 1259 sunt,
1292 1197 1378 1264 qui
1411 1194 1525 1249 haec
1556 1194 1804 1258 audiunt,
1830 1209 1936 1247 non
1962 1193 2067 1246 uti-

483 1303 584 1356 que
613 1288 858 1343 dubitant
887 1289 989 1342 diis
1021 1287 1171 1341 tactis
1211 1291 1279 1340 ab
1302 1287 1394 1340 illo
1416 1286 1519 1339 deo
1550 1287 1638 1354 qui
1663 1301 1755 1340 eos
1796 1285 1943 1349 fecit,
1975 1299 2063 1340 se—

483 1378 713 1432 cundum
747 1379 1043 1444 Platonem,
1071 1377 1210 1444 quod
1243 1386 1327 1432 est
1371 1375 1702 1445 impossibile
1747 1375 1912 1430 fuisse
1944 1389 2064 1443 pro-

486 1469 839 1535 missum.Qui
873 1469 1012 1522 enim
1039 1467 1188 1532 dicit,
1217 1468 1320 1521 Vos
1349 1466 1562 1536 quidem
1586 1465 1918 1519 immortales
1946 1479 2065 1520 esse

485 1575 518 1630 p
541 1560 728 1624 itestis,
760 1559 853 1613 sed
888 1575 1004 1613 mea
1036 1559 1309 1614 voluntate
1357 1557 1688 1612 immortales
1713 1556 1889 1622 eritis,
1935 1555 2062 1625 quid

483 1651 624 1706 aliud
653 1650 800 1712 dicit,
831 1666 1012 1720 quam,
1049 1649 1105 1705 Id
1161 1650 1302 1720 quod
1335 1649 1446 1705 fieri
1481 1664 1584 1704 non
1630 1658 1827 1718 potest,
1861 1662 1946 1702 me
1986 1649 2064 1700 ta-

483 1743 680 1806 ciente,
717 1751 893 1798 tamen
920 1743 1109 1797 eritis?
1140 1743 1231 1797 Ille
1251 1743 1411 1812 igitur
1442 1755 1659 1796 carnem
1686 1740 2064 1809 incorruptibi-
2093 1731 2139 1790 B

485 1831 615 1897 lem,
646 1832 1025 1896 immortalem,
1053 1831 1349 1902 spiritalem
1383 1832 1743 1894 resuscitabit,
1786 1830 1876 1900 qui
1917 1830 2066 1899 juxta

486 1908 759 1976 Platonem
792 1921 841 1975 id
872 1906 1016 1991 quod
1060 1921 1396 1990 impossibile
1426 1931 1507 1974 est
1551 1935 1610 1975 se
1653 1920 1914 1975 facturum
1948 1936 2069 1977 esse

486 2013 749 2082 promisit.
772 2013 906 2080 Quid
937 2012 1112 2066 adhuc
1140 2011 1281 2082 quod
1311 2011 1558 2080 promisit
1586 2012 1747 2076 Deus,
1782 2013 1923 2082 quod
1956 2014 2067 2068 Deo

491 2105 825 2173 promittenti
850 2106 1078 2160 credidit
1107 2103 1356 2170 mundus,
1382 2105 1470 2173 qui
1499 2105 1659 2159 etiam
1695 2106 1806 2173 ipse
1835 2105 2063 2174 promis-

485 2211 576 2249 sus
599 2205 680 2251 est
705 2197 1027 2258 crediturus,
1053 2210 1173 2250 esse
1195 2195 1522 2265 impossibile
1547 2196 1795 2258 clamant,
1820 2194 2065 2265 quando-

486 2286 701 2354 quidem
733 2299 831 2340 nos
884 2286 1074 2351 Deum,
1124 2286 1212 2356 qui
1268 2287 1427 2340 etiam
1466 2286 1756 2341 secundum
1790 2287 2064 2342 Platonem

487 2377 612 2432 facit
640 2376 1009 2446 impossibilia,
1043 2377 1096 2431 id
1117 2377 1382 2432 iacturum
1423 2391 1543 2433 esse
1572 2378 1905 2432 clamamus?
1951 2379 2067 2432 Non

486 2481 611 2536 ergo
629 2468 863 2522 utbeatae
886 2466 993 2520 sint
1012 2465 1225 2531 animae,
1249 2481 1445 2534 corpus
1461 2475 1545 2520 est
1561 2480 1719 2521 omne
1742 2466 2066 2536 iugiendum,

489 2559 583 2614 sed
606 2573 800 2628 corpus
817 2557 1224 2628 incorruptibile
1247 2557 1646 2627 recipiendum;
1678 2566 1731 2611 et
1755 2558 1804 2611 in
1821 2572 1927 2627 quo
1943 2572 2070 2610 con-

490 2653 791 2706 vcnientius
814 2649 1206 2719 incorruptiblli
1223 2664 1446 2717 corpore
1467 2649 1804 2715 laetabuntur,
1825 2663 1984 2718 quam
2016 2648 2069 2702 in

494 2760 602 2814 quo
617 2745 948 2813 corruptibili
962 2752 1296 2814 gemuerunt.
1313 2743 1401 2798 Sic
1417 2743 1558 2797 enim
1581 2758 1685 2797 non
1706 2742 1757 2796 in
1771 2744 1852 2798 eis
1864 2744 1965 2798 erit
1982 2743 2069 2797 illa

492 2836 606 2890 dira
623 2836 907 2905 cupiditas,
926 2851 1083 2904 quam
1101 2834 1274 2903 posuit
1288 2849 1352 2888 ex
1370 2834 1843 2906 PlatoneVirgilius
1860 2835 1948 2889 ubi
1962 2835 2066 2890 ait:

2235 1837 2488 1894 Nonnulli
2523 1840 2688 1894 nostri
2729 1851 2944 1910 propter
2977 1839 3242 1909 quoddam
3276 1837 3714 1906 praeclarissimum

2170 1931 2421 2002 loquendi
2465 1947 2662 2002 genus,
2692 1943 2744 1987 et
2791 1942 3005 2002 propter
3047 1932 3295 1986 nonnulla
3334 1947 3449 2000 qua:
3480 1931 3715 1984 veraciter

2166 2025 2355 2090 sensit,
2388 2037 2629 2078 amantes
2657 2024 2950 2088 Platonem,
2976 2025 3160 2078 dicunt
3187 2039 3308 2076 eum
3337 2020 3529 2089 aliquid
3559 2020 3713 2073 simile

2170 2116 2328 2170 nobis
2375 2118 2534 2170 etiam
2578 2117 2645 2173 de
2691 2127 3018 2172 mortuorum
3067 2117 3454 2172 resurreCtione
3480 2112 3711 2172 sensisse,

2165 2205 2304 2273 quod
2336 2207 2550 2276 quidem
2578 2208 2656 2262 sic
2683 2209 2846 2279 tangit
2871 2207 2921 2262 in
2948 2209 3082 2261 libro
3105 2209 3170 2262 de
3200 2205 3485 2276 Republica
3506 2203 3711 2265 Tullius,

2173 2310 2231 2353 ut
2260 2315 2383 2354 eum
2431 2300 2622 2355 lusisse
2653 2302 2824 2370 potius
2853 2315 3009 2371 quam
3041 2300 3092 2355 id
3122 2313 3309 2354 verum
3341 2313 3454 2354 esse
3479 2295 3710 2355 afﬁrmet.

2169 2396 2349 2452 dicere
2377 2396 2608 2451 voiuisse
2639 2395 2816 2468 [quam
2848 2397 2986 2466 quod
3017 2395 3068 2450 id
3100 2410 3283 2448 verum
3311 2401 3444 2448 esset
3467 2390 3712 2444 afﬁrman-

2169 2485 2237 2539 do
2260 2485 2438 2541 dicere
2469 2484 2743 2557 noluisse].
2771 2487 2971 2541 luducit
3013 2485 3156 2540 enim
3188 2485 3450 2539 hominem
3477 2481 3710 2536 revixisse

2169 2585 2225 2632 et
2263 2593 2509 2632 narrasse
2537 2577 2780 2647 quaedam
2819 2595 2936 2648 qua:
2974 2562 3264 2633 Platonicis
3295 2574 3709 2645 disputationibus

2171 2667 2560 2739 congruebant.
2591 2668 2768 2723 Labeo
2808 2673 2966 2723 etiam
3007 2670 3140 2722 duos
3181 2669 3309 2723 dicit
3339 2684 3438 2722 uno
3464 2667 3543 2722 die
3569 2666 3709 2720 fuisse

2171 2758 2471 2827 defunctos,
2497 2770 2550 2815 et
2575 2763 2878 2817 occurrisse
2905 2762 3128 2817 invicem
3154 2764 3204 2816 in
3228 2762 3451 2832 quodam
3480 2759 3706 2826 compita,

2171 2851 2365 2907 deinde
2395 2852 2459 2906 ad
2487 2868 2708 2921 corpora
2737 2869 2830 2908 sua
2859 2855 3034 2924 jussos
3065 2851 3229 2907 fuisse
3260 2868 3505 2908 remeare.
3527 2861 3578 2906 et
3601 2864 3708 2904 con-

2142 2942 2408 2999 «stituisse
2439 2945 2576 2998 inter
2599 2960 2656 2998 se
2684 2945 2884 2999 amicos
2913 2959 3032 3000 esse
3061 2944 3314 3007 victuros,
3341 2953 3489 3012 atque
3515 2943 3578 2994 ita
3602 2954 3704 2994 es~e

492 3050 597 3114 sic,
623 3049 836 3116 inquam
855 3090 868 3113 ,
898 3046 1237 3117 cupiditatem
1268 3047 1575 3102 revertendi
1604 3048 1668 3102 ad
1698 3063 1924 3117 corpora
1958 3063 2065 3102 ηοη
2100 3107 2138 3121 Α
2174 3032 2371 3088 factum
2391 3074 2406 3099 ,
2434 3034 2608 3090 donec
2635 3043 2818 3102 postea
2849 3047 3182 3090 morerentur
3214 3055 3225 3088 :
3259 3035 3353 3090 sed
3383 3035 3704 3121 istiOanctorrs

495 3139 782 3206 habebunt,
808 3154 927 3194 cum
957 3153 1176 3207 corpora
1205 3138 1256 3192 in
1279 3152 1396 3208 quae
1417 3138 1612 3193 reverti
1638 3139 1856 3208 cupiunt
1881 3154 2066 3193 secum
2094 3107 2139 3169 (ἶ
2171 3127 2330 3179 talem
2375 3126 2817 3182 resurreCIionem
2864 3127 3099 3196 corporis
3132 3127 3322 3180 factam
3364 3110 3515 3180 fuisse
3541 3137 3703 3177 narra-

495 3230 796 3296 habebunt,
820 3240 872 3285 et
895 3231 969 3284 sic.
994 3229 1282 3294 habebunt,
1307 3240 1364 3284 ut
1389 3246 1655 3300 nunquam
1685 3248 1788 3286 non
1817 3231 2066 3300 habeant,

2178 3225 2325 3284 runt,
2353 3217 2535 3285 quales
2584 3217 2796 3272 fuerunt
2825 3233 3006 3271 eorum
3038 3235 3170 3288 quos
3201 3219 3543 3273 resurrexisse
3572 3217 3700 3271 nori-

496 3337 763 3391 nunquam
793 3336 854 3376 ea
894 3336 1131 3386 prorsus,
1158 3323 1239 3376 vel
1265 3321 1514 3391 exiguum
1543 3323 1835 3392 quamlibet
1864 3334 2069 3394 tempus

2178 3324 2312 3372 mus,
2337 3319 2391 3364 et
2421 3308 2545 3364 huic
2564 3303 2775 3379 quidem
2806 3310 3039 3364 redditos
3066 3312 3208 3374 vitae,
3229 3312 3325 3365 sed
3356 3328 3455 3365 non
3483 3325 3540 3366 eo
3570 3308 3703 3364 modo

501 3413 606 3467 ulla
634 3420 804 3466 morte
834 3409 1118 3481 deponant.
2176 3411 2231 3457 ut
2262 3418 2364 3457 non
2391 3413 2728 3458 morerentur
2753 3402 2987 3458 ulterius.
3014 3403 3304 3458 Mirabilius
3329 3415 3492 3458 autem
3517 3401 3702 3470 quidam

1045 3526 1266 3581 CAPUT
1305 3523 1532 3581 CLXI".
2177 3492 2387 3548 Marcus
2433 3493 2601 3547 Varro
2649 3496 2799 3563 ponit
2846 3495 2898 3549 in
2943 3494 3092 3550 libris
3137 3511 3271 3564 quos
3317 3496 3613 3563 conscripsit
3654 3493 3709 3546 de

613 2945 798 2996 Rursus
818 2951 869 2995 et
893 2946 1121 3006 incipiant
1145 2946 1191 2994 in
1212 2957 1414 3007 corpora
1437 2946 1565 2996 velle
1586 2948 1804 3009 reverti;

505 3617 579 3672 De
608 3619 897 3691 contrariis
915 3617 1307 3691 deﬁnitionibus
1324 3616 1559 3691 Platonis
1598 3629 1748 3691 atque
1781 3616 2075 3689 Porphyrii,
2179 3581 2348 3691 cense
2372 3585 2810 3691 νὲνυηῖξξῖωῆηῖ»
2835 3586 2984 3691 ξδ’-’δίη
3003 3588 3177 3689 Ρωῗῆ
3201 3588 3359 3641 verba
3382 3590 3488 3691 ipsa
3508 3601 3614 3691 cf“
3634 3601 3710 3691 pn':

2180 3675 2375 3730 nenda.
2405 3676 2734 3732 Genetliliaci
2766 3680 2981 3748 quidam
3013 3678 3374 3745 scripserunt,
3402 3678 3584 3748 inquit,
3610 3689 3712 3730 esse

2181 3765 2233 3818 in
2266 3767 2604 3821 renascendis
2631 3767 2936 3823 hv-minibus
2974 3783 3128 3838 quam
3166 3769 3434 3837 appellant
3458 3771 3712 3840 παὶλγίινιο

2181 3870 2297 3914 σῖαν
2325 3858 2517 3924 Graeci,
2538 3861 2894 3927 ascripserunt
2917 3859 3075 3933 [hanc
3102 3859 3448 3932 scripserunt]
3475 3859 3644 3916 conﬁci
3670 3859 3710 3911 in

2182 3949 2336 4003 annis
2379 3964 2603 4004 numero
2639 3951 3038 4022 quadringentis
3083 3952 3458 4021 quadraginta,
3501 3962 3551 4006 ut
3591 3952 3709 4006 idem

2184 4053 2384 4108 corpus
2410 4049 2464 4094 et
2487 4041 2672 4095 eadem
2705 4045 2875 4096 anima
2908 4059 3023 4112 quae
3051 4041 3241 4096 fuerint
3268 4046 3539 4112 conjuncta
3562 4045 3608 4098 in
3633 4043 3711 4095 ho-

2184 4133 2328 4187 mine
2354 4132 2658 4201 aliquando,
2679 4135 2863 4189 eadem
2893 4150 3076 4189 rursus
3103 4134 3326 4188 redeant
3348 4137 3398 4189 in
3424 4136 3712 4203 conjunctio—

2186 4238 2329 4278 nem.
2360 4223 2461 4278 Iste
2492 4224 2659 4278 Varro
2698 4227 2932 4295 quidem,
2965 4226 3076 4280 sive
3106 4225 3178 4278 illi
3209 4225 3532 4282 Genetliliaci
3561 4227 3714 4281 nescio

2186 4315 2275 4383 qui
2300 4316 2428 4385 (non
2459 4316 2601 4370 enim
2634 4318 2844 4370 nomina
2876 4333 3057 4370 eorum
3091 4317 3323 4386 prodidit
3352 4335 3566 4387 quorum
3593 4331 3713 4371 com-

2190 4408 2500 4460 memoravit
2538 4406 2877 4476 sententiam)
2918 4408 3116 4477 aliquid
3151 4407 3400 4461 dixerunt
3434 4407 3591 4475 quod,
3619 4405 3716 4457 licet

571 3691 623 3740 in
650 3688 831 3756 quibus
859 3690 900 3740 si
932 3698 1138 3755 uterque
1160 3687 1308 3739 alteri
1327 3687 1544 3754 cederet,
1568 3687 1772 3742 veritate
1798 3687 1970 3743 neuter
1991 3692 2079 3744 de—

570 3761 761 3823 viaret;
791 3774 854 3812 ea:
878 3759 984 3810 eod.
1005 3775 1054 3809 m
1080 3758 1210 3811 libro
1235 3772 1365 3811 ult.

574 3872 788 3942 Singula
821 3872 1062 3942 qumdam
1095 3872 1343 3927 dixerunt
1381 3871 1532 3927 Plato
1569 3882 1726 3942 atque
1755 3873 2082 3944 Porphyrius

507 3979 625 4034 quae
658 3965 700 4017 si
737 3964 873 4018 inter
898 3977 954 4017 se
981 3964 1375 4018 communicare
1405 3965 1722 4034 patuissent,
1753 3962 1876 4020 facti
1903 3975 2084 4020 essent

509 4052 736 4108 fortasse
761 4051 1072 4106 Christiani.
1106 4051 1255 4106 Plato
1289 4051 1424 4108 dixit
1461 4053 1577 4109 sine
1613 4055 1927 4123 corporibus
1966 4055 2076 4108 ani-

509 4160 621 4199 mas
646 4145 697 4200 iu
724 4156 978 4200 aeternum
1002 4159 1119 4200 esse
1145 4160 1250 4200 non
1270 4160 1454 4216 posse;
1474 4147 1593 4200 ideo
1612 4148 1753 4202 enim
1771 4147 1904 4201 dixit
1922 4151 2080 4201 etiam

507 4237 825 4305 sapientium
856 4239 1091 4304 animas,
1123 4247 1241 4305 post
1268 4238 1558 4307 quamlibet
1592 4238 1803 4308 longum
1846 4246 2081 4307 tempus,

513 4340 689 4382 tamen
719 4329 785 4382 ad
819 4344 1040 4396 corpora
1071 4329 1356 4384 redituras.
1391 4328 1718 4399 Porphyrius
1747 4339 1923 4384 autem
1953 4329 2087 4384 dixit

508 4422 736 4475 animam
767 4420 1211 4489 purgatissimam,
1253 4435 1370 4474 cum
1414 4421 1629 4475 redierlt
1658 4422 1721 4475 ad
1753 4422 1992 4487 Patrem,
2019 4421 2083 4474 ad

513 4515 629 4566 hac
658 4512 793 4564 mala
829 4510 1007 4564 mundi
1055 4525 1321 4578 nunquam
1367 4525 1485 4566 esse
1527 4512 1810 4565 redituram
1845 4529 1858 4567 :
1889 4526 1953 4566 ac
1991 4525 2084 4579 per
2117 4471 2165 4529 Β
2191 4496 2379 4550 “sum
2407 4500 2472 4552 5“
2510 4499 2650 4566 (cum
2678 4499 2817 4552 enim
2848 4499 3010 4552 semei
3039 4499 3103 4550 θίί
3134 4498 3321 4552 eadem
3371 4512 3582 4566 0“'"P0"
3621 4508 3715 4562 ιιυπ

513 4602 614 4655 hoc
655 4599 795 4669 quod
826 4615 1006 4653 verum
1038 4600 1171 4653 vidit
1201 4601 1370 4664 l'lato,
1400 4602 1443 4655 si
1490 4601 1724 4656 dedisset
1769 4600 2069 4670 Porphyrio

2191 4600 2472 4661 gesserunt
2501 4590 2694 4642 animm
2729 4587 3002 4654 redieiint,
3035 4603 3302 4656 nunquam
3331 4604 3395 4644 ea
3425 4597 3537 4642 sunt
3565 4596 3715 4656 postea

513 4691 670 4742 etiam
701 4689 966 4756 iustorum
1009 4699 1171 4757 atque
1202 4689 1498 4756 sapientum
1533 4690 1930 4759 purgatissimas
1967 4691 2085 4744 ani-
2191 4680 2689 4747 relicturm);tamen
2714 4678 3492 4746 multailliusimpossibiliiatis
3513 4692 3604 4747 qua
3623 4689 3716 4729 con-

517 4793 629 4834 mas
652 4779 714 4832 ad
742 4779 967 4831 humana
986 4792 1206 4847 corpora
1231 4780 1522 4846 redituras;
1546 4796 1730 4836 rursus
1749 4781 1887 4850 quod
1905 4797 2088 4836 verum
2191 4783 2268 4828 tra
2299 4786 2393 4825 nos
2425 4771 2511 4825 isti
2538 4771 2776 4839 garriunt
2804 4780 3110 4840 argumenta
3135 4773 3391 4825 convellit
3430 4781 3482 4825 et
3507 4767 3715 4824 destruit.

515 4869 647 4923 vidit
681 4868 1031 4938 Porphyrius,
1066 4869 1110 4923 si
1142 4867 1375 4923 dedisset
1399 4869 1626 4937 Platoni,
1665 4886 1929 4940 nunquam
1952 4869 2090 4926 redi-
2193 4864 2291 4931 Qui
2321 4865 2462 4920 enim
2498 4867 2596 4917 hoc
2623 4860 2780 4934 [tuaac]
2809 4863 3060 4927 sentiunt,
3080 4863 3194 4917 sive
3223 4872 3526 4927 senserunt,
3545 4876 3635 4915 non
3660 4860 3718 4912 eis

519 4974 665 5017 turas
699 4962 763 5016 ad
797 4963 1043 5017 miserias
1077 4963 1439 5030 corruptibilis
1470 4963 1707 5032 corporis
1735 4965 1939 5019 animas
1967 4980 2089 5018 san-
2192 4960 2360 5013 Visum
2391 4966 2472 5012 est
2509 4956 2620 5011 ﬁeri
2660 4971 2765 5011 non
2795 4972 2952 5025 posse
2981 4967 3036 5010 ut
3064 4957 3264 5025 dilapsa
3294 4957 3549 5010 cadavera
3579 4955 3624 5008 in
3647 4967 3718 5004 au-

518 5063 852 5118 ctas,utnon
881 5051 1074 5122 singuli
1109 5055 1223 5108 hmo
1245 5053 1468 5122 singula.
1487 5055 1580 5109 sed
1612 5054 1766 5109 ambo
1792 5065 1840 5109 et
1863 5054 1960 5128 [ut]
1984 5057 2093 5110 sin-
2193 5065 2300 5114 ras,
2325 5049 2378 5103 in
2407 5049 2696 5118 pulverem,
2718 5049 2769 5100 in
2798 5050 3056 5111 cinerem,
3080 5048 3132 5101 in
3160 5047 3438 5113 humores,
3463 5049 3511 5101 in
3535 5057 3716 5114 corpora

517 5144 620 5213 guli
649 5155 930 5211 utrumque
959 5145 1218 5209 dice:ent,
1250 5155 1373 5212 puto
1401 5146 1539 5214 quod
1572 5146 1809 5200 viderent
1838 5162 1956 5202 esse
1981 5147 2090 5216 jam
2196 5141 2522 5196 vescentium
2549 5141 2853 5204 bestiarum,
2873 5140 2955 5194 vel
2979 5139 3211 5207 ipsorum
3235 5155 3447 5208 quoque
3469 5139 3715 5192 hominum.

520 5248 854 5300 consequens
880 5244 938 5287 ut
963 5235 1201 5289 redirent
1227 5236 1417 5290 anima:
1448 5235 1512 5288 ad
1536 5249 1780 5302 corpora,
1802 5244 1856 5291 et
1885 5237 1984 5291 alia
2013 5255 2097 5294 re-
2198 5233 2261 5286 ad
2295 5232 2343 5286 id
2373 5247 2558 5286 rursns
2588 5230 2807 5284 redeant
2836 5231 2972 5299 quod
3002 5231 3233 5284 fuerunt.
3257 5230 3582 5296 Quapropter
3602 5228 3717 5281 Plato

521 5325 759 5391 ciperent
786 5339 1030 5392 corpora,
1062 5325 1114 5379 in
1142 5327 1332 5395 quibus
1360 5326 1512 5380 beate
1539 5335 1694 5395 atque
1725 5327 2064 5384 immortalite

2200 5333 2254 5377 et
2285 5321 2639 5392 Porphyrius,
2669 5322 2750 5375 vel
2780 5321 2954 5390 potius
2980 5321 3277 5390 quicunque
3310 5320 3429 5372 illos
3458 5319 3655 5388 diligunt
3677 5322 3719 5367 et

523 5413 780 5480 viverent,
804 5415 1053 5481 quoniam
1083 5415 1372 5470 secundum
1405 5406 1679 5470 Plutonem
1707 5419 1865 5472 etiam
1896 5430 2069 5473 sancta

2199 5415 2373 5469 adhuc
2413 5414 2620 5478 vivunt,
2659 5412 2703 5467 si
2753 5412 2906 5467 nobis
2950 5411 3307 5474 consentiunt,
3349 5411 3504 5464 etiam
3549 5418 3722 5462 sanctas

527 5503 716 5557 animm
775 5503 840 5557 ad
898 5503 1125 5560 humana
1183 5521 1409 5574 corpora
1467 5505 1749 5572 redibunt;
1808 5508 2094 5563 secundum
2199 5504 2405 5557 animas
2434 5503 2498 5555 ad
2525 5518 2750 5572 corpora
2781 5502 3061 5565 redituras,
3089 5501 3222 5554 sicut
3251 5500 3328 5554 ait
3361 5501 3521 5560 Plato.
3549 5504 3722 5553 necta-

530 5590 883 5664 Porphyrium
931 5598 996 5650 ad
1049 5599 1183 5651 mala
1236 5597 1416 5650 mundi
1468 5596 1623 5660 hujus
1667 5607 1861 5653 sancta:
1907 5601 2096 5653 anima:
2203 5610 2321 5648 men
2350 5594 2413 5645 ad
2443 5594 2578 5646 mala
2612 5592 2718 5646 ulla
2749 5590 3036 5650 redituras,
3063 5589 3196 5643 sicut
3227 5590 3303 5643 ait
3335 5585 3659 5658 Porphyrius.
3679 5590 3722 5632 ιιι

531 5696 636 5736 non
663 5685 924 5740 redibunt.
957 5687 1101 5742 Dicat
1131 5688 1306 5757 itaque
1335 5703 1454 5741 cum
1488 5686 1705 5743 l‘ialo..e
1732 5686 2053 5760 Porphyrius
2079 5707 2090 5741 :
2201 5703 2264 5742 ex
2297 5687 2378 5741 his
2407 5686 2496 5741 fiat
2526 5699 2858 5756 consequens
2893 5681 3033 5753 quod
3064 5681 3195 5737 ﬁdes
3225 5680 3483 5750 pmdicat
3507 5675 3718 5738 ChriStit-
