  <div class='ocr_page' id='page_1' title='image "/cluster/home/n/w/nwhite01/storage/ocr_20150623/61-62/uva.x000827102/994.png"; bbox 0 0 3830 6228; ppageno 0'>
   <div class='ocr_carea' id='block_1_1' title="bbox 121 212 216 268">
    <p class='ocr_par' dir='ltr' id='par_1_1' title="bbox 121 212 216 268">
     <span class='ocr_line' id='line_1_1' title="bbox 121 212 216 268; baseline 0.032 -3"><span class='ocrx_word' id='word_1_1' title='bbox 121 212 216 268; x_wconf 72' lang='grc'><strong>815</strong></span> 
     </span>
    </p>
   </div>
   <div class='ocr_carea' id='block_1_2' title="bbox 1312 226 2186 298">
    <p class='ocr_par' dir='ltr' id='par_1_2' title="bbox 1312 226 2186 298">
     <span class='ocr_line' id='line_1_2' title="bbox 1312 226 2186 298; baseline 0.016 -14"><span class='ocrx_word' id='word_1_2' title='bbox 1312 226 1742 290; x_wconf 76' lang='lat' dir='ltr'><strong>TIIESAURUS.</strong></span> <span class='ocrx_word' id='word_1_3' title='bbox 1785 231 1936 291; x_wconf 79' lang='lat' dir='ltr'><strong>CAP.</strong></span> <span class='ocrx_word' id='word_1_4' title='bbox 1980 236 2186 298; x_wconf 79' lang='lat' dir='ltr'><strong>CLXV.</strong></span> 
     </span>
    </p>
   </div>
   <div class='ocr_carea' id='block_1_3' title="bbox 3263 253 3366 306">
    <p class='ocr_par' dir='ltr' id='par_1_3' title="bbox 3263 253 3366 306">
     <span class='ocr_line' id='line_1_3' title="bbox 3263 253 3366 306; baseline 0 -1"><span class='ocrx_word' id='word_1_5' title='bbox 3263 253 3366 306; x_wconf 69' lang='grc' dir='ltr'><strong>ευ</strong></span> 
     </span>
    </p>
   </div>
   <div class='ocr_carea' id='block_1_4' title="bbox 120 336 3363 437">
    <p class='ocr_par' dir='ltr' id='par_1_4' title="bbox 120 336 3363 437">
     <span class='ocr_line' id='line_1_4' title="bbox 120 336 3363 437; baseline 0.012 -49"><span class='ocrx_word' id='word_1_6' title='bbox 120 350 197 402; x_wconf 84' lang='lat' dir='ltr'><strong>na,</strong></span> <span class='ocrx_word' id='word_1_7' title='bbox 223 336 358 406; x_wconf 90' lang='lat' dir='ltr'><strong>quod</strong></span> <span class='ocrx_word' id='word_1_8' title='bbox 405 338 526 392; x_wconf 87' lang='lat' dir='ltr'><strong>talia</strong></span> <span class='ocrx_word' id='word_1_9' title='bbox 574 352 803 407; x_wconf 86' lang='lat' dir='ltr'><strong>corpora</strong></span> <span class='ocrx_word' id='word_1_10' title='bbox 851 352 1130 412; x_wconf 83' lang='lat' dir='ltr'><strong>receptura</strong></span> <span class='ocrx_word' id='word_1_11' title='bbox 1178 347 1304 413; x_wconf 91' lang='lat' dir='ltr'><strong>sint,</strong></span> <span class='ocrx_word' id='word_1_12' title='bbox 1330 351 1522 418; x_wconf 73' lang='lat' dir='ltr'><strong>quibus</strong></span> <span class='ocrx_word' id='word_1_13' title='bbox 1569 352 1686 406; x_wconf 87' lang='lat' dir='ltr'><strong>sine</strong></span> <span class='ocrx_word' id='word_1_14' title='bbox 1717 350 1761 409; x_wconf 84' lang='grc' dir='ltr'><strong>Α</strong></span> <span class='ocrx_word' id='word_1_15' title='bbox 1793 370 1958 422; x_wconf 84' lang='lat' dir='ltr'><strong>quens</strong></span> <span class='ocrx_word' id='word_1_16' title='bbox 1996 372 2010 410; x_wconf 89' lang='lat'><strong>:</strong></span> <span class='ocrx_word' id='word_1_17' title='bbox 2054 358 2187 413; x_wconf 81' lang='lat' dir='ltr'><strong>Cum</strong></span> <span class='ocrx_word' id='word_1_18' title='bbox 2230 363 2551 431; x_wconf 90' lang='lat' dir='ltr'><strong>apparuerit,</strong></span> <span class='ocrx_word' id='word_1_19' title='bbox 2589 363 2775 434; x_wconf 87' lang='lat' dir='ltr'><strong>inqu&#39;t,</strong></span> <span class='ocrx_word' id='word_1_20' title='bbox 2808 365 3013 421; x_wconf 83' lang='lat' dir='ltr'><strong>similes</strong></span> <span class='ocrx_word' id='word_1_21' title='bbox 3056 367 3102 423; x_wconf 89' lang='lat' dir='ltr'><strong>ei</strong></span> <span class='ocrx_word' id='word_1_22' title='bbox 3143 372 3363 437; x_wconf 85' lang='lat' dir='ltr'><strong>erimus,</strong></span> 
     </span>
    </p>
   </div>
   <div class='ocr_carea' id='block_1_5' title="bbox 117 427 1689 508">
    <p class='ocr_par' dir='ltr' id='par_1_5' title="bbox 117 427 1689 508">
     <span class='ocr_line' id='line_1_5' title="bbox 117 427 1689 508; baseline 0.013 -28"><span class='ocrx_word' id='word_1_23' title='bbox 117 427 214 480; x_wconf 87' lang='lat' dir='ltr'><strong>ullo</strong></span> <span class='ocrx_word' id='word_1_24' title='bbox 243 429 397 482; x_wconf 83' lang='lat' dir='ltr'><strong>modo</strong></span> <span class='ocrx_word' id='word_1_25' title='bbox 429 428 552 500; x_wconf 86' lang='lat' dir='ltr'><strong>[alia</strong></span> <span class='ocrx_word' id='word_1_26' title='bbox 589 445 816 501; x_wconf 91' lang='lat' dir='ltr'><strong>corpora</strong></span> <span class='ocrx_word' id='word_1_27' title='bbox 863 446 1176 504; x_wconf 88' lang='lat' dir='ltr'><strong>recepturas</strong></span> <span class='ocrx_word' id='word_1_28' title='bbox 1227 440 1279 494; x_wconf 85' lang='lat' dir='ltr'><strong>in</strong></span> <span class='ocrx_word' id='word_1_29' title='bbox 1331 442 1524 508; x_wconf 81' lang='lat' dir='ltr'><strong>quibus</strong></span> <span class='ocrx_word' id='word_1_30' title='bbox 1571 446 1689 500; x_wconf 89' lang='lat' dir='ltr'><strong>sine</strong></span> 
     </span>
    </p>
   </div>
   <div class='ocr_carea' id='block_1_6' title="bbox 117 519 1690 596">
    <p class='ocr_par' dir='ltr' id='par_1_6' title="bbox 117 519 1690 596">
     <span class='ocr_line' id='line_1_6' title="bbox 117 519 1690 596; baseline 0.011 -24"><span class='ocrx_word' id='word_1_31' title='bbox 117 520 216 573; x_wconf 88' lang='lat' dir='ltr'><strong>ullo</strong></span> <span class='ocrx_word' id='word_1_32' title='bbox 262 519 424 591; x_wconf 87' lang='lat' dir='ltr'><strong>malo]</strong></span> <span class='ocrx_word' id='word_1_33' title='bbox 475 522 526 575; x_wconf 91' lang='lat' dir='ltr'><strong>iu</strong></span> <span class='ocrx_word' id='word_1_34' title='bbox 574 533 834 579; x_wconf 66' lang='lat' dir='ltr'><strong>aeternum</strong></span> <span class='ocrx_word' id='word_1_35' title='bbox 884 525 1109 584; x_wconf 72' lang='lat' dir='ltr'><strong>feliciter</strong></span> <span class='ocrx_word' id='word_1_36' title='bbox 1160 531 1368 596; x_wconf 85' lang='lat' dir='ltr'><strong>vivant;</strong></span> <span class='ocrx_word' id='word_1_37' title='bbox 1415 545 1690 590; x_wconf 74' lang='lat' dir='ltr'><strong>assumant</strong></span> 
     </span>
    </p>
   </div>
   <div class='ocr_carea' id='block_1_7' title="bbox 110 608 1683 692">
    <p class='ocr_par' dir='ltr' id='par_1_7' title="bbox 110 608 1683 692">
     <span class='ocr_line' id='line_1_7' title="bbox 110 608 1683 692; baseline 0.011 -30"><span class='ocrx_word' id='word_1_38' title='bbox 110 610 258 662; x_wconf 90' lang='lat' dir='ltr'><strong>etiam</strong></span> <span class='ocrx_word' id='word_1_39' title='bbox 290 608 391 664; x_wconf 90' lang='lat' dir='ltr'><strong>hoc</strong></span> <span class='ocrx_word' id='word_1_40' title='bbox 415 610 483 666; x_wconf 87' lang='lat' dir='ltr'><strong>de</strong></span> <span class='ocrx_word' id='word_1_41' title='bbox 508 611 772 679; x_wconf 78' lang='lat' dir='ltr'><strong>Varrone,</strong></span> <span class='ocrx_word' id='word_1_42' title='bbox 794 624 848 670; x_wconf 91' lang='lat' dir='ltr'><strong>ut</strong></span> <span class='ocrx_word' id='word_1_43' title='bbox 871 617 936 671; x_wconf 90' lang='lat' dir='ltr'><strong>ad</strong></span> <span class='ocrx_word' id='word_1_44' title='bbox 964 619 1152 674; x_wconf 89' lang='lat' dir='ltr'><strong>eadem</strong></span> <span class='ocrx_word' id='word_1_45' title='bbox 1183 638 1410 692; x_wconf 89' lang='lat' dir='ltr'><strong>corpora</strong></span> <span class='ocrx_word' id='word_1_46' title='bbox 1443 625 1683 692; x_wconf 87' lang='lat' dir='ltr'><strong>redeant,</strong></span> 
     </span>
    </p>
   </div>
   <div class='ocr_carea' id='block_1_8' title="bbox 112 697 1687 781">
    <p class='ocr_par' dir='ltr' id='par_1_8' title="bbox 112 697 1687 781">
     <span class='ocr_line' id='line_1_8' title="bbox 112 697 1687 781; baseline 0.013 -31"><span class='ocrx_word' id='word_1_47' title='bbox 112 697 158 750; x_wconf 89' lang='lat' dir='ltr'><strong>in</strong></span> <span class='ocrx_word' id='word_1_48' title='bbox 187 697 374 763; x_wconf 86' lang='lat' dir='ltr'><strong>quibus</strong></span> <span class='ocrx_word' id='word_1_49' title='bbox 419 709 546 756; x_wconf 87' lang='lat' dir='ltr'><strong>ante</strong></span> <span class='ocrx_word' id='word_1_50' title='bbox 590 702 827 770; x_wconf 91' lang='lat' dir='ltr'><strong>fuerunt,</strong></span> <span class='ocrx_word' id='word_1_51' title='bbox 858 715 915 761; x_wconf 90' lang='lat' dir='ltr'><strong>et</strong></span> <span class='ocrx_word' id='word_1_52' title='bbox 943 709 1081 775; x_wconf 90' lang='lat' dir='ltr'><strong>apud</strong></span> <span class='ocrx_word' id='word_1_53' title='bbox 1112 725 1204 764; x_wconf 86' lang='lat' dir='ltr'><strong>eos</strong></span> <span class='ocrx_word' id='word_1_54' title='bbox 1235 721 1340 765; x_wconf 81' lang='lat' dir='ltr'><strong>tuta</strong></span> <span class='ocrx_word' id='word_1_55' title='bbox 1374 715 1597 781; x_wconf 75' lang='lat' dir='ltr'><strong>qumSIio</strong></span> <span class='ocrx_word' id='word_1_56' title='bbox 1620 715 1687 771; x_wconf 88' lang='lat' dir='ltr'><strong>de</strong></span> 
     </span>
    </p>
   </div>
   <div class='ocr_carea' id='block_1_9' title="bbox 109 787 1364 859">
    <p class='ocr_par' dir='ltr' id='par_1_9' title="bbox 109 787 1364 859">
     <span class='ocr_line' id='line_1_9' title="bbox 109 787 1364 859; baseline 0.015 -21"><span class='ocrx_word' id='word_1_57' title='bbox 109 787 274 842; x_wconf 91' lang='lat' dir='ltr'><strong>carnis</strong></span> <span class='ocrx_word' id='word_1_58' title='bbox 304 791 355 842; x_wconf 92' lang='lat' dir='ltr'><strong>in</strong></span> <span class='ocrx_word' id='word_1_59' title='bbox 385 800 642 847; x_wconf 68' lang='lat' dir='ltr'><strong>aeternum</strong></span> <span class='ocrx_word' id='word_1_60' title='bbox 674 799 1085 855; x_wconf 84' lang='lat' dir='ltr'><strong>resurrectione</strong></span> <span class='ocrx_word' id='word_1_61' title='bbox 1111 802 1364 859; x_wconf 89' lang='lat' dir='ltr'><strong>solvetur.</strong></span> 
     </span>
    </p>
   </div>
   <div class='ocr_carea' id='block_1_10' title="bbox 655 908 1127 968">
    <p class='ocr_par' dir='ltr' id='par_1_10' title="bbox 655 908 1127 968">
     <span class='ocr_line' id='line_1_10' title="bbox 655 908 1127 968; baseline 0.011 -6"><span class='ocrx_word' id='word_1_62' title='bbox 655 908 884 965; x_wconf 83' lang='lat' dir='ltr'><strong>CAPUT</strong></span> <span class='ocrx_word' id='word_1_63' title='bbox 922 908 1127 968; x_wconf 82' lang='lat' dir='ltr'><strong>CLXV.</strong></span> 
     </span>
    </p>
   </div>
   <div class='ocr_carea' id='block_1_11' title="bbox 105 1009 1684 1096">
    <p class='ocr_par' dir='ltr' id='par_1_11' title="bbox 105 1009 1684 1096">
     <span class='ocr_line' id='line_1_11' title="bbox 105 1009 1684 1096; baseline 0.015 -34"><span class='ocrx_word' id='word_1_64' title='bbox 105 1009 177 1063; x_wconf 81' lang='lat' dir='ltr'><strong>De</strong></span> <span class='ocrx_word' id='word_1_65' title='bbox 197 1013 442 1083; x_wconf 82' lang='lat' dir='ltr'><strong>qualitate</strong></span> <span class='ocrx_word' id='word_1_66' title='bbox 463 1016 671 1096; x_wconf 64' lang='lat' dir='ltr'><strong>uisionis</strong></span> <span class='ocrx_word' id='word_1_67' title='bbox 700 1038 802 1091; x_wconf 85' lang='lat' dir='ltr'><strong>qua</strong></span> <span class='ocrx_word' id='word_1_68' title='bbox 829 1022 884 1075; x_wconf 87' lang='lat' dir='ltr'><strong>iu</strong></span> <span class='ocrx_word' id='word_1_69' title='bbox 912 1023 1088 1096; x_wconf 68' lang='lat' dir='ltr'><strong>futuro</strong></span> <span class='ocrx_word' id='word_1_70' title='bbox 1116 1027 1307 1080; x_wconf 66' lang='lat' dir='ltr'><strong>sarculo</strong></span> <span class='ocrx_word' id='word_1_71' title='bbox 1329 1032 1493 1084; x_wconf 78' lang='lat' dir='ltr'><strong>sancti</strong></span> <span class='ocrx_word' id='word_1_72' title='bbox 1522 1031 1684 1086; x_wconf 83' lang='lat' dir='ltr'><strong>Deum</strong></span> 
     </span>
    </p>
   </div>
   <div class='ocr_carea' id='block_1_12' title="bbox 449 1088 1334 1156">
    <p class='ocr_par' dir='ltr' id='par_1_12' title="bbox 449 1088 1334 1156">
     <span class='ocr_line' id='line_1_12' title="bbox 449 1088 1334 1156; baseline 0.017 -16"><span class='ocrx_word' id='word_1_73' title='bbox 449 1088 722 1156; x_wconf 58' lang='lat' dir='ltr'><strong>videbunt}</strong></span> <span class='ocrx_word' id='word_1_74' title='bbox 752 1108 816 1146; x_wconf 76' lang='lat' dir='ltr'><strong>ex</strong></span> <span class='ocrx_word' id='word_1_75' title='bbox 846 1088 1020 1148; x_wconf 78' lang='lat' dir='ltr'><strong>cadent</strong></span> <span class='ocrx_word' id='word_1_76' title='bbox 1047 1097 1177 1150; x_wconf 87' lang='lat' dir='ltr'><strong>libro</strong></span> <span class='ocrx_word' id='word_1_77' title='bbox 1206 1113 1334 1155; x_wconf 78' lang='lat' dir='ltr'><strong>uti.</strong></span> 
     </span>
    </p>
   </div>
   <div class='ocr_carea' id='block_1_13' title="bbox 181 1193 1684 1277">
    <p class='ocr_par' dir='ltr' id='par_1_13' title="bbox 181 1193 1684 1277">
     <span class='ocr_line' id='line_1_13' title="bbox 181 1193 1684 1277; baseline 0.013 -30"><span class='ocrx_word' id='word_1_78' title='bbox 181 1193 332 1250; x_wconf 87' lang='lat' dir='ltr'><strong>Nunc</strong></span> <span class='ocrx_word' id='word_1_79' title='bbox 356 1197 463 1265; x_wconf 91' lang='lat' dir='ltr'><strong>jam</strong></span> <span class='ocrx_word' id='word_1_80' title='bbox 496 1199 621 1269; x_wconf 90' lang='lat' dir='ltr'><strong>quid</strong></span> <span class='ocrx_word' id='word_1_81' title='bbox 652 1204 821 1256; x_wconf 89' lang='lat' dir='ltr'><strong>acturi</strong></span> <span class='ocrx_word' id='word_1_82' title='bbox 851 1205 959 1259; x_wconf 91' lang='lat' dir='ltr'><strong>sint</strong></span> <span class='ocrx_word' id='word_1_83' title='bbox 986 1207 1038 1260; x_wconf 93' lang='lat' dir='ltr'><strong>in</strong></span> <span class='ocrx_word' id='word_1_84' title='bbox 1065 1209 1380 1277; x_wconf 80' lang='lat' dir='ltr'><strong>corporibus</strong></span> <span class='ocrx_word' id='word_1_85' title='bbox 1412 1212 1684 1267; x_wconf 87' lang='lat' dir='ltr'><strong>immorta-</strong></span> 
     </span>
    </p>
   </div>
   <div class='ocr_carea' id='block_1_14' title="bbox 107 1282 1679 1362">
    <p class='ocr_par' dir='ltr' id='par_1_14' title="bbox 107 1282 1679 1362">
     <span class='ocr_line' id='line_1_14' title="bbox 107 1282 1679 1362; baseline 0.015 -27"><span class='ocrx_word' id='word_1_86' title='bbox 107 1282 257 1353; x_wconf 86' lang='lat' dir='ltr'><strong>libus,</strong></span> <span class='ocrx_word' id='word_1_87' title='bbox 288 1295 446 1356; x_wconf 88' lang='lat' dir='ltr'><strong>atque</strong></span> <span class='ocrx_word' id='word_1_88' title='bbox 477 1288 528 1343; x_wconf 90' lang='lat' dir='ltr'><strong>in</strong></span> <span class='ocrx_word' id='word_1_89' title='bbox 571 1290 901 1360; x_wconf 89' lang='lat' dir='ltr'><strong>spiritalibus</strong></span> <span class='ocrx_word' id='word_1_90' title='bbox 936 1296 1126 1362; x_wconf 74' lang='lat' dir='ltr'><strong>sancti,</strong></span> <span class='ocrx_word' id='word_1_91' title='bbox 1159 1313 1263 1352; x_wconf 91' lang='lat' dir='ltr'><strong>non</strong></span> <span class='ocrx_word' id='word_1_92' title='bbox 1293 1299 1466 1356; x_wconf 87' lang='lat' dir='ltr'><strong>adhuc</strong></span> <span class='ocrx_word' id='word_1_93' title='bbox 1496 1317 1679 1358; x_wconf 90' lang='lat' dir='ltr'><strong>eorum</strong></span> 
     </span>
    </p>
   </div>
   <div class='ocr_carea' id='block_1_15' title="bbox 106 1380 1681 1460">
    <p class='ocr_par' dir='ltr' id='par_1_15' title="bbox 106 1380 1681 1460">
     <span class='ocr_line' id='line_1_15' title="bbox 106 1380 1681 1460; baseline 0.012 -30"><span class='ocrx_word' id='word_1_94' title='bbox 106 1391 259 1431; x_wconf 89' lang='lat' dir='ltr'><strong>carne</strong></span> <span class='ocrx_word' id='word_1_95' title='bbox 288 1380 596 1447; x_wconf 73' lang='lat' dir='ltr'><strong>carnaliter,</strong></span> <span class='ocrx_word' id='word_1_96' title='bbox 622 1384 714 1438; x_wconf 89' lang='lat' dir='ltr'><strong>sed</strong></span> <span class='ocrx_word' id='word_1_97' title='bbox 754 1385 1065 1454; x_wconf 84' lang='lat' dir='ltr'><strong>spiritaliter</strong></span> <span class='ocrx_word' id='word_1_98' title='bbox 1102 1387 1212 1457; x_wconf 92' lang='lat' dir='ltr'><strong>jam</strong></span> <span class='ocrx_word' id='word_1_99' title='bbox 1253 1390 1485 1456; x_wconf 77' lang='lat' dir='ltr'><strong>vivente,</strong></span> <span class='ocrx_word' id='word_1_100' title='bbox 1509 1409 1681 1460; x_wconf 86' lang='lat' dir='ltr'><strong>quan-</strong></span> 
     </span>
    </p>
   </div>
   <div class='ocr_carea' id='block_1_16' title="bbox 103 1467 1677 1556">
    <p class='ocr_par' dir='ltr' id='par_1_16' title="bbox 103 1467 1677 1556">
     <span class='ocr_line' id='line_1_16' title="bbox 103 1467 1677 1556; baseline 0.015 -37"><span class='ocrx_word' id='word_1_101' title='bbox 103 1476 206 1522; x_wconf 91' lang='lat' dir='ltr'><strong>tum</strong></span> <span class='ocrx_word' id='word_1_102' title='bbox 239 1467 498 1526; x_wconf 88' lang='lat' dir='ltr'><strong>Dominus</strong></span> <span class='ocrx_word' id='word_1_103' title='bbox 527 1473 776 1543; x_wconf 78' lang='lat' dir='ltr'><strong>dignatur</strong></span> <span class='ocrx_word' id='word_1_104' title='bbox 804 1476 1059 1545; x_wconf 84' lang='lat' dir='ltr'><strong>adjuvare</strong></span> <span class='ocrx_word' id='word_1_105' title='bbox 1087 1479 1381 1538; x_wconf 81' lang='lat' dir='ltr'><strong>videamus.</strong></span> <span class='ocrx_word' id='word_1_106' title='bbox 1415 1486 1570 1556; x_wconf 75' lang='lat'><strong>108</strong></span> <span class='ocrx_word' id='word_1_107' title='bbox 1611 1487 1677 1542; x_wconf 84' lang='lat' dir='ltr'><strong>Et</strong></span> 
     </span>
    </p>
   </div>
   <div class='ocr_carea' id='block_1_17' title="bbox 102 1556 1673 1645">
    <p class='ocr_par' dir='ltr' id='par_1_17' title="bbox 102 1556 1673 1645">
     <span class='ocr_line' id='line_1_17' title="bbox 102 1556 1673 1645; baseline 0.015 -35"><span class='ocrx_word' id='word_1_108' title='bbox 102 1556 183 1610; x_wconf 82' lang='lat' dir='ltr'><strong>illa</strong></span> <span class='ocrx_word' id='word_1_109' title='bbox 211 1560 423 1629; x_wconf 80' lang='lat' dir='ltr'><strong>quidem</strong></span> <span class='ocrx_word' id='word_1_110' title='bbox 447 1566 611 1629; x_wconf 75' lang='lat' dir='ltr'><strong>act’o,</strong></span> <span class='ocrx_word' id='word_1_111' title='bbox 634 1566 714 1619; x_wconf 90' lang='lat' dir='ltr'><strong>vel</strong></span> <span class='ocrx_word' id='word_1_112' title='bbox 748 1568 923 1633; x_wconf 90' lang='lat' dir='ltr'><strong>potius</strong></span> <span class='ocrx_word' id='word_1_113' title='bbox 953 1569 1102 1635; x_wconf 89' lang='lat' dir='ltr'><strong>quies</strong></span> <span class='ocrx_word' id='word_1_114' title='bbox 1125 1577 1284 1639; x_wconf 90' lang='lat' dir='ltr'><strong>atque</strong></span> <span class='ocrx_word' id='word_1_115' title='bbox 1304 1573 1491 1638; x_wconf 91' lang='lat' dir='ltr'><strong>otium,</strong></span> <span class='ocrx_word' id='word_1_116' title='bbox 1515 1579 1673 1645; x_wconf 87' lang='lat' dir='ltr'><strong>quale</strong></span> 
     </span>
    </p>
   </div>
   <div class='ocr_carea' id='block_1_18' title="bbox 102 1646 1676 1721">
    <p class='ocr_par' dir='ltr' id='par_1_18' title="bbox 102 1646 1676 1721">
     <span class='ocr_line' id='line_1_18' title="bbox 102 1646 1676 1721; baseline 0.015 -22"><span class='ocrx_word' id='word_1_117' title='bbox 102 1646 326 1703; x_wconf 89' lang='lat' dir='ltr'><strong>futurum</strong></span> <span class='ocrx_word' id='word_1_118' title='bbox 357 1652 446 1715; x_wconf 89' lang='lat' dir='ltr'><strong>sit,</strong></span> <span class='ocrx_word' id='word_1_119' title='bbox 476 1655 518 1706; x_wconf 88' lang='lat' dir='ltr'><strong>si</strong></span> <span class='ocrx_word' id='word_1_120' title='bbox 548 1667 731 1708; x_wconf 88' lang='lat' dir='ltr'><strong>verum</strong></span> <span class='ocrx_word' id='word_1_121' title='bbox 760 1656 919 1711; x_wconf 86' lang='lat' dir='ltr'><strong>velim</strong></span> <span class='ocrx_word' id='word_1_122' title='bbox 949 1658 1130 1714; x_wconf 86' lang='lat' dir='ltr'><strong>dicere</strong></span> <span class='ocrx_word' id='word_1_123' title='bbox 1160 1664 1361 1717; x_wconf 91' lang='lat' dir='ltr'><strong>nescio.</strong></span> <span class='ocrx_word' id='word_1_124' title='bbox 1389 1663 1502 1719; x_wconf 83' lang='lat' dir='ltr'><strong>Non</strong></span> <span class='ocrx_word' id='word_1_125' title='bbox 1534 1667 1676 1721; x_wconf 88' lang='lat' dir='ltr'><strong>enim</strong></span> 
     </span>
    </p>
   </div>
   <div class='ocr_carea' id='block_1_19' title="bbox 102 1739 1675 1827">
    <p class='ocr_par' dir='ltr' id='par_1_19' title="bbox 102 1739 1675 1827">
     <span class='ocr_line' id='line_1_19' title="bbox 102 1739 1675 1827; baseline 0.017 -35"><span class='ocrx_word' id='word_1_126' title='bbox 102 1739 197 1793; x_wconf 87' lang='lat' dir='ltr'><strong>hoc</strong></span> <span class='ocrx_word' id='word_1_127' title='bbox 217 1756 448 1808; x_wconf 87' lang='lat' dir='ltr'><strong>unquam</strong></span> <span class='ocrx_word' id='word_1_128' title='bbox 476 1760 569 1813; x_wconf 88' lang='lat' dir='ltr'><strong>per</strong></span> <span class='ocrx_word' id='word_1_129' title='bbox 589 1761 778 1803; x_wconf 85' lang='lat' dir='ltr'><strong>sensus</strong></span> <span class='ocrx_word' id='word_1_130' title='bbox 800 1752 1040 1820; x_wconf 90' lang='lat' dir='ltr'><strong>corporis</strong></span> <span class='ocrx_word' id='word_1_131' title='bbox 1058 1753 1165 1808; x_wconf 89' lang='lat' dir='ltr'><strong>vidi</strong></span> <span class='ocrx_word' id='word_1_132' title='bbox 1181 1772 1194 1821; x_wconf 92' lang='lat'>;</span> <span class='ocrx_word' id='word_1_133' title='bbox 1210 1756 1252 1810; x_wconf 83' lang='lat' dir='ltr'><strong>si</strong></span> <span class='ocrx_word' id='word_1_134' title='bbox 1276 1767 1452 1812; x_wconf 91' lang='lat' dir='ltr'><strong>autem</strong></span> <span class='ocrx_word' id='word_1_135' title='bbox 1476 1770 1675 1827; x_wconf 91' lang='lat' dir='ltr'><strong>mente,</strong></span> 
     </span>
    </p>
   </div>
   <div class='ocr_carea' id='block_1_20' title="bbox 100 1830 1678 1916">
    <p class='ocr_par' dir='ltr' id='par_1_20' title="bbox 100 1830 1678 1916">
     <span class='ocr_line' id='line_1_20' title="bbox 100 1830 1678 1916; baseline 0.016 -34"><span class='ocrx_word' id='word_1_136' title='bbox 100 1830 145 1883; x_wconf 84' lang='lat' dir='ltr'><strong>id</strong></span> <span class='ocrx_word' id='word_1_137' title='bbox 167 1840 246 1887; x_wconf 90' lang='lat' dir='ltr'><strong>est</strong></span> <span class='ocrx_word' id='word_1_138' title='bbox 266 1832 848 1904; x_wconf 88' lang='lat' dir='ltr'><strong>intelligentia,vidisse</strong></span> <span class='ocrx_word' id='word_1_139' title='bbox 870 1857 954 1897; x_wconf 93' lang='lat' dir='ltr'><strong>me</strong></span> <span class='ocrx_word' id='word_1_140' title='bbox 974 1843 1171 1912; x_wconf 90' lang='lat' dir='ltr'><strong>dicam,</strong></span> <span class='ocrx_word' id='word_1_141' title='bbox 1188 1857 1442 1916; x_wconf 89' lang='lat' dir='ltr'><strong>quantum</strong></span> <span class='ocrx_word' id='word_1_142' title='bbox 1466 1859 1569 1916; x_wconf 90' lang='lat' dir='ltr'><strong>est,</strong></span> <span class='ocrx_word' id='word_1_143' title='bbox 1586 1863 1678 1907; x_wconf 88' lang='lat' dir='ltr'><strong>aut</strong></span> 
     </span>
    </p>
   </div>
   <div class='ocr_carea' id='block_1_21' title="bbox 108 1924 1673 2002">
    <p class='ocr_par' dir='ltr' id='par_1_21' title="bbox 108 1924 1673 2002">
     <span class='ocr_line' id='line_1_21' title="bbox 108 1924 1673 2002; baseline 0.016 -31"><span class='ocrx_word' id='word_1_144' title='bbox 108 1924 224 1990; x_wconf 88' lang='lat' dir='ltr'><strong>quid</strong></span> <span class='ocrx_word' id='word_1_145' title='bbox 242 1936 321 1980; x_wconf 78' lang='lat' dir='ltr'><strong>eet</strong></span> <span class='ocrx_word' id='word_1_146' title='bbox 344 1936 520 1982; x_wconf 87' lang='lat' dir='ltr'><strong>nostra</strong></span> <span class='ocrx_word' id='word_1_147' title='bbox 539 1929 909 2002; x_wconf 77' lang='lat' dir='ltr'><strong>intelligentia,</strong></span> <span class='ocrx_word' id='word_1_148' title='bbox 926 1935 990 1990; x_wconf 92' lang='lat' dir='ltr'><strong>ad</strong></span> <span class='ocrx_word' id='word_1_149' title='bbox 1017 1937 1159 1993; x_wconf 81' lang='lat' dir='ltr'><strong>illam</strong></span> <span class='ocrx_word' id='word_1_150' title='bbox 1180 1941 1584 1998; x_wconf 65' lang='lat' dir='ltr'><strong>excellentiam?</strong></span> <span class='ocrx_word' id='word_1_151' title='bbox 1603 1945 1673 1998; x_wconf 86' lang='lat' dir='ltr'><strong>lbi</strong></span> 
     </span>
    </p>
   </div>
   <div class='ocr_carea' id='block_1_22' title="bbox 97 2017 1676 2101">
    <p class='ocr_par' dir='ltr' id='par_1_22' title="bbox 97 2017 1676 2101">
     <span class='ocr_line' id='line_1_22' title="bbox 97 2017 1676 2101; baseline 0.011 -32"><span class='ocrx_word' id='word_1_152' title='bbox 97 2025 171 2069; x_wconf 92' lang='lat' dir='ltr'><strong>cst</strong></span> <span class='ocrx_word' id='word_1_153' title='bbox 192 2017 336 2071; x_wconf 89' lang='lat' dir='ltr'><strong>enim</strong></span> <span class='ocrx_word' id='word_1_154' title='bbox 369 2033 466 2087; x_wconf 80' lang='lat' dir='ltr'><strong>pax</strong></span> <span class='ocrx_word' id='word_1_155' title='bbox 501 2019 615 2086; x_wconf 85' lang='lat' dir='ltr'><strong>Dei,</strong></span> <span class='ocrx_word' id='word_1_156' title='bbox 643 2037 785 2091; x_wconf 65' lang='lat' dir='ltr'><strong>quae,</strong></span> <span class='ocrx_word' id='word_1_157' title='bbox 809 2025 945 2080; x_wconf 88' lang='lat' dir='ltr'><strong>sicut</strong></span> <span class='ocrx_word' id='word_1_158' title='bbox 969 2027 1097 2082; x_wconf 90' lang='lat' dir='ltr'><strong>dicit</strong></span> <span class='ocrx_word' id='word_1_159' title='bbox 1123 2030 1430 2099; x_wconf 81' lang='lat' dir='ltr'><strong>Apostolus,</strong></span> <span class='ocrx_word' id='word_1_160' title='bbox 1463 2045 1676 2101; x_wconf 86' lang='lat' dir='ltr'><strong>superat</strong></span> 
     </span>
    </p>
   </div>
   <div class='ocr_carea' id='block_1_23' title="bbox 98 2109 1676 2182">
    <p class='ocr_par' dir='ltr' id='par_1_23' title="bbox 98 2109 1676 2182">
     <span class='ocr_line' id='line_1_23' title="bbox 98 2109 1676 2182; baseline 0.014 -23"><span class='ocrx_word' id='word_1_161' title='bbox 98 2122 301 2163; x_wconf 83' lang='lat' dir='ltr'><strong>omnem</strong></span> <span class='ocrx_word' id='word_1_162' title='bbox 325 2109 652 2166; x_wconf 87' lang='lat' dir='ltr'><strong>intellectum</strong></span> <span class='ocrx_word' id='word_1_163' title='bbox 678 2131 691 2167; x_wconf 90' lang='lat'><strong>:</strong></span> <span class='ocrx_word' id='word_1_164' title='bbox 719 2129 899 2182; x_wconf 90' lang='lat' dir='ltr'><strong>quem,</strong></span> <span class='ocrx_word' id='word_1_165' title='bbox 927 2118 1025 2171; x_wconf 81' lang='lat' dir='ltr'><strong>nisi</strong></span> <span class='ocrx_word' id='word_1_166' title='bbox 1053 2129 1290 2174; x_wconf 91' lang='lat' dir='ltr'><strong>nostrum</strong></span> <span class='ocrx_word' id='word_1_167' title='bbox 1330 2132 1424 2177; x_wconf 89' lang='lat' dir='ltr'><strong>aut</strong></span> <span class='ocrx_word' id='word_1_168' title='bbox 1449 2122 1676 2181; x_wconf 79' lang='lat' dir='ltr'><strong>fortasse</strong></span> 
     </span>
    </p>
   </div>
   <div class='ocr_carea' id='block_1_24' title="bbox 105 2197 1675 2277">
    <p class='ocr_par' dir='ltr' id='par_1_24' title="bbox 105 2197 1675 2277">
     <span class='ocr_line' id='line_1_24' title="bbox 105 2197 1675 2277; baseline 0.013 -27"><span class='ocrx_word' id='word_1_169' title='bbox 105 2197 260 2252; x_wconf 89' lang='lat' dir='ltr'><strong>etiam</strong></span> <span class='ocrx_word' id='word_1_170' title='bbox 291 2207 597 2255; x_wconf 87' lang='lat' dir='ltr'><strong>sanctorum</strong></span> <span class='ocrx_word' id='word_1_171' title='bbox 627 2203 910 2276; x_wconf 60' lang='lat' dir='ltr'><strong>{omnium}</strong></span> <span class='ocrx_word' id='word_1_172' title='bbox 938 2210 1283 2277; x_wconf 75' lang='lat' dir='ltr'><strong>angelorum?</strong></span> <span class='ocrx_word' id='word_1_173' title='bbox 1313 2227 1418 2267; x_wconf 90' lang='lat' dir='ltr'><strong>non</strong></span> <span class='ocrx_word' id='word_1_174' title='bbox 1455 2217 1595 2269; x_wconf 89' lang='lat' dir='ltr'><strong>enim</strong></span> <span class='ocrx_word' id='word_1_175' title='bbox 1623 2227 1675 2272; x_wconf 90' lang='lat' dir='ltr'><strong>et</strong></span> 
     </span>
    </p>
   </div>
   <div class='ocr_carea' id='block_1_25' title="bbox 105 2285 1678 2374">
    <p class='ocr_par' dir='ltr' id='par_1_25' title="bbox 105 2285 1678 2374">
     <span class='ocr_line' id='line_1_25' title="bbox 105 2285 1678 2374; baseline 0.014 -35"><span class='ocrx_word' id='word_1_176' title='bbox 105 2285 215 2342; x_wconf 87' lang='lat' dir='ltr'><strong>Dei.</strong></span> <span class='ocrx_word' id='word_1_177' title='bbox 240 2288 298 2344; x_wconf 89' lang='lat' dir='ltr'><strong>Si</strong></span> <span class='ocrx_word' id='word_1_178' title='bbox 327 2305 455 2361; x_wconf 88' lang='lat' dir='ltr'><strong>ergo</strong></span> <span class='ocrx_word' id='word_1_179' title='bbox 484 2294 652 2347; x_wconf 78' lang='lat' dir='ltr'><strong>sancti</strong></span> <span class='ocrx_word' id='word_1_180' title='bbox 682 2294 734 2349; x_wconf 92' lang='lat' dir='ltr'><strong>in</strong></span> <span class='ocrx_word' id='word_1_181' title='bbox 766 2294 860 2350; x_wconf 90' lang='lat' dir='ltr'><strong>Dei</strong></span> <span class='ocrx_word' id='word_1_182' title='bbox 892 2312 1020 2365; x_wconf 87' lang='lat' dir='ltr'><strong>pace</strong></span> <span class='ocrx_word' id='word_1_183' title='bbox 1048 2300 1235 2356; x_wconf 89' lang='lat' dir='ltr'><strong>victuri</strong></span> <span class='ocrx_word' id='word_1_184' title='bbox 1267 2311 1409 2369; x_wconf 89' lang='lat' dir='ltr'><strong>sunt,</strong></span> <span class='ocrx_word' id='word_1_185' title='bbox 1439 2304 1678 2374; x_wconf 75' lang='lat' dir='ltr'><strong>profecto</strong></span> 
     </span>
    </p>
   </div>
   <div class='ocr_carea' id='block_1_26' title="bbox 97 2377 1679 2463">
    <p class='ocr_par' dir='ltr' id='par_1_26' title="bbox 97 2377 1679 2463">
     <span class='ocr_line' id='line_1_26' title="bbox 97 2377 1679 2463; baseline 0.016 -33"><span class='ocrx_word' id='word_1_186' title='bbox 97 2377 144 2431; x_wconf 91' lang='lat' dir='ltr'><strong>in</strong></span> <span class='ocrx_word' id='word_1_187' title='bbox 173 2395 231 2435; x_wconf 90' lang='lat' dir='ltr'><strong>ea</strong></span> <span class='ocrx_word' id='word_1_188' title='bbox 262 2397 395 2451; x_wconf 89' lang='lat' dir='ltr'><strong>pace</strong></span> <span class='ocrx_word' id='word_1_189' title='bbox 425 2383 615 2440; x_wconf 76' lang='lat' dir='ltr'><strong>victuri</strong></span> <span class='ocrx_word' id='word_1_190' title='bbox 651 2397 796 2456; x_wconf 88' lang='lat' dir='ltr'><strong>sunt,</strong></span> <span class='ocrx_word' id='word_1_191' title='bbox 821 2405 939 2459; x_wconf 59' lang='lat' dir='ltr'><strong>quae</strong></span> <span class='ocrx_word' id='word_1_192' title='bbox 971 2404 1191 2463; x_wconf 89' lang='lat' dir='ltr'><strong>superat</strong></span> <span class='ocrx_word' id='word_1_193' title='bbox 1224 2411 1438 2452; x_wconf 90' lang='lat' dir='ltr'><strong>omnem</strong></span> <span class='ocrx_word' id='word_1_194' title='bbox 1471 2398 1679 2456; x_wconf 92' lang='lat' dir='ltr'><strong>intelle-</strong></span> 
     </span>
    </p>
   </div>
   <div class='ocr_carea' id='block_1_27' title="bbox 98 2475 1678 2561">
    <p class='ocr_par' dir='ltr' id='par_1_27' title="bbox 98 2475 1678 2561">
     <span class='ocr_line' id='line_1_27' title="bbox 98 2475 1678 2561; baseline 0.016 -39"><span class='ocrx_word' id='word_1_195' title='bbox 98 2480 252 2537; x_wconf 86' lang='lat' dir='ltr'><strong>ctum,</strong></span> <span class='ocrx_word' id='word_1_196' title='bbox 281 2475 532 2543; x_wconf 92' lang='lat' dir='ltr'><strong>quoniam</strong></span> <span class='ocrx_word' id='word_1_197' title='bbox 577 2488 820 2535; x_wconf 90' lang='lat' dir='ltr'><strong>nostrum</strong></span> <span class='ocrx_word' id='word_1_198' title='bbox 867 2483 1086 2551; x_wconf 88' lang='lat' dir='ltr'><strong>quidem</strong></span> <span class='ocrx_word' id='word_1_199' title='bbox 1128 2497 1344 2556; x_wconf 87' lang='lat' dir='ltr'><strong>supcrat</strong></span> <span class='ocrx_word' id='word_1_200' title='bbox 1387 2488 1549 2561; x_wconf 89' lang='lat' dir='ltr'><strong>[quod</strong></span> <span class='ocrx_word' id='word_1_201' title='bbox 1583 2507 1678 2547; x_wconf 90' lang='lat' dir='ltr'><strong>no-</strong></span> 
     </span>
    </p>
   </div>
   <div class='ocr_carea' id='block_1_28' title="bbox 95 2567 1678 2645">
    <p class='ocr_par' dir='ltr' id='par_1_28' title="bbox 95 2567 1678 2645">
     <span class='ocr_line' id='line_1_28' title="bbox 95 2567 1678 2645; baseline 0.016 -31"><span class='ocrx_word' id='word_1_202' title='bbox 95 2574 258 2620; x_wconf 83' lang='lat' dir='ltr'><strong>strum</strong></span> <span class='ocrx_word' id='word_1_203' title='bbox 288 2567 506 2636; x_wconf 87' lang='lat' dir='ltr'><strong>quidem</strong></span> <span class='ocrx_word' id='word_1_204' title='bbox 533 2571 770 2645; x_wconf 89' lang='lat' dir='ltr'><strong>superat]</strong></span> <span class='ocrx_word' id='word_1_205' title='bbox 800 2590 902 2628; x_wconf 93' lang='lat' dir='ltr'><strong>non</strong></span> <span class='ocrx_word' id='word_1_206' title='bbox 935 2585 1018 2630; x_wconf 89' lang='lat' dir='ltr'><strong>est</strong></span> <span class='ocrx_word' id='word_1_207' title='bbox 1040 2577 1281 2644; x_wconf 89' lang='lat' dir='ltr'><strong>dubium;</strong></span> <span class='ocrx_word' id='word_1_208' title='bbox 1308 2581 1350 2634; x_wconf 89' lang='lat' dir='ltr'><strong>si</strong></span> <span class='ocrx_word' id='word_1_209' title='bbox 1381 2590 1556 2637; x_wconf 87' lang='lat' dir='ltr'><strong>autem</strong></span> <span class='ocrx_word' id='word_1_210' title='bbox 1587 2598 1678 2639; x_wconf 80' lang='lat' dir='ltr'><strong>su-</strong></span> 
     </span>
    </p>
   </div>
   <div class='ocr_carea' id='block_1_29' title="bbox 96 2658 1676 2740">
    <p class='ocr_par' dir='ltr' id='par_1_29' title="bbox 96 2658 1676 2740">
     <span class='ocr_line' id='line_1_29' title="bbox 96 2658 1676 2740; baseline 0.014 -36"><span class='ocrx_word' id='word_1_211' title='bbox 96 2663 239 2718; x_wconf 78' lang='lat' dir='ltr'><strong>rerat</strong></span> <span class='ocrx_word' id='word_1_212' title='bbox 269 2665 324 2710; x_wconf 93' lang='lat' dir='ltr'><strong>et</strong></span> <span class='ocrx_word' id='word_1_213' title='bbox 349 2658 685 2728; x_wconf 84' lang='lat' dir='ltr'><strong>angelorum,</strong></span> <span class='ocrx_word' id='word_1_214' title='bbox 716 2671 771 2716; x_wconf 92' lang='lat' dir='ltr'><strong>ut</strong></span> <span class='ocrx_word' id='word_1_215' title='bbox 801 2679 900 2720; x_wconf 85' lang='lat' dir='ltr'><strong>nec</strong></span> <span class='ocrx_word' id='word_1_216' title='bbox 935 2666 1078 2735; x_wconf 90' lang='lat' dir='ltr'><strong>ipsos</strong></span> <span class='ocrx_word' id='word_1_217' title='bbox 1107 2669 1384 2738; x_wconf 78' lang='lat' dir='ltr'><strong>excepisse</strong></span> <span class='ocrx_word' id='word_1_218' title='bbox 1411 2672 1676 2740; x_wconf 89' lang='lat' dir='ltr'><strong>videatur,</strong></span> 
     </span>
    </p>
   </div>
   <div class='ocr_carea' id='block_1_30' title="bbox 95 2745 1670 2818">
    <p class='ocr_par' dir='ltr' id='par_1_30' title="bbox 95 2745 1670 2818">
     <span class='ocr_line' id='line_1_30' title="bbox 95 2745 1670 2818; baseline 0.013 -21"><span class='ocrx_word' id='word_1_219' title='bbox 95 2745 176 2814; x_wconf 85' lang='lat' dir='ltr'><strong>qui</strong></span> <span class='ocrx_word' id='word_1_220' title='bbox 221 2747 298 2800; x_wconf 86' lang='lat' dir='ltr'><strong>ait</strong></span> <span class='ocrx_word' id='word_1_221' title='bbox 342 2763 553 2804; x_wconf 93' lang='lat' dir='ltr'><strong>omnem</strong></span> <span class='ocrx_word' id='word_1_222' title='bbox 602 2749 930 2809; x_wconf 75' lang='lat' dir='ltr'><strong>intellectum</strong></span> <span class='ocrx_word' id='word_1_223' title='bbox 966 2774 978 2810; x_wconf 90' lang='lat'>:</span> <span class='ocrx_word' id='word_1_224' title='bbox 1012 2759 1304 2813; x_wconf 85' lang='lat' dir='ltr'><strong>secmtdum</strong></span> <span class='ocrx_word' id='word_1_225' title='bbox 1339 2760 1438 2815; x_wconf 92' lang='lat' dir='ltr'><strong>hoc</strong></span> <span class='ocrx_word' id='word_1_226' title='bbox 1469 2762 1670 2818; x_wconf 78' lang='lat' dir='ltr'><strong>dictum</strong></span> 
     </span>
    </p>
   </div>
   <div class='ocr_carea' id='block_1_31' title="bbox 94 2838 1675 2921">
    <p class='ocr_par' dir='ltr' id='par_1_31' title="bbox 94 2838 1675 2921">
     <span class='ocr_line' id='line_1_31' title="bbox 94 2838 1675 2921; baseline 0.013 -32"><span class='ocrx_word' id='word_1_227' title='bbox 94 2851 205 2892; x_wconf 86' lang='lat' dir='ltr'><strong>esse</strong></span> <span class='ocrx_word' id='word_1_228' title='bbox 245 2838 507 2896; x_wconf 89' lang='lat' dir='ltr'><strong>debemus</strong></span> <span class='ocrx_word' id='word_1_229' title='bbox 546 2844 814 2913; x_wconf 83' lang='lat' dir='ltr'><strong>accipere,</strong></span> <span class='ocrx_word' id='word_1_230' title='bbox 846 2847 968 2913; x_wconf 84' lang='lat' dir='ltr'><strong>quia</strong></span> <span class='ocrx_word' id='word_1_231' title='bbox 1015 2863 1205 2918; x_wconf 85' lang='lat' dir='ltr'><strong>parem</strong></span> <span class='ocrx_word' id='word_1_232' title='bbox 1250 2851 1343 2905; x_wconf 91' lang='lat' dir='ltr'><strong>Dei</strong></span> <span class='ocrx_word' id='word_1_233' title='bbox 1389 2867 1491 2921; x_wconf 88' lang='lat' dir='ltr'><strong>qua</strong></span> <span class='ocrx_word' id='word_1_234' title='bbox 1539 2853 1675 2909; x_wconf 85' lang='lat' dir='ltr'><strong>Deus</strong></span> 
     </span>
    </p>
   </div>
   <div class='ocr_carea' id='block_1_32' title="bbox 95 2926 1670 3004">
    <p class='ocr_par' dir='ltr' id='par_1_32' title="bbox 95 2926 1670 3004">
     <span class='ocr_line' id='line_1_32' title="bbox 95 2926 1670 3004; baseline 0.013 -24"><span class='ocrx_word' id='word_1_235' title='bbox 95 2926 202 2995; x_wconf 84' lang='lat' dir='ltr'><strong>ipse</strong></span> <span class='ocrx_word' id='word_1_236' title='bbox 244 2939 464 2998; x_wconf 82' lang='lat' dir='ltr'><strong>pacatus</strong></span> <span class='ocrx_word' id='word_1_237' title='bbox 506 2943 609 2997; x_wconf 90' lang='lat' dir='ltr'><strong>est,</strong></span> <span class='ocrx_word' id='word_1_238' title='bbox 638 2934 771 2989; x_wconf 88' lang='lat' dir='ltr'><strong>sicut</strong></span> <span class='ocrx_word' id='word_1_239' title='bbox 805 2937 945 2991; x_wconf 89' lang='lat' dir='ltr'><strong>Deus</strong></span> <span class='ocrx_word' id='word_1_240' title='bbox 977 2943 1142 3004; x_wconf 86' lang='lat' dir='ltr'><strong>novit,</strong></span> <span class='ocrx_word' id='word_1_241' title='bbox 1176 2956 1279 2994; x_wconf 90' lang='lat' dir='ltr'><strong>non</strong></span> <span class='ocrx_word' id='word_1_242' title='bbox 1311 2957 1429 2996; x_wconf 86' lang='lat' dir='ltr'><strong>eam</strong></span> <span class='ocrx_word' id='word_1_243' title='bbox 1464 2959 1561 2997; x_wconf 89' lang='lat' dir='ltr'><strong>nos</strong></span> <span class='ocrx_word' id='word_1_244' title='bbox 1591 2945 1670 3001; x_wconf 89' lang='lat' dir='ltr'><strong>sic</strong></span> 
     </span>
    </p>
   </div>
   <div class='ocr_carea' id='block_1_33' title="bbox 95 3027 1666 3104">
    <p class='ocr_par' dir='ltr' id='par_1_33' title="bbox 95 3027 1666 3104">
     <span class='ocr_line' id='line_1_33' title="bbox 95 3027 1666 3104; baseline 0.015 -35"><span class='ocrx_word' id='word_1_245' title='bbox 95 3033 369 3084; x_wconf 88' lang='lat' dir='ltr'><strong>possumus</strong></span> <span class='ocrx_word' id='word_1_246' title='bbox 399 3037 577 3089; x_wconf 84' lang='lat' dir='ltr'><strong>nosse,</strong></span> <span class='ocrx_word' id='word_1_247' title='bbox 607 3040 706 3080; x_wconf 91' lang='lat' dir='ltr'><strong>nec</strong></span> <span class='ocrx_word' id='word_1_248' title='bbox 736 3027 823 3080; x_wconf 91' lang='lat' dir='ltr'><strong>ulli</strong></span> <span class='ocrx_word' id='word_1_249' title='bbox 857 3030 1049 3098; x_wconf 87' lang='lat' dir='ltr'><strong>angeli.</strong></span> <span class='ocrx_word' id='word_1_250' title='bbox 1079 3030 1308 3098; x_wconf 87' lang='lat' dir='ltr'><strong>Superat</strong></span> <span class='ocrx_word' id='word_1_251' title='bbox 1338 3034 1520 3104; x_wconf 89' lang='lat' dir='ltr'><strong>itaque</strong></span> <span class='ocrx_word' id='word_1_252' title='bbox 1549 3051 1666 3091; x_wconf 86' lang='lat' dir='ltr'><strong>om-</strong></span> 
     </span>
    </p>
   </div>
   <div class='ocr_carea' id='block_1_34' title="bbox 93 3110 1670 3190">
    <p class='ocr_par' dir='ltr' id='par_1_34' title="bbox 93 3110 1670 3190">
     <span class='ocr_line' id='line_1_34' title="bbox 93 3110 1670 3190; baseline 0.013 -29"><span class='ocrx_word' id='word_1_253' title='bbox 93 3123 208 3162; x_wconf 65' lang='lat' dir='ltr'><strong>nem</strong></span> <span class='ocrx_word' id='word_1_254' title='bbox 239 3110 594 3183; x_wconf 85' lang='lat' dir='ltr'><strong>intellectum,</strong></span> <span class='ocrx_word' id='word_1_255' title='bbox 615 3131 719 3169; x_wconf 90' lang='lat' dir='ltr'><strong>non</strong></span> <span class='ocrx_word' id='word_1_256' title='bbox 749 3117 966 3172; x_wconf 87' lang='lat' dir='ltr'><strong>dttbinm</strong></span> <span class='ocrx_word' id='word_1_257' title='bbox 989 3119 1128 3188; x_wconf 89' lang='lat' dir='ltr'><strong>quod</strong></span> <span class='ocrx_word' id='word_1_258' title='bbox 1159 3132 1351 3190; x_wconf 67' lang='lat' dir='ltr'><strong>praeter</strong></span> <span class='ocrx_word' id='word_1_259' title='bbox 1373 3138 1547 3178; x_wconf 91' lang='lat' dir='ltr'><strong>suum.</strong></span> <span class='ocrx_word' id='word_1_260' title='bbox 1567 3124 1670 3181; x_wconf 92' lang='lat' dir='ltr'><strong>Sed</strong></span> 
     </span>
    </p>
   </div>
   <div class='ocr_carea' id='block_1_35' title="bbox 92 3199 1678 3280">
    <p class='ocr_par' dir='ltr' id='par_1_35' title="bbox 92 3199 1678 3280">
     <span class='ocr_line' id='line_1_35' title="bbox 92 3199 1678 3280; baseline 0.013 -31"><span class='ocrx_word' id='word_1_261' title='bbox 92 3199 211 3267; x_wconf 85' lang='lat' dir='ltr'><strong>quia</strong></span> <span class='ocrx_word' id='word_1_262' title='bbox 258 3211 308 3255; x_wconf 92' lang='lat' dir='ltr'><strong>et</strong></span> <span class='ocrx_word' id='word_1_263' title='bbox 360 3217 459 3258; x_wconf 92' lang='lat' dir='ltr'><strong>nos</strong></span> <span class='ocrx_word' id='word_1_264' title='bbox 500 3217 597 3272; x_wconf 93' lang='lat' dir='ltr'><strong>pro</strong></span> <span class='ocrx_word' id='word_1_265' title='bbox 638 3205 799 3260; x_wconf 90' lang='lat' dir='ltr'><strong>modo</strong></span> <span class='ocrx_word' id='word_1_266' title='bbox 839 3216 1024 3262; x_wconf 91' lang='lat' dir='ltr'><strong>nostro</strong></span> <span class='ocrx_word' id='word_1_267' title='bbox 1065 3212 1212 3277; x_wconf 85' lang='lat' dir='ltr'><strong>pacis</strong></span> <span class='ocrx_word' id='word_1_268' title='bbox 1240 3211 1356 3280; x_wconf 81' lang='lat' dir='ltr'><strong>ejus</strong></span> <span class='ocrx_word' id='word_1_269' title='bbox 1389 3214 1678 3279; x_wconf 78' lang='lat' dir='ltr'><strong>participes</strong></span> 
     </span>
    </p>
   </div>
   <div class='ocr_carea' id='block_1_36' title="bbox 92 3289 1674 3375">
    <p class='ocr_par' dir='ltr' id='par_1_36' title="bbox 92 3289 1674 3375">
     <span class='ocr_line' id='line_1_36' title="bbox 92 3289 1674 3375; baseline 0.011 -32"><span class='ocrx_word' id='word_1_270' title='bbox 92 3289 233 3356; x_wconf 84' lang='lat' dir='ltr'><strong>facti,</strong></span> <span class='ocrx_word' id='word_1_271' title='bbox 265 3307 532 3348; x_wconf 87' lang='lat' dir='ltr'><strong>summam</strong></span> <span class='ocrx_word' id='word_1_272' title='bbox 566 3295 617 3349; x_wconf 92' lang='lat' dir='ltr'><strong>iu</strong></span> <span class='ocrx_word' id='word_1_273' title='bbox 649 3296 803 3351; x_wconf 91' lang='lat' dir='ltr'><strong>nobis</strong></span> <span class='ocrx_word' id='word_1_274' title='bbox 829 3309 990 3368; x_wconf 87' lang='lat' dir='ltr'><strong>atque</strong></span> <span class='ocrx_word' id='word_1_275' title='bbox 1019 3300 1156 3356; x_wconf 92' lang='lat' dir='ltr'><strong>inter</strong></span> <span class='ocrx_word' id='word_1_276' title='bbox 1187 3317 1303 3370; x_wconf 89' lang='lat' dir='ltr'><strong>nos,</strong></span> <span class='ocrx_word' id='word_1_277' title='bbox 1328 3313 1376 3357; x_wconf 91' lang='lat' dir='ltr'><strong>et</strong></span> <span class='ocrx_word' id='word_1_278' title='bbox 1406 3319 1525 3359; x_wconf 89' lang='lat' dir='ltr'><strong>cum</strong></span> <span class='ocrx_word' id='word_1_279' title='bbox 1558 3307 1674 3375; x_wconf 90' lang='lat' dir='ltr'><strong>ipso</strong></span> 
     </span>
    </p>
   </div>
   <div class='ocr_carea' id='block_1_37' title="bbox 91 3395 1676 3459">
    <p class='ocr_par' dir='ltr' id='par_1_37' title="bbox 91 3395 1676 3459">
     <span class='ocr_line' id='line_1_37' title="bbox 91 3395 1676 3459; baseline 0.009 -23"><span class='ocrx_word' id='word_1_280' title='bbox 91 3395 292 3451; x_wconf 83' lang='lat' dir='ltr'><strong>pacem,</strong></span> <span class='ocrx_word' id='word_1_281' title='bbox 325 3396 580 3452; x_wconf 91' lang='lat' dir='ltr'><strong>quantum</strong></span> <span class='ocrx_word' id='word_1_282' title='bbox 609 3398 846 3443; x_wconf 91' lang='lat' dir='ltr'><strong>nostrum</strong></span> <span class='ocrx_word' id='word_1_283' title='bbox 871 3405 1136 3447; x_wconf 89' lang='lat' dir='ltr'><strong>summum</strong></span> <span class='ocrx_word' id='word_1_284' title='bbox 1156 3403 1258 3459; x_wconf 91' lang='lat' dir='ltr'><strong>est,</strong></span> <span class='ocrx_word' id='word_1_285' title='bbox 1285 3395 1676 3452; x_wconf 85' lang='lat' dir='ltr'><strong>obtinebimus:</strong></span> 
     </span>
    </p>
   </div>
   <div class='ocr_carea' id='block_1_38' title="bbox 91 3476 1675 3559">
    <p class='ocr_par' dir='ltr' id='par_1_38' title="bbox 91 3476 1675 3559">
     <span class='ocr_line' id='line_1_38' title="bbox 91 3476 1675 3559; baseline 0.011 -33"><span class='ocrx_word' id='word_1_286' title='bbox 91 3476 189 3527; x_wconf 86' lang='lat' dir='ltr'><strong>isto</strong></span> <span class='ocrx_word' id='word_1_287' title='bbox 218 3477 409 3541; x_wconf 87' lang='lat' dir='ltr'><strong>modo,</strong></span> <span class='ocrx_word' id='word_1_288' title='bbox 442 3493 537 3547; x_wconf 92' lang='lat' dir='ltr'><strong>pro</strong></span> <span class='ocrx_word' id='word_1_289' title='bbox 561 3493 659 3534; x_wconf 89' lang='lat' dir='ltr'><strong>suo</strong></span> <span class='ocrx_word' id='word_1_290' title='bbox 690 3480 850 3536; x_wconf 89' lang='lat' dir='ltr'><strong>modo</strong></span> <span class='ocrx_word' id='word_1_291' title='bbox 886 3487 1062 3538; x_wconf 85' lang='lat' dir='ltr'><strong>sciunt</strong></span> <span class='ocrx_word' id='word_1_292' title='bbox 1099 3498 1217 3540; x_wconf 88' lang='lat' dir='ltr'><strong>eam</strong></span> <span class='ocrx_word' id='word_1_293' title='bbox 1258 3489 1430 3541; x_wconf 86' lang='lat' dir='ltr'><strong>sancti</strong></span> <span class='ocrx_word' id='word_1_294' title='bbox 1463 3490 1675 3559; x_wconf 86' lang='lat' dir='ltr'><strong>angeli,</strong></span> 
     </span>
    </p>
   </div>
   <div class='ocr_carea' id='block_1_39' title="bbox 93 3564 1678 3659">
    <p class='ocr_par' dir='ltr' id='par_1_39' title="bbox 93 3564 1678 3659">
     <span class='ocr_line' id='line_1_39' title="bbox 93 3564 1678 3659; baseline 0.011 -42"><span class='ocrx_word' id='word_1_295' title='bbox 93 3564 338 3621; x_wconf 82' lang='lat' dir='ltr'><strong>homines</strong></span> <span class='ocrx_word' id='word_1_296' title='bbox 369 3576 544 3623; x_wconf 86' lang='lat' dir='ltr'><strong>autem</strong></span> <span class='ocrx_word' id='word_1_297' title='bbox 579 3587 718 3628; x_wconf 90' lang='lat' dir='ltr'><strong>nunc</strong></span> <span class='ocrx_word' id='word_1_298' title='bbox 761 3573 918 3644; x_wconf 87' lang='lat' dir='ltr'><strong>longe</strong></span> <span class='ocrx_word' id='word_1_299' title='bbox 957 3574 1092 3630; x_wconf 88' lang='lat' dir='ltr'><strong>infra</strong></span> <span class='ocrx_word' id='word_1_300' title='bbox 1136 3579 1524 3646; x_wconf 86' lang='lat' dir='ltr'><strong>quantumlibet</strong></span> <span class='ocrx_word' id='word_1_301' title='bbox 1556 3595 1678 3659; x_wconf 90' lang='lat' dir='ltr'><strong>pro-</strong></span> 
     </span>
    </p>
   </div>
   <div class='ocr_carea' id='block_1_40' title="bbox 91 3657 1676 3734">
    <p class='ocr_par' dir='ltr' id='par_1_40' title="bbox 91 3657 1676 3734">
     <span class='ocr_line' id='line_1_40' title="bbox 91 3657 1676 3734; baseline 0.01 -24"><span class='ocrx_word' id='word_1_302' title='bbox 91 3668 243 3712; x_wconf 84' lang='lat' dir='ltr'><strong>vectu</strong></span> <span class='ocrx_word' id='word_1_303' title='bbox 299 3657 586 3734; x_wconf 87' lang='lat' dir='ltr'><strong>[profectu]</strong></span> <span class='ocrx_word' id='word_1_304' title='bbox 636 3665 830 3719; x_wconf 89' lang='lat' dir='ltr'><strong>mentis</strong></span> <span class='ocrx_word' id='word_1_305' title='bbox 888 3667 1174 3722; x_wconf 76' lang='lat' dir='ltr'><strong>excellant.</strong></span> <span class='ocrx_word' id='word_1_306' title='bbox 1215 3657 1676 3726; x_wconf 85' lang='lat' dir='ltr'><strong>Considerandum</strong></span> 
     </span>
    </p>
   </div>
   <div class='ocr_carea' id='block_1_41' title="bbox 88 3751 1666 3828">
    <p class='ocr_par' dir='ltr' id='par_1_41' title="bbox 88 3751 1666 3828">
     <span class='ocr_line' id='line_1_41' title="bbox 88 3751 1666 3828; baseline 0.008 -24"><span class='ocrx_word' id='word_1_307' title='bbox 88 3762 164 3805; x_wconf 81' lang='lat' dir='ltr'><strong>est</strong></span> <span class='ocrx_word' id='word_1_308' title='bbox 193 3751 342 3806; x_wconf 90' lang='lat' dir='ltr'><strong>enim</strong></span> <span class='ocrx_word' id='word_1_309' title='bbox 378 3763 605 3822; x_wconf 86' lang='lat' dir='ltr'><strong>quantus</strong></span> <span class='ocrx_word' id='word_1_310' title='bbox 648 3755 729 3810; x_wconf 91' lang='lat' dir='ltr'><strong>vir</strong></span> <span class='ocrx_word' id='word_1_311' title='bbox 772 3755 1025 3812; x_wconf 84' lang='lat' dir='ltr'><strong>dicebat:</strong></span> <span class='ocrx_word' id='word_1_312' title='bbox 1061 3758 1135 3814; x_wconf 85' lang='lat' dir='ltr'><strong>Ex</strong></span> <span class='ocrx_word' id='word_1_313' title='bbox 1181 3771 1332 3828; x_wconf 88' lang='lat' dir='ltr'><strong>parte</strong></span> <span class='ocrx_word' id='word_1_314' title='bbox 1375 3761 1514 3815; x_wconf 90' lang='lat' dir='ltr'><strong>enim</strong></span> <span class='ocrx_word' id='word_1_315' title='bbox 1557 3763 1666 3816; x_wconf 68' lang='grc' dir='ltr'><strong>3ιί-</strong></span> 
     </span>
    </p>
   </div>
   <div class='ocr_carea' id='block_1_42' title="bbox 89 3849 1674 3922">
    <p class='ocr_par' dir='ltr' id='par_1_42' title="bbox 89 3849 1674 3922">
     <span class='ocr_line' id='line_1_42' title="bbox 89 3849 1674 3922; baseline 0.009 -26"><span class='ocrx_word' id='word_1_316' title='bbox 89 3860 226 3911; x_wconf 79' lang='lat' dir='ltr'><strong>tuus,</strong></span> <span class='ocrx_word' id='word_1_317' title='bbox 262 3855 319 3900; x_wconf 88' lang='lat' dir='ltr'><strong>et</strong></span> <span class='ocrx_word' id='word_1_318' title='bbox 362 3862 427 3902; x_wconf 82' lang='lat' dir='ltr'><strong>ex</strong></span> <span class='ocrx_word' id='word_1_319' title='bbox 480 3856 628 3916; x_wconf 82' lang='lat' dir='ltr'><strong>parte</strong></span> <span class='ocrx_word' id='word_1_320' title='bbox 669 3849 1070 3919; x_wconf 88' lang='lat' dir='ltr'><strong>prophetamus,</strong></span> <span class='ocrx_word' id='word_1_321' title='bbox 1103 3851 1274 3905; x_wconf 83' lang='lat' dir='ltr'><strong>donec</strong></span> <span class='ocrx_word' id='word_1_322' title='bbox 1312 3853 1488 3906; x_wconf 79' lang='lat' dir='ltr'><strong>veniat</strong></span> <span class='ocrx_word' id='word_1_323' title='bbox 1533 3855 1674 3922; x_wconf 81' lang='lat' dir='ltr'><strong>quod</strong></span> 
     </span>
    </p>
   </div>
   <div class='ocr_carea' id='block_1_43' title="bbox 89 3939 1673 4010">
    <p class='ocr_par' dir='ltr' id='par_1_43' title="bbox 89 3939 1673 4010">
     <span class='ocr_line' id='line_1_43' title="bbox 89 3939 1673 4010; baseline 0.007 -22"><span class='ocrx_word' id='word_1_324' title='bbox 89 3939 380 4002; x_wconf 79' lang='lat' dir='ltr'><strong>perfectura</strong></span> <span class='ocrx_word' id='word_1_325' title='bbox 430 3945 541 4002; x_wconf 92' lang='lat' dir='ltr'><strong>est,</strong></span> <span class='ocrx_word' id='word_1_326' title='bbox 588 3947 642 4006; x_wconf 80' lang='lat' dir='ltr'><strong>et</strong></span> <span class='ocrx_word' id='word_1_327' title='bbox 684 3940 925 3994; x_wconf 84' lang='lat' dir='ltr'><strong>videmus</strong></span> <span class='ocrx_word' id='word_1_328' title='bbox 972 3955 1112 3995; x_wconf 91' lang='lat' dir='ltr'><strong>nunc</strong></span> <span class='ocrx_word' id='word_1_329' title='bbox 1155 3957 1250 4010; x_wconf 90' lang='lat' dir='ltr'><strong>per</strong></span> <span class='ocrx_word' id='word_1_330' title='bbox 1300 3941 1572 4010; x_wconf 88' lang='lat' dir='ltr'><strong>speculum</strong></span> <span class='ocrx_word' id='word_1_331' title='bbox 1620 3960 1673 3998; x_wconf 72' lang='lat' dir='ltr'><strong>in</strong></span> 
     </span>
    </p>
   </div>
   <div class='ocr_carea' id='block_1_44' title="bbox 88 4026 1675 4105">
    <p class='ocr_par' dir='ltr' id='par_1_44' title="bbox 88 4026 1675 4105">
     <span class='ocr_line' id='line_1_44' title="bbox 88 4026 1675 4105; baseline 0.008 -27"><span class='ocrx_word' id='word_1_332' title='bbox 88 4026 393 4098; x_wconf 65' lang='lat' dir='ltr'><strong>muigmate,</strong></span> <span class='ocrx_word' id='word_1_333' title='bbox 419 4038 542 4084; x_wconf 91' lang='lat' dir='ltr'><strong>tunc</strong></span> <span class='ocrx_word' id='word_1_334' title='bbox 583 4040 758 4086; x_wconf 91' lang='lat' dir='ltr'><strong>autem</strong></span> <span class='ocrx_word' id='word_1_335' title='bbox 804 4031 936 4086; x_wconf 89' lang='lat' dir='ltr'><strong>facie</strong></span> <span class='ocrx_word' id='word_1_336' title='bbox 977 4034 1042 4086; x_wconf 91' lang='lat' dir='ltr'><strong>ad</strong></span> <span class='ocrx_word' id='word_1_337' title='bbox 1077 4032 1286 4088; x_wconf 89' lang='lat' dir='ltr'><strong>faciem.</strong></span> <span class='ocrx_word' id='word_1_338' title='bbox 1347 4033 1436 4091; x_wconf 92' lang='lat' dir='ltr'><strong>Sic</strong></span> <span class='ocrx_word' id='word_1_339' title='bbox 1457 4036 1566 4105; x_wconf 89' lang='lat' dir='ltr'><strong>jam</strong></span> <span class='ocrx_word' id='word_1_340' title='bbox 1599 4037 1675 4090; x_wconf 82' lang='lat' dir='ltr'><strong>vi-</strong></span> 
     </span>
    </p>
   </div>
   <div class='ocr_carea' id='block_1_45' title="bbox 87 4117 1670 4197">
    <p class='ocr_par' dir='ltr' id='par_1_45' title="bbox 87 4117 1670 4197">
     <span class='ocr_line' id='line_1_45' title="bbox 87 4117 1670 4197; baseline 0.007 -27"><span class='ocrx_word' id='word_1_341' title='bbox 87 4117 208 4172; x_wconf 91' lang='lat' dir='ltr'><strong>dent</strong></span> <span class='ocrx_word' id='word_1_342' title='bbox 249 4119 460 4188; x_wconf 88' lang='lat' dir='ltr'><strong>angeli,</strong></span> <span class='ocrx_word' id='word_1_343' title='bbox 489 4121 578 4191; x_wconf 86' lang='lat' dir='ltr'><strong>qui</strong></span> <span class='ocrx_word' id='word_1_344' title='bbox 610 4121 768 4176; x_wconf 91' lang='lat' dir='ltr'><strong>etiam</strong></span> <span class='ocrx_word' id='word_1_345' title='bbox 801 4125 969 4178; x_wconf 88' lang='lat' dir='ltr'><strong>nostri</strong></span> <span class='ocrx_word' id='word_1_346' title='bbox 999 4125 1172 4193; x_wconf 83' lang='lat' dir='ltr'><strong>angeli</strong></span> <span class='ocrx_word' id='word_1_347' title='bbox 1203 4124 1330 4180; x_wconf 89' lang='lat' dir='ltr'><strong>dicti</strong></span> <span class='ocrx_word' id='word_1_348' title='bbox 1361 4135 1514 4192; x_wconf 89' lang='lat' dir='ltr'><strong>sunt,</strong></span> <span class='ocrx_word' id='word_1_349' title='bbox 1546 4129 1670 4197; x_wconf 86' lang='lat' dir='ltr'><strong>quia</strong></span> 
     </span>
    </p>
   </div>
   <div class='ocr_carea' id='block_1_46' title="bbox 87 4211 1674 4286">
    <p class='ocr_par' dir='ltr' id='par_1_46' title="bbox 87 4211 1674 4286">
     <span class='ocr_line' id='line_1_46' title="bbox 87 4211 1674 4286; baseline 0.004 -22"><span class='ocrx_word' id='word_1_350' title='bbox 87 4211 220 4265; x_wconf 86' lang='lat' dir='ltr'><strong>eruti</strong></span> <span class='ocrx_word' id='word_1_351' title='bbox 267 4214 338 4266; x_wconf 90' lang='lat' dir='ltr'><strong>de</strong></span> <span class='ocrx_word' id='word_1_352' title='bbox 379 4221 640 4280; x_wconf 85' lang='lat' dir='ltr'><strong>potestate</strong></span> <span class='ocrx_word' id='word_1_353' title='bbox 689 4214 1050 4278; x_wconf 86' lang='lat' dir='ltr'><strong>tenebrarum,</strong></span> <span class='ocrx_word' id='word_1_354' title='bbox 1083 4223 1138 4270; x_wconf 91' lang='lat' dir='ltr'><strong>et</strong></span> <span class='ocrx_word' id='word_1_355' title='bbox 1185 4224 1408 4284; x_wconf 89' lang='lat' dir='ltr'><strong>accepto</strong></span> <span class='ocrx_word' id='word_1_356' title='bbox 1454 4217 1674 4286; x_wconf 76' lang='lat' dir='ltr'><strong>Spiritus</strong></span> 
     </span>
    </p>
   </div>
   <div class='ocr_carea' id='block_1_47' title="bbox 87 4301 1673 4376">
    <p class='ocr_par' dir='ltr' id='par_1_47' title="bbox 87 4301 1673 4376">
     <span class='ocr_line' id='line_1_47' title="bbox 87 4301 1673 4376; baseline 0.006 -24"><span class='ocrx_word' id='word_1_357' title='bbox 87 4305 311 4373; x_wconf 81' lang='lat' dir='ltr'><strong>pignore</strong></span> <span class='ocrx_word' id='word_1_358' title='bbox 329 4344 342 4365; x_wconf 89' lang='lat'><strong>,</strong></span> <span class='ocrx_word' id='word_1_359' title='bbox 372 4301 610 4357; x_wconf 85' lang='lat' dir='ltr'><strong>translati</strong></span> <span class='ocrx_word' id='word_1_360' title='bbox 638 4303 703 4357; x_wconf 93' lang='lat' dir='ltr'><strong>ad</strong></span> <span class='ocrx_word' id='word_1_361' title='bbox 734 4318 955 4374; x_wconf 88' lang='lat' dir='ltr'><strong>regnum</strong></span> <span class='ocrx_word' id='word_1_362' title='bbox 983 4305 1213 4371; x_wconf 87' lang='lat' dir='ltr'><strong>Christi,</strong></span> <span class='ocrx_word' id='word_1_363' title='bbox 1243 4305 1308 4360; x_wconf 88' lang='lat' dir='ltr'><strong>ad</strong></span> <span class='ocrx_word' id='word_1_364' title='bbox 1336 4320 1428 4361; x_wconf 88' lang='lat' dir='ltr'><strong>eos</strong></span> <span class='ocrx_word' id='word_1_365' title='bbox 1453 4308 1673 4376; x_wconf 86' lang='lat' dir='ltr'><strong>angelos</strong></span> 
     </span>
    </p>
   </div>
   <div class='ocr_carea' id='block_1_48' title="bbox 86 4391 1672 4466">
    <p class='ocr_par' dir='ltr' id='par_1_48' title="bbox 86 4391 1672 4466">
     <span class='ocr_line' id='line_1_48' title="bbox 86 4391 1672 4466; baseline 0.008 -25"><span class='ocrx_word' id='word_1_366' title='bbox 86 4391 191 4461; x_wconf 61' lang='lat' dir='ltr'><strong>iam</strong></span> <span class='ocrx_word' id='word_1_367' title='bbox 221 4392 487 4461; x_wconf 66' lang='lat' dir='ltr'><strong>coepimus</strong></span> <span class='ocrx_word' id='word_1_368' title='bbox 523 4392 821 4462; x_wconf 85' lang='lat' dir='ltr'><strong>pertinere,</strong></span> <span class='ocrx_word' id='word_1_369' title='bbox 850 4409 971 4450; x_wconf 90' lang='lat' dir='ltr'><strong>cum</strong></span> <span class='ocrx_word' id='word_1_370' title='bbox 1003 4396 1196 4466; x_wconf 88' lang='lat' dir='ltr'><strong>quibus</strong></span> <span class='ocrx_word' id='word_1_371' title='bbox 1226 4397 1378 4452; x_wconf 88' lang='lat' dir='ltr'><strong>nobis</strong></span> <span class='ocrx_word' id='word_1_372' title='bbox 1407 4400 1510 4453; x_wconf 88' lang='lat' dir='ltr'><strong>erit</strong></span> <span class='ocrx_word' id='word_1_373' title='bbox 1547 4414 1672 4453; x_wconf 90' lang='lat' dir='ltr'><strong>san-</strong></span> 
     </span>
    </p>
   </div>
   <div class='ocr_carea' id='block_1_49' title="bbox 1792 449 3364 525">
    <p class='ocr_par' dir='ltr' id='par_1_49' title="bbox 1792 449 3364 525">
     <span class='ocr_line' id='line_1_49' title="bbox 1792 449 3364 525; baseline 0.014 -27"><span class='ocrx_word' id='word_1_374' title='bbox 1792 449 2042 515; x_wconf 86' lang='lat' dir='ltr'><strong>quouiam</strong></span> <span class='ocrx_word' id='word_1_375' title='bbox 2073 450 2371 507; x_wconf 86' lang='lat' dir='ltr'><strong>videbimus</strong></span> <span class='ocrx_word' id='word_1_376' title='bbox 2399 468 2520 509; x_wconf 90' lang='lat' dir='ltr'><strong>eum</strong></span> <span class='ocrx_word' id='word_1_377' title='bbox 2552 456 2705 511; x_wconf 86' lang='lat' dir='ltr'><strong>sicuti</strong></span> <span class='ocrx_word' id='word_1_378' title='bbox 2733 471 2843 525; x_wconf 77' lang='lat' dir='ltr'><strong>eSI;</strong></span> <span class='ocrx_word' id='word_1_379' title='bbox 2873 460 3036 516; x_wconf 80' lang='lat' dir='ltr'><strong>facies</strong></span> <span class='ocrx_word' id='word_1_380' title='bbox 3070 472 3245 516; x_wconf 88' lang='lat' dir='ltr'><strong>autem</strong></span> <span class='ocrx_word' id='word_1_381' title='bbox 3274 466 3364 520; x_wconf 84' lang='lat' dir='ltr'><strong>Dei</strong></span> 
     </span>
    </p>
   </div>
   <div class='ocr_carea' id='block_1_50' title="bbox 1791 540 3367 625">
    <p class='ocr_par' dir='ltr' id='par_1_50' title="bbox 1791 540 3367 625">
     <span class='ocr_line' id='line_1_50' title="bbox 1791 540 3367 625; baseline 0.013 -34"><span class='ocrx_word' id='word_1_382' title='bbox 1791 540 2151 597; x_wconf 76' lang='lat' dir='ltr'><strong>manichtatio</strong></span> <span class='ocrx_word' id='word_1_383' title='bbox 2191 545 2305 614; x_wconf 86' lang='lat' dir='ltr'><strong>ejus</strong></span> <span class='ocrx_word' id='word_1_384' title='bbox 2358 546 2699 618; x_wconf 89' lang='lat' dir='ltr'><strong>intelligenda</strong></span> <span class='ocrx_word' id='word_1_385' title='bbox 2740 561 2842 618; x_wconf 90' lang='lat' dir='ltr'><strong>est,</strong></span> <span class='ocrx_word' id='word_1_386' title='bbox 2875 568 2978 608; x_wconf 94' lang='lat' dir='ltr'><strong>non</strong></span> <span class='ocrx_word' id='word_1_387' title='bbox 3022 554 3220 625; x_wconf 91' lang='lat' dir='ltr'><strong>aliquid</strong></span> <span class='ocrx_word' id='word_1_388' title='bbox 3262 556 3367 613; x_wconf 89' lang='lat' dir='ltr'><strong>tale</strong></span> 
     </span>
    </p>
   </div>
   <div class='ocr_carea' id='block_1_51' title="bbox 1790 633 3366 717">
    <p class='ocr_par' dir='ltr' id='par_1_51' title="bbox 1790 633 3366 717">
     <span class='ocr_line' id='line_1_51' title="bbox 1790 633 3366 717; baseline 0.013 -33"><span class='ocrx_word' id='word_1_389' title='bbox 1790 633 2169 701; x_wconf 90' lang='lat' dir='ltr'><strong>membrorum,</strong></span> <span class='ocrx_word' id='word_1_390' title='bbox 2205 638 2358 705; x_wconf 81' lang='lat' dir='ltr'><strong>qu-le</strong></span> <span class='ocrx_word' id='word_1_391' title='bbox 2400 655 2496 695; x_wconf 91' lang='lat' dir='ltr'><strong>nos</strong></span> <span class='ocrx_word' id='word_1_392' title='bbox 2544 641 2796 699; x_wconf 88' lang='lat' dir='ltr'><strong>habemus</strong></span> <span class='ocrx_word' id='word_1_393' title='bbox 2839 645 2890 698; x_wconf 92' lang='lat' dir='ltr'><strong>in</strong></span> <span class='ocrx_word' id='word_1_394' title='bbox 2934 662 3175 717; x_wconf 87' lang='lat' dir='ltr'><strong>corpore,</strong></span> <span class='ocrx_word' id='word_1_395' title='bbox 3207 658 3366 717; x_wconf 87' lang='lat' dir='ltr'><strong>atque</strong></span> 
     </span>
    </p>
   </div>
   <div class='ocr_carea' id='block_1_52' title="bbox 1790 721 3366 803">
    <p class='ocr_par' dir='ltr' id='par_1_52' title="bbox 1790 721 3366 803">
     <span class='ocr_line' id='line_1_52' title="bbox 1790 721 3366 803; baseline 0.012 -27"><span class='ocrx_word' id='word_1_396' title='bbox 1790 721 1895 776; x_wconf 89' lang='lat' dir='ltr'><strong>isto</strong></span> <span class='ocrx_word' id='word_1_397' title='bbox 1942 725 2158 780; x_wconf 89' lang='lat' dir='ltr'><strong>nomine</strong></span> <span class='ocrx_word' id='word_1_398' title='bbox 2205 743 2586 795; x_wconf 79' lang='lat' dir='ltr'><strong>nuncupamns.</strong></span> <span class='ocrx_word' id='word_1_399' title='bbox 2628 733 2957 803; x_wconf 88' lang='lat' dir='ltr'><strong>Quapropter</strong></span> <span class='ocrx_word' id='word_1_400' title='bbox 2999 751 3119 792; x_wconf 91' lang='lat' dir='ltr'><strong>cum</strong></span> <span class='ocrx_word' id='word_1_401' title='bbox 3163 753 3230 792; x_wconf 76' lang='lat' dir='ltr'><strong>ex</strong></span> <span class='ocrx_word' id='word_1_402' title='bbox 3281 756 3366 795; x_wconf 88' lang='lat' dir='ltr'><strong>me</strong></span> 
     </span>
    </p>
   </div>
   <div class='ocr_carea' id='block_1_53' title="bbox 1788 816 3367 900">
    <p class='ocr_par' dir='ltr' id='par_1_53' title="bbox 1788 816 3367 900">
     <span class='ocr_line' id='line_1_53' title="bbox 1788 816 3367 900; baseline 0.012 -34"><span class='ocrx_word' id='word_1_403' title='bbox 1788 816 2047 882; x_wconf 67' lang='lat' dir='ltr'><strong>qumritur</strong></span> <span class='ocrx_word' id='word_1_404' title='bbox 2071 819 2197 887; x_wconf 88' lang='lat' dir='ltr'><strong>quid</strong></span> <span class='ocrx_word' id='word_1_405' title='bbox 2228 821 2394 874; x_wconf 90' lang='lat' dir='ltr'><strong>acturi</strong></span> <span class='ocrx_word' id='word_1_406' title='bbox 2424 823 2532 876; x_wconf 87' lang='lat' dir='ltr'><strong>sint</strong></span> <span class='ocrx_word' id='word_1_407' title='bbox 2557 826 2726 878; x_wconf 80' lang='lat' dir='ltr'><strong>sancti</strong></span> <span class='ocrx_word' id='word_1_408' title='bbox 2756 827 2805 878; x_wconf 91' lang='lat' dir='ltr'><strong>in</strong></span> <span class='ocrx_word' id='word_1_409' title='bbox 2843 828 2930 880; x_wconf 90' lang='lat' dir='ltr'><strong>illo</strong></span> <span class='ocrx_word' id='word_1_410' title='bbox 2958 843 3181 898; x_wconf 87' lang='lat' dir='ltr'><strong>corpore</strong></span> <span class='ocrx_word' id='word_1_411' title='bbox 3206 829 3367 900; x_wconf 80' lang='lat' dir='ltr'><strong>Spiri-</strong></span> 
     </span>
    </p>
   </div>
   <div class='ocr_carea' id='block_1_54' title="bbox 1788 903 3363 989">
    <p class='ocr_par' dir='ltr' id='par_1_54' title="bbox 1788 903 3363 989">
     <span class='ocr_line' id='line_1_54' title="bbox 1788 903 3363 989; baseline 0.011 -34"><span class='ocrx_word' id='word_1_412' title='bbox 1788 903 1897 967; x_wconf 74' lang='lat' dir='ltr'><strong>tali,</strong></span> <span class='ocrx_word' id='word_1_413' title='bbox 1928 921 2029 960; x_wconf 91' lang='lat' dir='ltr'><strong>non</strong></span> <span class='ocrx_word' id='word_1_414' title='bbox 2059 906 2182 962; x_wconf 80' lang='lat' dir='ltr'><strong>dico</strong></span> <span class='ocrx_word' id='word_1_415' title='bbox 2211 909 2351 978; x_wconf 89' lang='lat' dir='ltr'><strong>quod</strong></span> <span class='ocrx_word' id='word_1_416' title='bbox 2388 912 2496 978; x_wconf 79' lang='lat' dir='ltr'><strong>jztm</strong></span> <span class='ocrx_word' id='word_1_417' title='bbox 2523 912 2696 979; x_wconf 90' lang='lat' dir='ltr'><strong>video,</strong></span> <span class='ocrx_word' id='word_1_418' title='bbox 2729 915 2821 989; x_wconf 84' lang='lat' dir='ltr'><strong>sed</strong></span> <span class='ocrx_word' id='word_1_419' title='bbox 2867 916 2985 970; x_wconf 90' lang='lat' dir='ltr'><strong>dico</strong></span> <span class='ocrx_word' id='word_1_420' title='bbox 3020 920 3159 984; x_wconf 83' lang='lat' dir='ltr'><strong>quod</strong></span> <span class='ocrx_word' id='word_1_421' title='bbox 3200 920 3363 974; x_wconf 85' lang='lat' dir='ltr'><strong>credo</strong></span> 
     </span>
    </p>
   </div>
   <div class='ocr_carea' id='block_1_55' title="bbox 1786 997 3362 1079">
    <p class='ocr_par' dir='ltr' id='par_1_55' title="bbox 1786 997 3362 1079">
     <span class='ocr_line' id='line_1_55' title="bbox 1786 997 3362 1079; baseline 0.011 -32"><span class='ocrx_word' id='word_1_422' title='bbox 1786 997 2075 1052; x_wconf 89' lang='lat' dir='ltr'><strong>secundum</strong></span> <span class='ocrx_word' id='word_1_423' title='bbox 2099 999 2223 1054; x_wconf 88' lang='lat' dir='ltr'><strong>illud</strong></span> <span class='ocrx_word' id='word_1_424' title='bbox 2246 1000 2386 1070; x_wconf 90' lang='lat' dir='ltr'><strong>quod</strong></span> <span class='ocrx_word' id='word_1_425' title='bbox 2413 1001 2462 1056; x_wconf 91' lang='lat' dir='ltr'><strong>in</strong></span> <span class='ocrx_word' id='word_1_426' title='bbox 2488 1003 2689 1070; x_wconf 87' lang='lat' dir='ltr'><strong>psalmo</strong></span> <span class='ocrx_word' id='word_1_427' title='bbox 2712 1004 2860 1075; x_wconf 86' lang='lat' dir='ltr'><strong>lego:</strong></span> <span class='ocrx_word' id='word_1_428' title='bbox 2885 1007 3117 1075; x_wconf 89' lang='lat' dir='ltr'><strong>Credidi,</strong></span> <span class='ocrx_word' id='word_1_429' title='bbox 3144 1021 3362 1079; x_wconf 89' lang='lat' dir='ltr'><strong>propter</strong></span> 
     </span>
    </p>
   </div>
   <div class='ocr_carea' id='block_1_56' title="bbox 1785 1088 3360 1174">
    <p class='ocr_par' dir='ltr' id='par_1_56' title="bbox 1785 1088 3360 1174">
     <span class='ocr_line' id='line_1_56' title="bbox 1785 1088 3360 1174; baseline 0.01 -34"><span class='ocrx_word' id='word_1_430' title='bbox 1785 1088 1923 1154; x_wconf 91' lang='lat' dir='ltr'><strong>quod</strong></span> <span class='ocrx_word' id='word_1_431' title='bbox 1954 1099 2007 1144; x_wconf 90' lang='lat' dir='ltr'><strong>et</strong></span> <span class='ocrx_word' id='word_1_432' title='bbox 2036 1090 2242 1146; x_wconf 79' lang='lat' dir='ltr'><strong>locutus</strong></span> <span class='ocrx_word' id='word_1_433' title='bbox 2271 1105 2407 1147; x_wconf 91' lang='lat' dir='ltr'><strong>sum.</strong></span> <span class='ocrx_word' id='word_1_434' title='bbox 2462 1092 2590 1148; x_wconf 91' lang='lat' dir='ltr'><strong>Dico</strong></span> <span class='ocrx_word' id='word_1_435' title='bbox 2622 1093 2825 1165; x_wconf 89' lang='lat' dir='ltr'><strong>itaque,</strong></span> <span class='ocrx_word' id='word_1_436' title='bbox 2859 1097 3017 1152; x_wconf 84' lang='lat' dir='ltr'><strong>visuri</strong></span> <span class='ocrx_word' id='word_1_437' title='bbox 3058 1109 3180 1154; x_wconf 86' lang='lat' dir='ltr'><strong>sunt</strong></span> <span class='ocrx_word' id='word_1_438' title='bbox 3218 1100 3360 1174; x_wconf 84' lang='lat' dir='ltr'><strong>[dico</strong></span> 
     </span>
    </p>
   </div>
   <div class='ocr_carea' id='block_1_57' title="bbox 1785 1175 3359 1258">
    <p class='ocr_par' dir='ltr' id='par_1_57' title="bbox 1785 1175 3359 1258">
     <span class='ocr_line' id='line_1_57' title="bbox 1785 1175 3359 1258; baseline 0.011 -29"><span class='ocrx_word' id='word_1_439' title='bbox 1785 1175 1961 1247; x_wconf 89' lang='lat' dir='ltr'><strong>itaque</strong></span> <span class='ocrx_word' id='word_1_440' title='bbox 1991 1180 2129 1250; x_wconf 90' lang='lat' dir='ltr'><strong>quod</strong></span> <span class='ocrx_word' id='word_1_441' title='bbox 2159 1179 2325 1237; x_wconf 87' lang='lat' dir='ltr'><strong>visuri</strong></span> <span class='ocrx_word' id='word_1_442' title='bbox 2367 1183 2495 1256; x_wconf 88' lang='lat' dir='ltr'><strong>sint]</strong></span> <span class='ocrx_word' id='word_1_443' title='bbox 2529 1182 2691 1239; x_wconf 90' lang='lat' dir='ltr'><strong>Deum</strong></span> <span class='ocrx_word' id='word_1_444' title='bbox 2735 1187 2787 1242; x_wconf 91' lang='lat' dir='ltr'><strong>in</strong></span> <span class='ocrx_word' id='word_1_445' title='bbox 2832 1186 2948 1250; x_wconf 76' lang='lat' dir='ltr'><strong>ipso</strong></span> <span class='ocrx_word' id='word_1_446' title='bbox 2994 1204 3237 1258; x_wconf 80' lang='lat' dir='ltr'><strong>corpore,</strong></span> <span class='ocrx_word' id='word_1_447' title='bbox 3267 1192 3359 1246; x_wconf 92' lang='lat' dir='ltr'><strong>sed</strong></span> 
     </span>
    </p>
   </div>
   <div class='ocr_carea' id='block_1_58' title="bbox 1787 1273 3362 1346">
    <p class='ocr_par' dir='ltr' id='par_1_58' title="bbox 1787 1273 3362 1346">
     <span class='ocr_line' id='line_1_58' title="bbox 1787 1273 3362 1346; baseline 0.011 -26"><span class='ocrx_word' id='word_1_448' title='bbox 1787 1277 1960 1322; x_wconf 90' lang='lat' dir='ltr'><strong>utrum</strong></span> <span class='ocrx_word' id='word_1_449' title='bbox 1994 1286 2087 1338; x_wconf 91' lang='lat' dir='ltr'><strong>per</strong></span> <span class='ocrx_word' id='word_1_450' title='bbox 2114 1273 2286 1342; x_wconf 86' lang='lat' dir='ltr'><strong>ipsum</strong></span> <span class='ocrx_word' id='word_1_451' title='bbox 2317 1275 2454 1330; x_wconf 82' lang='lat' dir='ltr'><strong>sicut</strong></span> <span class='ocrx_word' id='word_1_452' title='bbox 2483 1291 2579 1345; x_wconf 84' lang='lat' dir='ltr'><strong>per</strong></span> <span class='ocrx_word' id='word_1_453' title='bbox 2604 1291 2798 1346; x_wconf 91' lang='lat' dir='ltr'><strong>corpus</strong></span> <span class='ocrx_word' id='word_1_454' title='bbox 2828 1293 2969 1335; x_wconf 90' lang='lat' dir='ltr'><strong>nunc</strong></span> <span class='ocrx_word' id='word_1_455' title='bbox 2996 1281 3235 1336; x_wconf 81' lang='lat' dir='ltr'><strong>videmus</strong></span> <span class='ocrx_word' id='word_1_456' title='bbox 3273 1298 3362 1338; x_wconf 83' lang='lat' dir='ltr'><strong>so-</strong></span> 
     </span>
    </p>
   </div>
   <div class='ocr_carea' id='block_1_59' title="bbox 1786 1359 3359 1441">
    <p class='ocr_par' dir='ltr' id='par_1_59' title="bbox 1786 1359 3359 1441">
     <span class='ocr_line' id='line_1_59' title="bbox 1786 1359 3359 1441; baseline 0.011 -30"><span class='ocrx_word' id='word_1_457' title='bbox 1786 1359 1911 1427; x_wconf 87' lang='lat' dir='ltr'><strong>lem,</strong></span> <span class='ocrx_word' id='word_1_458' title='bbox 1942 1360 2142 1430; x_wconf 92' lang='lat' dir='ltr'><strong>lunam,</strong></span> <span class='ocrx_word' id='word_1_459' title='bbox 2169 1365 2369 1428; x_wconf 71' lang='lat' dir='ltr'><strong>Stellas,</strong></span> <span class='ocrx_word' id='word_1_460' title='bbox 2401 1381 2547 1422; x_wconf 90' lang='lat' dir='ltr'><strong>mare</strong></span> <span class='ocrx_word' id='word_1_461' title='bbox 2585 1383 2646 1422; x_wconf 90' lang='lat' dir='ltr'><strong>ac</strong></span> <span class='ocrx_word' id='word_1_462' title='bbox 2676 1377 2895 1436; x_wconf 89' lang='lat' dir='ltr'><strong>terram,</strong></span> <span class='ocrx_word' id='word_1_463' title='bbox 2917 1378 2972 1425; x_wconf 89' lang='lat' dir='ltr'><strong>et</strong></span> <span class='ocrx_word' id='word_1_464' title='bbox 3000 1387 3118 1441; x_wconf 72' lang='lat' dir='ltr'><strong>qua:</strong></span> <span class='ocrx_word' id='word_1_465' title='bbox 3146 1384 3268 1427; x_wconf 87' lang='lat' dir='ltr'><strong>sunt</strong></span> <span class='ocrx_word' id='word_1_466' title='bbox 3308 1375 3359 1429; x_wconf 93' lang='lat' dir='ltr'><strong>in</strong></span> 
     </span>
    </p>
   </div>
   <div class='ocr_carea' id='block_1_60' title="bbox 1782 1457 3361 1524">
    <p class='ocr_par' dir='ltr' id='par_1_60' title="bbox 1782 1457 3361 1524">
     <span class='ocr_line' id='line_1_60' title="bbox 1782 1457 3361 1524; baseline 0.011 -21"><span class='ocrx_word' id='word_1_467' title='bbox 1782 1464 1866 1517; x_wconf 90' lang='lat' dir='ltr'><strong>ea,</strong></span> <span class='ocrx_word' id='word_1_468' title='bbox 1896 1467 2001 1504; x_wconf 90' lang='lat' dir='ltr'><strong>non</strong></span> <span class='ocrx_word' id='word_1_469' title='bbox 2036 1467 2195 1521; x_wconf 90' lang='lat' dir='ltr'><strong>parva</strong></span> <span class='ocrx_word' id='word_1_470' title='bbox 2225 1457 2454 1524; x_wconf 63' lang='lat' dir='ltr'><strong>quaestio</strong></span> <span class='ocrx_word' id='word_1_471' title='bbox 2495 1467 2594 1511; x_wconf 92' lang='lat' dir='ltr'><strong>cst.</strong></span> <span class='ocrx_word' id='word_1_472' title='bbox 2629 1458 2826 1515; x_wconf 91' lang='lat' dir='ltr'><strong>Durum</strong></span> <span class='ocrx_word' id='word_1_473' title='bbox 2869 1469 2949 1516; x_wconf 77' lang='lat' dir='ltr'><strong>est</strong></span> <span class='ocrx_word' id='word_1_474' title='bbox 2992 1463 3133 1518; x_wconf 88' lang='lat' dir='ltr'><strong>enim</strong></span> <span class='ocrx_word' id='word_1_475' title='bbox 3181 1463 3361 1522; x_wconf 86' lang='lat' dir='ltr'><strong>dicere</strong></span> 
     </span>
    </p>
   </div>
   <div class='ocr_carea' id='block_1_61' title="bbox 1783 1543 3360 1630">
    <p class='ocr_par' dir='ltr' id='par_1_61' title="bbox 1783 1543 3360 1630">
     <span class='ocr_line' id='line_1_61' title="bbox 1783 1543 3360 1630; baseline 0.016 -41"><span class='ocrx_word' id='word_1_476' title='bbox 1783 1543 1923 1609; x_wconf 90' lang='lat' dir='ltr'><strong>quod</strong></span> <span class='ocrx_word' id='word_1_477' title='bbox 1955 1547 2122 1599; x_wconf 80' lang='lat' dir='ltr'><strong>sancti</strong></span> <span class='ocrx_word' id='word_1_478' title='bbox 2153 1547 2274 1600; x_wconf 85' lang='lat' dir='ltr'><strong>talia</strong></span> <span class='ocrx_word' id='word_1_479' title='bbox 2302 1562 2412 1614; x_wconf 81' lang='lat' dir='ltr'><strong>con</strong></span> <span class='ocrx_word' id='word_1_480' title='bbox 2434 1563 2525 1603; x_wconf 88' lang='lat' dir='ltr'><strong>ora</strong></span> <span class='ocrx_word' id='word_1_481' title='bbox 2554 1562 2679 1605; x_wconf 89' lang='lat' dir='ltr'><strong>tunc</strong></span> <span class='ocrx_word' id='word_1_482' title='bbox 2707 1551 2994 1620; x_wconf 71' lang='lat' dir='ltr'><strong>habt-bunt,</strong></span> <span class='ocrx_word' id='word_1_483' title='bbox 3019 1566 3076 1610; x_wconf 91' lang='lat' dir='ltr'><strong>ut</strong></span> <span class='ocrx_word' id='word_1_484' title='bbox 3106 1571 3210 1612; x_wconf 92' lang='lat' dir='ltr'><strong>non</strong></span> <span class='ocrx_word' id='word_1_485' title='bbox 3235 1573 3360 1630; x_wconf 53' lang='lat' dir='ltr'><strong>pos.</strong></span> 
     </span>
    </p>
   </div>
   <div class='ocr_carea' id='block_1_62' title="bbox 1782 1632 3358 1711">
    <p class='ocr_par' dir='ltr' id='par_1_62' title="bbox 1782 1632 3358 1711">
     <span class='ocr_line' id='line_1_62' title="bbox 1782 1632 3358 1711; baseline 0.013 -28"><span class='ocrx_word' id='word_1_486' title='bbox 1782 1632 1889 1685; x_wconf 63' lang='grc' dir='ltr'>εἰμι</span> <span class='ocrx_word' id='word_1_487' title='bbox 1919 1634 2101 1688; x_wconf 89' lang='lat' dir='ltr'><strong>oculos</strong></span> <span class='ocrx_word' id='word_1_488' title='bbox 2142 1636 2388 1693; x_wconf 74' lang='lat' dir='ltr'><strong>claudere</strong></span> <span class='ocrx_word' id='word_1_489' title='bbox 2426 1649 2586 1708; x_wconf 83' lang='lat' dir='ltr'><strong>atque</strong></span> <span class='ocrx_word' id='word_1_490' title='bbox 2625 1643 2831 1711; x_wconf 86' lang='lat' dir='ltr'><strong>aperire</strong></span> <span class='ocrx_word' id='word_1_491' title='bbox 2861 1659 2981 1700; x_wconf 81' lang='lat' dir='ltr'><strong>cum</strong></span> <span class='ocrx_word' id='word_1_492' title='bbox 3022 1649 3220 1704; x_wconf 90' lang='lat' dir='ltr'><strong>volent.</strong></span> <span class='ocrx_word' id='word_1_493' title='bbox 3254 1650 3358 1704; x_wconf 64' lang='lat' dir='ltr'><strong>Du-</strong></span> 
     </span>
    </p>
   </div>
   <div class='ocr_carea' id='block_1_63' title="bbox 1713 1719 3357 1798">
    <p class='ocr_par' dir='ltr' id='par_1_63' title="bbox 1713 1719 3357 1798">
     <span class='ocr_line' id='line_1_63' title="bbox 1713 1719 3357 1798; baseline 0.015 -27"><span class='ocrx_word' id='word_1_494' title='bbox 1713 1719 1754 1777; x_wconf 86' lang='grc' dir='ltr'><strong><em>Β</em></strong></span> <span class='ocrx_word' id='word_1_495' title='bbox 1784 1720 1892 1774; x_wconf 90' lang='lat' dir='ltr'><strong>rius</strong></span> <span class='ocrx_word' id='word_1_496' title='bbox 1921 1731 2095 1776; x_wconf 88' lang='lat' dir='ltr'><strong>autem</strong></span> <span class='ocrx_word' id='word_1_497' title='bbox 2137 1725 2276 1793; x_wconf 88' lang='lat' dir='ltr'><strong>quod</strong></span> <span class='ocrx_word' id='word_1_498' title='bbox 2324 1725 2392 1780; x_wconf 90' lang='lat' dir='ltr'><strong>ibi</strong></span> <span class='ocrx_word' id='word_1_499' title='bbox 2440 1727 2605 1782; x_wconf 86' lang='lat' dir='ltr'><strong>Deum</strong></span> <span class='ocrx_word' id='word_1_500' title='bbox 2636 1732 2871 1798; x_wconf 87' lang='lat' dir='ltr'><strong>quisquis</strong></span> <span class='ocrx_word' id='word_1_501' title='bbox 2899 1735 3081 1791; x_wconf 89' lang='lat' dir='ltr'><strong>oculos</strong></span> <span class='ocrx_word' id='word_1_502' title='bbox 3110 1738 3357 1795; x_wconf 76' lang='lat' dir='ltr'><strong>clauserit</strong></span> 
     </span>
    </p>
   </div>
   <div class='ocr_carea' id='block_1_64' title="bbox 1785 1811 3354 1892">
    <p class='ocr_par' dir='ltr' id='par_1_64' title="bbox 1785 1811 3354 1892">
     <span class='ocr_line' id='line_1_64' title="bbox 1785 1811 3354 1892; baseline 0.014 -29"><span class='ocrx_word' id='word_1_503' title='bbox 1785 1824 1889 1864; x_wconf 92' lang='lat' dir='ltr'><strong>non</strong></span> <span class='ocrx_word' id='word_1_504' title='bbox 1928 1811 2145 1867; x_wconf 77' lang='lat' dir='ltr'><strong>videbit.</strong></span> <span class='ocrx_word' id='word_1_505' title='bbox 2179 1813 2234 1869; x_wconf 93' lang='lat' dir='ltr'><strong>Si</strong></span> <span class='ocrx_word' id='word_1_506' title='bbox 2266 1814 2407 1868; x_wconf 91' lang='lat' dir='ltr'><strong>enim</strong></span> <span class='ocrx_word' id='word_1_507' title='bbox 2440 1817 2691 1885; x_wconf 88' lang='lat' dir='ltr'><strong>propheta</strong></span> <span class='ocrx_word' id='word_1_508' title='bbox 2720 1819 2924 1876; x_wconf 83' lang='lat' dir='ltr'><strong>Eliseus</strong></span> <span class='ocrx_word' id='word_1_509' title='bbox 2955 1839 3173 1892; x_wconf 90' lang='lat' dir='ltr'><strong>puerum</strong></span> <span class='ocrx_word' id='word_1_510' title='bbox 3200 1844 3354 1885; x_wconf 89' lang='lat' dir='ltr'><strong>suum</strong></span> 
     </span>
    </p>
   </div>
   <div class='ocr_carea' id='block_1_65' title="bbox 1783 1899 3355 1989">
    <p class='ocr_par' dir='ltr' id='par_1_65' title="bbox 1783 1899 3355 1989">
     <span class='ocr_line' id='line_1_65' title="bbox 1783 1899 3355 1989; baseline 0.014 -35"><span class='ocrx_word' id='word_1_511' title='bbox 1783 1899 1926 1956; x_wconf 86' lang='lat' dir='ltr'><strong>Giezi</strong></span> <span class='ocrx_word' id='word_1_512' title='bbox 1957 1903 2151 1958; x_wconf 80' lang='lat' dir='ltr'><strong>absens</strong></span> <span class='ocrx_word' id='word_1_513' title='bbox 2189 1920 2417 1973; x_wconf 87' lang='lat' dir='ltr'><strong>corpore</strong></span> <span class='ocrx_word' id='word_1_514' title='bbox 2448 1907 2577 1962; x_wconf 85' lang='lat' dir='ltr'><strong>vidit</strong></span> <span class='ocrx_word' id='word_1_515' title='bbox 2616 1909 2962 1978; x_wconf 81' lang='lat' dir='ltr'><strong>accipientem</strong></span> <span class='ocrx_word' id='word_1_516' title='bbox 2995 1931 3208 1972; x_wconf 90' lang='lat' dir='ltr'><strong>munera</strong></span> <span class='ocrx_word' id='word_1_517' title='bbox 3237 1935 3355 1989; x_wconf 69' lang='lat' dir='ltr'><strong>quae</strong></span> 
     </span>
    </p>
   </div>
   <div class='ocr_carea' id='block_1_66' title="bbox 1779 1992 3352 2072">
    <p class='ocr_par' dir='ltr' id='par_1_66' title="bbox 1779 1992 3352 2072">
     <span class='ocr_line' id='line_1_66' title="bbox 1779 1992 3352 2072; baseline 0.013 -26"><span class='ocrx_word' id='word_1_518' title='bbox 1779 1992 1926 2048; x_wconf 87' lang='lat' dir='ltr'><strong>dedit</strong></span> <span class='ocrx_word' id='word_1_519' title='bbox 1954 1997 2004 2049; x_wconf 91' lang='lat' dir='ltr'><strong>ei</strong></span> <span class='ocrx_word' id='word_1_520' title='bbox 2036 1993 2268 2050; x_wconf 78' lang='lat' dir='ltr'><strong>Naaman</strong></span> <span class='ocrx_word' id='word_1_521' title='bbox 2293 1995 2457 2068; x_wconf 85' lang='lat' dir='ltr'><strong>Syrus</strong></span> <span class='ocrx_word' id='word_1_522' title='bbox 2492 1999 2668 2068; x_wconf 88' lang='lat' dir='ltr'><strong>(quem</strong></span> <span class='ocrx_word' id='word_1_523' title='bbox 2699 2005 2949 2072; x_wconf 67' lang='lat' dir='ltr'><strong>irOpbeta</strong></span> <span class='ocrx_word' id='word_1_524' title='bbox 2977 2017 3297 2066; x_wconf 89' lang='lat' dir='ltr'><strong>memoratus</strong></span> <span class='ocrx_word' id='word_1_525' title='bbox 3321 2027 3352 2067; x_wconf 91' lang='lat' dir='ltr'><strong>a</strong></span> 
     </span>
    </p>
   </div>
   <div class='ocr_carea' id='block_1_67' title="bbox 1781 2087 3349 2173">
    <p class='ocr_par' dir='ltr' id='par_1_67' title="bbox 1781 2087 3349 2173">
     <span class='ocr_line' id='line_1_67' title="bbox 1781 2087 3349 2173; baseline 0.011 -31"><span class='ocrx_word' id='word_1_526' title='bbox 1781 2087 1941 2155; x_wconf 61' lang='lat' dir='ltr'><strong>leprie</strong></span> <span class='ocrx_word' id='word_1_527' title='bbox 1966 2088 2305 2146; x_wconf 87' lang='lat' dir='ltr'><strong>deformitate</strong></span> <span class='ocrx_word' id='word_1_528' title='bbox 2329 2092 2719 2163; x_wconf 78' lang='lat' dir='ltr'><strong>inundaverat).</strong></span> <span class='ocrx_word' id='word_1_529' title='bbox 2747 2097 2888 2166; x_wconf 88' lang='lat' dir='ltr'><strong>quod</strong></span> <span class='ocrx_word' id='word_1_530' title='bbox 2915 2113 3100 2155; x_wconf 88' lang='lat' dir='ltr'><strong>servus</strong></span> <span class='ocrx_word' id='word_1_531' title='bbox 3125 2118 3349 2173; x_wconf 85' lang='lat' dir='ltr'><strong>nequam</strong></span> 
     </span>
    </p>
   </div>
   <div class='ocr_carea' id='block_1_68' title="bbox 1780 2179 3352 2265">
    <p class='ocr_par' dir='ltr' id='par_1_68' title="bbox 1780 2179 3352 2265">
     <span class='ocr_line' id='line_1_68' title="bbox 1780 2179 3352 2265; baseline 0.012 -32"><span class='ocrx_word' id='word_1_532' title='bbox 1780 2179 2006 2235; x_wconf 70' lang='lat' dir='ltr'><strong>Domino</strong></span> <span class='ocrx_word' id='word_1_533' title='bbox 2048 2196 2146 2237; x_wconf 91' lang='lat' dir='ltr'><strong>suo</strong></span> <span class='ocrx_word' id='word_1_534' title='bbox 2187 2197 2290 2238; x_wconf 95' lang='lat' dir='ltr'><strong>non</strong></span> <span class='ocrx_word' id='word_1_535' title='bbox 2322 2184 2534 2241; x_wconf 88' lang='lat' dir='ltr'><strong>vidente</strong></span> <span class='ocrx_word' id='word_1_536' title='bbox 2576 2187 2804 2244; x_wconf 88' lang='lat' dir='ltr'><strong>latenter</strong></span> <span class='ocrx_word' id='word_1_537' title='bbox 2830 2205 2890 2244; x_wconf 88' lang='lat' dir='ltr'><strong>se</strong></span> <span class='ocrx_word' id='word_1_538' title='bbox 2918 2191 3106 2250; x_wconf 71' lang='lat' dir='ltr'><strong>fet-isse</strong></span> <span class='ocrx_word' id='word_1_539' title='bbox 3137 2206 3352 2265; x_wconf 88' lang='lat' dir='ltr'><strong>putave-</strong></span> 
     </span>
    </p>
   </div>
   <div class='ocr_carea' id='block_1_69' title="bbox 1781 2279 3354 2355">
    <p class='ocr_par' dir='ltr' id='par_1_69' title="bbox 1781 2279 3354 2355">
     <span class='ocr_line' id='line_1_69' title="bbox 1781 2279 3354 2355; baseline 0.017 -31"><span class='ocrx_word' id='word_1_540' title='bbox 1781 2281 1882 2335; x_wconf 88' lang='lat' dir='ltr'><strong>rat.</strong></span> <span class='ocrx_word' id='word_1_541' title='bbox 1914 2284 2112 2342; x_wconf 89' lang='lat' dir='ltr'><strong>quanto</strong></span> <span class='ocrx_word' id='word_1_542' title='bbox 2143 2279 2311 2348; x_wconf 86' lang='lat' dir='ltr'><strong>magis</strong></span> <span class='ocrx_word' id='word_1_543' title='bbox 2352 2279 2404 2334; x_wconf 91' lang='lat' dir='ltr'><strong>in</strong></span> <span class='ocrx_word' id='word_1_544' title='bbox 2447 2280 2537 2334; x_wconf 93' lang='lat' dir='ltr'><strong>illo</strong></span> <span class='ocrx_word' id='word_1_545' title='bbox 2575 2297 2801 2352; x_wconf 85' lang='lat' dir='ltr'><strong>corpore</strong></span> <span class='ocrx_word' id='word_1_546' title='bbox 2845 2287 3070 2355; x_wconf 87' lang='lat' dir='ltr'><strong>spiritali</strong></span> <span class='ocrx_word' id='word_1_547' title='bbox 3101 2292 3354 2350; x_wconf 89' lang='lat' dir='ltr'><strong>videbunt</strong></span> 
     </span>
    </p>
   </div>
   <div class='ocr_carea' id='block_1_70' title="bbox 1781 2366 3348 2447">
    <p class='ocr_par' dir='ltr' id='par_1_70' title="bbox 1781 2366 3348 2447">
     <span class='ocr_line' id='line_1_70' title="bbox 1781 2366 3348 2447; baseline 0.015 -31"><span class='ocrx_word' id='word_1_548' title='bbox 1781 2366 1954 2418; x_wconf 88' lang='lat' dir='ltr'><strong>sancti</strong></span> <span class='ocrx_word' id='word_1_549' title='bbox 1987 2368 2162 2420; x_wconf 87' lang='lat' dir='ltr'><strong>omnia</strong></span> <span class='ocrx_word' id='word_1_550' title='bbox 2182 2409 2198 2435; x_wconf 95' lang='lat'><strong>,</strong></span> <span class='ocrx_word' id='word_1_551' title='bbox 2229 2384 2333 2423; x_wconf 92' lang='lat' dir='ltr'><strong>non</strong></span> <span class='ocrx_word' id='word_1_552' title='bbox 2377 2371 2548 2425; x_wconf 91' lang='lat' dir='ltr'><strong>solum</strong></span> <span class='ocrx_word' id='word_1_553' title='bbox 2580 2372 2623 2426; x_wconf 92' lang='lat' dir='ltr'><strong>si</strong></span> <span class='ocrx_word' id='word_1_554' title='bbox 2651 2375 2829 2430; x_wconf 92' lang='lat' dir='ltr'><strong>oculos</strong></span> <span class='ocrx_word' id='word_1_555' title='bbox 2860 2377 3130 2447; x_wconf 86' lang='lat' dir='ltr'><strong>claudant,</strong></span> <span class='ocrx_word' id='word_1_556' title='bbox 3167 2401 3348 2440; x_wconf 92' lang='lat' dir='ltr'><strong>verum</strong></span> 
     </span>
    </p>
   </div>
   <div class='ocr_carea' id='block_1_71' title="bbox 1778 2456 3347 2533">
    <p class='ocr_par' dir='ltr' id='par_1_71' title="bbox 1778 2456 3347 2533">
     <span class='ocr_line' id='line_1_71' title="bbox 1778 2456 3347 2533; baseline 0.015 -23"><span class='ocrx_word' id='word_1_557' title='bbox 1778 2456 1936 2510; x_wconf 87' lang='lat' dir='ltr'><strong>etiam</strong></span> <span class='ocrx_word' id='word_1_558' title='bbox 1983 2457 2120 2514; x_wconf 85' lang='lat' dir='ltr'><strong>unde</strong></span> <span class='ocrx_word' id='word_1_559' title='bbox 2162 2469 2286 2514; x_wconf 89' lang='lat' dir='ltr'><strong>sunt</strong></span> <span class='ocrx_word' id='word_1_560' title='bbox 2331 2475 2553 2531; x_wconf 90' lang='lat' dir='ltr'><strong>corpore</strong></span> <span class='ocrx_word' id='word_1_561' title='bbox 2585 2463 2866 2525; x_wconf 74' lang='lat' dir='ltr'><strong>absentes?</strong></span> <span class='ocrx_word' id='word_1_562' title='bbox 2896 2469 3042 2526; x_wconf 84' lang='lat' dir='ltr'><strong>Tunc</strong></span> <span class='ocrx_word' id='word_1_563' title='bbox 3072 2474 3215 2530; x_wconf 91' lang='lat' dir='ltr'><strong>enim</strong></span> <span class='ocrx_word' id='word_1_564' title='bbox 3246 2479 3347 2533; x_wconf 77' lang='lat' dir='ltr'><strong>erit</strong></span> 
     </span>
    </p>
   </div>
   <div class='ocr_carea' id='block_1_72' title="bbox 1783 2547 3346 2639">
    <p class='ocr_par' dir='ltr' id='par_1_72' title="bbox 1783 2547 3346 2639">
     <span class='ocr_line' id='line_1_72' title="bbox 1783 2547 3346 2639; baseline 0.015 -39"><span class='ocrx_word' id='word_1_565' title='bbox 1783 2547 2074 2614; x_wconf 91' lang='lat' dir='ltr'><strong>perfectum</strong></span> <span class='ocrx_word' id='word_1_566' title='bbox 2101 2549 2252 2618; x_wconf 86' lang='lat' dir='ltr'><strong>illud,</strong></span> <span class='ocrx_word' id='word_1_567' title='bbox 2280 2551 2346 2607; x_wconf 91' lang='lat' dir='ltr'><strong>de</strong></span> <span class='ocrx_word' id='word_1_568' title='bbox 2375 2568 2482 2621; x_wconf 89' lang='lat' dir='ltr'><strong>quo</strong></span> <span class='ocrx_word' id='word_1_569' title='bbox 2509 2553 2731 2624; x_wconf 87' lang='lat' dir='ltr'><strong>loquens</strong></span> <span class='ocrx_word' id='word_1_570' title='bbox 2760 2561 3044 2627; x_wconf 65' lang='lat' dir='ltr'><strong>Apostolus</strong></span> <span class='ocrx_word' id='word_1_571' title='bbox 3072 2579 3086 2618; x_wconf 89' lang='lat'>:</span> <span class='ocrx_word' id='word_1_572' title='bbox 3123 2565 3198 2620; x_wconf 76' lang='lat' dir='ltr'><strong>Ex</strong></span> <span class='ocrx_word' id='word_1_573' title='bbox 3229 2584 3346 2639; x_wconf 85' lang='lat' dir='ltr'><strong>par-</strong></span> 
     </span>
    </p>
   </div>
   <div class='ocr_carea' id='block_1_73' title="bbox 1781 2638 3353 2720">
    <p class='ocr_par' dir='ltr' id='par_1_73' title="bbox 1781 2638 3353 2720">
     <span class='ocr_line' id='line_1_73' title="bbox 1781 2638 3353 2720; baseline 0.017 -31"><span class='ocrx_word' id='word_1_574' title='bbox 1781 2647 1852 2702; x_wconf 90' lang='lat' dir='ltr'><strong>te,</strong></span> <span class='ocrx_word' id='word_1_575' title='bbox 1880 2638 2071 2709; x_wconf 91' lang='lat' dir='ltr'><strong>inquit,</strong></span> <span class='ocrx_word' id='word_1_576' title='bbox 2095 2642 2314 2712; x_wconf 89' lang='lat' dir='ltr'><strong>scimus,</strong></span> <span class='ocrx_word' id='word_1_577' title='bbox 2341 2651 2395 2699; x_wconf 89' lang='lat' dir='ltr'><strong>et</strong></span> <span class='ocrx_word' id='word_1_578' title='bbox 2421 2659 2483 2699; x_wconf 81' lang='lat' dir='ltr'><strong>ex</strong></span> <span class='ocrx_word' id='word_1_579' title='bbox 2515 2657 2664 2714; x_wconf 88' lang='lat' dir='ltr'><strong>parte</strong></span> <span class='ocrx_word' id='word_1_580' title='bbox 2693 2648 3089 2720; x_wconf 71' lang='lat' dir='ltr'><strong>preplieta-nus,</strong></span> <span class='ocrx_word' id='word_1_581' title='bbox 3115 2638 3238 2710; x_wconf 9' lang='lat' dir='ltr'><strong>cum,</strong></span> <span class='ocrx_word' id='word_1_582' title='bbox 3262 2677 3353 2715; x_wconf 85' lang='lat' dir='ltr'><strong>au-</strong></span> 
     </span>
    </p>
   </div>
   <div class='ocr_carea' id='block_1_74' title="bbox 1781 2733 3356 2816">
    <p class='ocr_par' dir='ltr' id='par_1_74' title="bbox 1781 2733 3356 2816">
     <span class='ocr_line' id='line_1_74' title="bbox 1781 2733 3356 2816; baseline 0.017 -35"><span class='ocrx_word' id='word_1_583' title='bbox 1781 2738 1884 2785; x_wconf 91' lang='lat' dir='ltr'><strong>tem</strong></span> <span class='ocrx_word' id='word_1_584' title='bbox 1929 2733 2134 2787; x_wconf 85' lang='lat' dir='ltr'><strong>venerit</strong></span> <span class='ocrx_word' id='word_1_585' title='bbox 2177 2735 2315 2800; x_wconf 88' lang='lat' dir='ltr'><strong>quod</strong></span> <span class='ocrx_word' id='word_1_586' title='bbox 2360 2739 2646 2805; x_wconf 81' lang='lat' dir='ltr'><strong>perfectum</strong></span> <span class='ocrx_word' id='word_1_587' title='bbox 2694 2751 2795 2804; x_wconf 71' lang='grc' dir='ltr'><strong>εει,</strong></span> <span class='ocrx_word' id='word_1_588' title='bbox 2825 2745 2966 2812; x_wconf 88' lang='lat' dir='ltr'><strong>quod</strong></span> <span class='ocrx_word' id='word_1_589' title='bbox 2997 2760 3058 2800; x_wconf 79' lang='lat' dir='ltr'><strong>ex</strong></span> <span class='ocrx_word' id='word_1_590' title='bbox 3094 2759 3241 2816; x_wconf 87' lang='lat' dir='ltr'><strong>parte</strong></span> <span class='ocrx_word' id='word_1_591' title='bbox 3271 2763 3356 2809; x_wconf 88' lang='lat' dir='ltr'><strong>est</strong></span> 
     </span>
    </p>
   </div>
   <div class='ocr_carea' id='block_1_75' title="bbox 1777 2827 3354 2927">
    <p class='ocr_par' dir='ltr' id='par_1_75' title="bbox 1777 2827 3354 2927">
     <span class='ocr_line' id='line_1_75' title="bbox 1777 2827 3354 2927; baseline 0.011 -47"><span class='ocrx_word' id='word_1_592' title='bbox 1777 2827 2138 2883; x_wconf 63' lang='lat' dir='ltr'><strong>ex&#39;acuabitur.</strong></span> <span class='ocrx_word' id='word_1_593' title='bbox 2168 2830 2366 2886; x_wconf 71' lang='lat' dir='ltr'><strong>Deinde</strong></span> <span class='ocrx_word' id='word_1_594' title='bbox 2396 2843 2452 2887; x_wconf 90' lang='lat' dir='ltr'><strong>ut</strong></span> <span class='ocrx_word' id='word_1_595' title='bbox 2480 2835 2746 2903; x_wconf 85' lang='lat' dir='ltr'><strong>quomolo</strong></span> <span class='ocrx_word' id='word_1_596' title='bbox 2779 2849 2957 2906; x_wconf 79' lang='lat' dir='ltr'><strong>posset</strong></span> <span class='ocrx_word' id='word_1_597' title='bbox 2985 2839 3155 2908; x_wconf 65' lang='lat' dir='ltr'><strong>aliqua</strong></span> <span class='ocrx_word' id='word_1_598' title='bbox 3181 2842 3354 2927; x_wconf 57' lang='lat' dir='ltr'><strong>.simi-</strong></span> 
     </span>
    </p>
   </div>
   <div class='ocr_carea' id='block_1_76' title="bbox 1778 2914 3355 2996">
    <p class='ocr_par' dir='ltr' id='par_1_76' title="bbox 1778 2914 3355 2996">
     <span class='ocr_line' id='line_1_76' title="bbox 1778 2914 3355 2996; baseline 0.013 -28"><span class='ocrx_word' id='word_1_599' title='bbox 1778 2914 1997 2971; x_wconf 90' lang='lat' dir='ltr'><strong>litudine</strong></span> <span class='ocrx_word' id='word_1_600' title='bbox 2027 2920 2367 2988; x_wconf 86' lang='lat' dir='ltr'><strong>ostenderet,</strong></span> <span class='ocrx_word' id='word_1_601' title='bbox 2401 2933 2652 2991; x_wconf 91' lang='lat' dir='ltr'><strong>quantum</strong></span> <span class='ocrx_word' id='word_1_602' title='bbox 2694 2925 2760 2979; x_wconf 87' lang='lat' dir='ltr'><strong>ab</strong></span> <span class='ocrx_word' id='word_1_603' title='bbox 2803 2927 2885 2980; x_wconf 89' lang='lat' dir='ltr'><strong>illa</strong></span> <span class='ocrx_word' id='word_1_604' title='bbox 2918 2943 3034 2996; x_wconf 70' lang='lat' dir='ltr'><strong>qua:</strong></span> <span class='ocrx_word' id='word_1_605' title='bbox 3066 2914 3235 2984; x_wconf 51' lang='lat' dir='ltr'><strong>futuis</strong></span> <span class='ocrx_word' id='word_1_606' title='bbox 3267 2944 3355 2988; x_wconf 81' lang='lat' dir='ltr'><strong>est</strong></span> 
     </span>
    </p>
   </div>
   <div class='ocr_carea' id='block_1_77' title="bbox 1775 3007 3345 3086">
    <p class='ocr_par' dir='ltr' id='par_1_77' title="bbox 1775 3007 3345 3086">
     <span class='ocr_line' id='line_1_77' title="bbox 1775 3007 3345 3086; baseline 0.011 -25"><span class='ocrx_word' id='word_1_607' title='bbox 1775 3007 1932 3064; x_wconf 90' lang='lat' dir='ltr'><strong>distet</strong></span> <span class='ocrx_word' id='word_1_608' title='bbox 1955 3008 2067 3065; x_wconf 64' lang='lat' dir='ltr'><strong>haec</strong></span> <span class='ocrx_word' id='word_1_609' title='bbox 2085 3011 2211 3077; x_wconf 87' lang='lat' dir='ltr'><strong>vita,</strong></span> <span class='ocrx_word' id='word_1_610' title='bbox 2234 3027 2337 3067; x_wconf 92' lang='lat' dir='ltr'><strong>non</strong></span> <span class='ocrx_word' id='word_1_611' title='bbox 2355 3015 2798 3086; x_wconf 83' lang='lat' dir='ltr'><strong>qualinmrunque</strong></span> <span class='ocrx_word' id='word_1_612' title='bbox 2817 3018 3110 3085; x_wconf 86' lang='lat' dir='ltr'><strong>hominum,</strong></span> <span class='ocrx_word' id='word_1_613' title='bbox 3135 3039 3345 3078; x_wconf 84' lang='lat' dir='ltr'><strong>verunt-</strong></span> 
     </span>
    </p>
   </div>
   <div class='ocr_carea' id='block_1_78' title="bbox 1703 3089 3348 3181">
    <p class='ocr_par' dir='ltr' id='par_1_78' title="bbox 1703 3089 3348 3181">
     <span class='ocr_line' id='line_1_78' title="bbox 1703 3089 3348 3181; baseline 0.013 -30"><span class='ocrx_word' id='word_1_614' title='bbox 1703 3089 1747 3151; x_wconf 90' lang='lat' dir='ltr'><strong>C</strong></span> <span class='ocrx_word' id='word_1_615' title='bbox 1779 3099 1936 3155; x_wconf 88' lang='lat' dir='ltr'><strong>etiam</strong></span> <span class='ocrx_word' id='word_1_616' title='bbox 1967 3103 2056 3170; x_wconf 90' lang='lat' dir='ltr'><strong>qui</strong></span> <span class='ocrx_word' id='word_1_617' title='bbox 2091 3104 2359 3174; x_wconf 67' lang='lat' dir='ltr'><strong>praecipua</strong></span> <span class='ocrx_word' id='word_1_618' title='bbox 2393 3105 2476 3161; x_wconf 91' lang='lat' dir='ltr'><strong>hic</strong></span> <span class='ocrx_word' id='word_1_619' title='bbox 2505 3109 2785 3164; x_wconf 81' lang='lat' dir='ltr'><strong>sanctitate</strong></span> <span class='ocrx_word' id='word_1_620' title='bbox 2815 3123 2935 3165; x_wconf 88' lang='lat' dir='ltr'><strong>sunt</strong></span> <span class='ocrx_word' id='word_1_621' title='bbox 2963 3114 3187 3181; x_wconf 59' lang='lat' dir='ltr'><strong>praediti.</strong></span> <span class='ocrx_word' id='word_1_622' title='bbox 3216 3113 3348 3172; x_wconf 86' lang='lat' dir='ltr'><strong>Cum</strong></span> 
     </span>
    </p>
   </div>
   <div class='ocr_carea' id='block_1_79' title="bbox 1785 3193 3352 3276">
    <p class='ocr_par' dir='ltr' id='par_1_79' title="bbox 1785 3193 3352 3276">
     <span class='ocr_line' id='line_1_79' title="bbox 1785 3193 3352 3276; baseline 0.011 -29"><span class='ocrx_word' id='word_1_623' title='bbox 1785 3207 1986 3256; x_wconf 85' lang='lat' dir='ltr'><strong>essem,</strong></span> <span class='ocrx_word' id='word_1_624' title='bbox 2020 3193 2220 3264; x_wconf 89' lang='lat' dir='ltr'><strong>inquit,</strong></span> <span class='ocrx_word' id='word_1_625' title='bbox 2255 3197 2536 3266; x_wconf 87' lang='lat' dir='ltr'><strong>parvulus,</strong></span> <span class='ocrx_word' id='word_1_626' title='bbox 2567 3201 2716 3270; x_wconf 90' lang='lat' dir='ltr'><strong>quasi</strong></span> <span class='ocrx_word' id='word_1_627' title='bbox 2761 3203 3007 3270; x_wconf 80' lang='lat' dir='ltr'><strong>parvulus</strong></span> <span class='ocrx_word' id='word_1_628' title='bbox 3050 3205 3352 3276; x_wconf 85' lang='lat' dir='ltr'><strong>sapiebam,</strong></span> 
     </span>
    </p>
   </div>
   <div class='ocr_carea' id='block_1_80' title="bbox 1756 3287 3353 3368">
    <p class='ocr_par' dir='ltr' id='par_1_80' title="bbox 1756 3287 3353 3368">
     <span class='ocr_line' id='line_1_80' title="bbox 1756 3287 3353 3368; baseline 0.012 -31"><span class='ocrx_word' id='word_1_629' title='bbox 1756 3287 1931 3352; x_wconf 56' lang='lat' dir='ltr'><strong>,quasi</strong></span> <span class='ocrx_word' id='word_1_630' title='bbox 1963 3287 2213 3354; x_wconf 87' lang='lat' dir='ltr'><strong>parvulus</strong></span> <span class='ocrx_word' id='word_1_631' title='bbox 2245 3289 2519 3360; x_wconf 76' lang='lat' dir='ltr'><strong>loquebar,</strong></span> <span class='ocrx_word' id='word_1_632' title='bbox 2552 3293 2700 3360; x_wconf 86' lang='lat' dir='ltr'><strong>quasi</strong></span> <span class='ocrx_word' id='word_1_633' title='bbox 2744 3296 2993 3361; x_wconf 84' lang='lat' dir='ltr'><strong>parvulus</strong></span> <span class='ocrx_word' id='word_1_634' title='bbox 3022 3298 3353 3368; x_wconf 84' lang='lat' dir='ltr'><strong>cogitabam;</strong></span> 
     </span>
    </p>
   </div>
   <div class='ocr_carea' id='block_1_81' title="bbox 1783 3372 3356 3460">
    <p class='ocr_par' dir='ltr' id='par_1_81' title="bbox 1783 3372 3356 3460">
     <span class='ocr_line' id='line_1_81' title="bbox 1783 3372 3356 3460; baseline 0.014 -32"><span class='ocrx_word' id='word_1_635' title='bbox 1783 3390 1901 3430; x_wconf 90' lang='lat' dir='ltr'><strong>cum</strong></span> <span class='ocrx_word' id='word_1_636' title='bbox 1937 3385 2110 3432; x_wconf 86' lang='lat' dir='ltr'><strong>autem</strong></span> <span class='ocrx_word' id='word_1_637' title='bbox 2142 3372 2309 3436; x_wconf 76' lang='lat' dir='ltr'><strong>factos</strong></span> <span class='ocrx_word' id='word_1_638' title='bbox 2339 3396 2456 3436; x_wconf 88' lang='lat' dir='ltr'><strong>sum</strong></span> <span class='ocrx_word' id='word_1_639' title='bbox 2495 3383 2592 3447; x_wconf 89' lang='lat' dir='ltr'><strong>vir,</strong></span> <span class='ocrx_word' id='word_1_640' title='bbox 2630 3385 2882 3441; x_wconf 78' lang='lat' dir='ltr'><strong>evneuavi</strong></span> <span class='ocrx_word' id='word_1_641' title='bbox 2913 3401 2973 3442; x_wconf 86' lang='lat' dir='ltr'><strong>ea</strong></span> <span class='ocrx_word' id='word_1_642' title='bbox 3002 3405 3118 3457; x_wconf 73' lang='lat' dir='ltr'><strong>qua:</strong></span> <span class='ocrx_word' id='word_1_643' title='bbox 3143 3395 3356 3460; x_wconf 84' lang='lat' dir='ltr'><strong>parvuli</strong></span> 
     </span>
    </p>
   </div>
   <div class='ocr_carea' id='block_1_82' title="bbox 1781 3466 3356 3551">
    <p class='ocr_par' dir='ltr' id='par_1_82' title="bbox 1781 3466 3356 3551">
     <span class='ocr_line' id='line_1_82' title="bbox 1781 3466 3356 3551; baseline 0.011 -30"><span class='ocrx_word' id='word_1_644' title='bbox 1781 3477 1952 3521; x_wconf 90' lang='lat' dir='ltr'><strong>erant.</strong></span> <span class='ocrx_word' id='word_1_645' title='bbox 2002 3466 2258 3524; x_wconf 83' lang='lat' dir='ltr'><strong>Videmus</strong></span> <span class='ocrx_word' id='word_1_646' title='bbox 2306 3487 2445 3527; x_wconf 79' lang='lat' dir='ltr'><strong>nunc</strong></span> <span class='ocrx_word' id='word_1_647' title='bbox 2496 3489 2590 3542; x_wconf 89' lang='lat' dir='ltr'><strong>per</strong></span> <span class='ocrx_word' id='word_1_648' title='bbox 2630 3477 2900 3544; x_wconf 82' lang='lat' dir='ltr'><strong>speculum</strong></span> <span class='ocrx_word' id='word_1_649' title='bbox 2946 3479 2998 3533; x_wconf 93' lang='lat' dir='ltr'><strong>in</strong></span> <span class='ocrx_word' id='word_1_650' title='bbox 3046 3481 3356 3551; x_wconf 69' lang='lat' dir='ltr'><strong>aenigmate,</strong></span> 
     </span>
    </p>
   </div>
   <div class='ocr_carea' id='block_1_83' title="bbox 1782 3560 3357 3640">
    <p class='ocr_par' dir='ltr' id='par_1_83' title="bbox 1782 3560 3357 3640">
     <span class='ocr_line' id='line_1_83' title="bbox 1782 3560 3357 3640; baseline 0.013 -30"><span class='ocrx_word' id='word_1_651' title='bbox 1782 3567 1909 3612; x_wconf 89' lang='lat' dir='ltr'><strong>tunc</strong></span> <span class='ocrx_word' id='word_1_652' title='bbox 1935 3568 2109 3614; x_wconf 89' lang='lat' dir='ltr'><strong>autem</strong></span> <span class='ocrx_word' id='word_1_653' title='bbox 2142 3560 2274 3616; x_wconf 88' lang='lat' dir='ltr'><strong>facie</strong></span> <span class='ocrx_word' id='word_1_654' title='bbox 2302 3563 2366 3616; x_wconf 90' lang='lat' dir='ltr'><strong>ad</strong></span> <span class='ocrx_word' id='word_1_655' title='bbox 2398 3563 2617 3630; x_wconf 73' lang='lat' dir='ltr'><strong>faciem;</strong></span> <span class='ocrx_word' id='word_1_656' title='bbox 2650 3582 2788 3620; x_wconf 92' lang='lat' dir='ltr'><strong>nunc</strong></span> <span class='ocrx_word' id='word_1_657' title='bbox 2811 3568 2923 3622; x_wconf 89' lang='lat' dir='ltr'><strong>scio</strong></span> <span class='ocrx_word' id='word_1_658' title='bbox 2947 3584 3011 3624; x_wconf 83' lang='lat' dir='ltr'><strong>ex</strong></span> <span class='ocrx_word' id='word_1_659' title='bbox 3043 3582 3210 3640; x_wconf 83' lang='lat' dir='ltr'><strong>parte,</strong></span> <span class='ocrx_word' id='word_1_660' title='bbox 3235 3585 3357 3631; x_wconf 90' lang='lat' dir='ltr'><strong>tunc</strong></span> 
     </span>
    </p>
   </div>
   <div class='ocr_carea' id='block_1_84' title="bbox 1781 3658 3352 3740">
    <p class='ocr_par' dir='ltr' id='par_1_84' title="bbox 1781 3658 3352 3740">
     <span class='ocr_line' id='line_1_84' title="bbox 1781 3658 3352 3740; baseline 0.013 -35"><span class='ocrx_word' id='word_1_661' title='bbox 1781 3663 1954 3708; x_wconf 89' lang='lat' dir='ltr'><strong>autem</strong></span> <span class='ocrx_word' id='word_1_662' title='bbox 1985 3669 2302 3725; x_wconf 86' lang='lat' dir='ltr'><strong>cognoscam</strong></span> <span class='ocrx_word' id='word_1_663' title='bbox 2336 3658 2474 3713; x_wconf 87' lang='lat' dir='ltr'><strong>sicut</strong></span> <span class='ocrx_word' id='word_1_664' title='bbox 2517 3669 2570 3714; x_wconf 91' lang='lat' dir='ltr'><strong>et</strong></span> <span class='ocrx_word' id='word_1_665' title='bbox 2618 3661 2860 3730; x_wconf 85' lang='lat' dir='ltr'><strong>cognitus</strong></span> <span class='ocrx_word' id='word_1_666' title='bbox 2892 3677 3028 3719; x_wconf 89' lang='lat' dir='ltr'><strong>sum.</strong></span> <span class='ocrx_word' id='word_1_667' title='bbox 3060 3666 3115 3722; x_wconf 92' lang='lat' dir='ltr'><strong>Si</strong></span> <span class='ocrx_word' id='word_1_668' title='bbox 3145 3681 3272 3740; x_wconf 79' lang='lat' dir='ltr'><strong>ergo</strong></span> <span class='ocrx_word' id='word_1_669' title='bbox 3301 3670 3352 3724; x_wconf 87' lang='lat' dir='ltr'><strong>in</strong></span> 
     </span>
    </p>
   </div>
   <div class='ocr_carea' id='block_1_85' title="bbox 1783 3744 3356 3825">
    <p class='ocr_par' dir='ltr' id='par_1_85' title="bbox 1783 3744 3356 3825">
     <span class='ocr_line' id='line_1_85' title="bbox 1783 3744 3356 3825; baseline 0.013 -28"><span class='ocrx_word' id='word_1_670' title='bbox 1783 3744 1882 3799; x_wconf 86' lang='lat' dir='ltr'><strong>hac</strong></span> <span class='ocrx_word' id='word_1_671' title='bbox 1932 3747 2078 3810; x_wconf 87' lang='lat' dir='ltr'><strong>vita,</strong></span> <span class='ocrx_word' id='word_1_672' title='bbox 2128 3747 2217 3802; x_wconf 91' lang='lat' dir='ltr'><strong>ubi</strong></span> <span class='ocrx_word' id='word_1_673' title='bbox 2266 3745 2542 3804; x_wconf 76' lang='lat' dir='ltr'><strong>hominum</strong></span> <span class='ocrx_word' id='word_1_674' title='bbox 2594 3752 2912 3808; x_wconf 89' lang='lat' dir='ltr'><strong>mirabilium</strong></span> <span class='ocrx_word' id='word_1_675' title='bbox 2966 3757 3237 3825; x_wconf 83' lang='lat' dir='ltr'><strong>prOphetia</strong></span> <span class='ocrx_word' id='word_1_676' title='bbox 3286 3762 3356 3818; x_wconf 88' lang='lat' dir='ltr'><strong>ita</strong></span> 
     </span>
    </p>
   </div>
   <div class='ocr_carea' id='block_1_86' title="bbox 1780 3837 3355 3919">
    <p class='ocr_par' dir='ltr' id='par_1_86' title="bbox 1780 3837 3355 3919">
     <span class='ocr_line' id='line_1_86' title="bbox 1780 3837 3355 3919; baseline 0.011 -26"><span class='ocrx_word' id='word_1_677' title='bbox 1780 3837 2138 3907; x_wconf 78' lang='lat' dir='ltr'><strong>comparanda</strong></span> <span class='ocrx_word' id='word_1_678' title='bbox 2171 3851 2253 3896; x_wconf 80' lang='lat' dir='ltr'><strong>est</strong></span> <span class='ocrx_word' id='word_1_679' title='bbox 2283 3841 2297 3894; x_wconf 87' lang='lat' dir='ltr'><strong>i</strong></span> <span class='ocrx_word' id='word_1_680' title='bbox 2324 3842 2356 3895; x_wconf 92' lang='lat' dir='ltr'><strong>li</strong></span> <span class='ocrx_word' id='word_1_681' title='bbox 2392 3846 2543 3908; x_wconf 67' lang='lat' dir='ltr'><strong>v&#39;tte,</strong></span> <span class='ocrx_word' id='word_1_682' title='bbox 2575 3844 2724 3912; x_wconf 89' lang='lat' dir='ltr'><strong>quasi</strong></span> <span class='ocrx_word' id='word_1_683' title='bbox 2759 3847 2957 3912; x_wconf 87' lang='lat' dir='ltr'><strong>parvuli</strong></span> <span class='ocrx_word' id='word_1_684' title='bbox 2989 3849 3052 3901; x_wconf 88' lang='lat' dir='ltr'><strong>ad</strong></span> <span class='ocrx_word' id='word_1_685' title='bbox 3078 3849 3355 3919; x_wconf 73' lang='lat' dir='ltr'><strong>juvenem.</strong></span> 
     </span>
    </p>
   </div>
   <div class='ocr_carea' id='block_1_87' title="bbox 1782 3926 3353 4000">
    <p class='ocr_par' dir='ltr' id='par_1_87' title="bbox 1782 3926 3353 4000">
     <span class='ocr_line' id='line_1_87' title="bbox 1782 3926 3353 4000; baseline 0.011 -21"><span class='ocrx_word' id='word_1_686' title='bbox 1782 3926 1921 3982; x_wconf 73' lang='lat' dir='ltr'><strong>Vidit</strong></span> <span class='ocrx_word' id='word_1_687' title='bbox 1968 3938 2147 3982; x_wconf 82' lang='lat' dir='ltr'><strong>tamen</strong></span> <span class='ocrx_word' id='word_1_688' title='bbox 2195 3930 2405 3984; x_wconf 83' lang='lat' dir='ltr'><strong>Eliseus</strong></span> <span class='ocrx_word' id='word_1_689' title='bbox 2462 3933 2808 4000; x_wconf 87' lang='lat' dir='ltr'><strong>accipientem</strong></span> <span class='ocrx_word' id='word_1_690' title='bbox 2868 3951 3086 3991; x_wconf 78' lang='lat' dir='ltr'><strong>munera</strong></span> <span class='ocrx_word' id='word_1_691' title='bbox 3140 3955 3353 3998; x_wconf 86' lang='lat' dir='ltr'><strong>servum</strong></span> 
     </span>
    </p>
   </div>
   <div class='ocr_carea' id='block_1_88' title="bbox 1778 4015 3353 4102">
    <p class='ocr_par' dir='ltr' id='par_1_88' title="bbox 1778 4015 3353 4102">
     <span class='ocr_line' id='line_1_88' title="bbox 1778 4015 3353 4102; baseline 0.012 -32"><span class='ocrx_word' id='word_1_692' title='bbox 1778 4029 1956 4083; x_wconf 88' lang='lat' dir='ltr'><strong>suum,</strong></span> <span class='ocrx_word' id='word_1_693' title='bbox 1987 4018 2074 4072; x_wconf 89' lang='lat' dir='ltr'><strong>ubi</strong></span> <span class='ocrx_word' id='word_1_694' title='bbox 2123 4019 2238 4088; x_wconf 87' lang='lat' dir='ltr'><strong>ipse</strong></span> <span class='ocrx_word' id='word_1_695' title='bbox 2280 4035 2384 4074; x_wconf 91' lang='lat' dir='ltr'><strong>non</strong></span> <span class='ocrx_word' id='word_1_696' title='bbox 2435 4029 2582 4085; x_wconf 89' lang='lat' dir='ltr'><strong>erat;</strong></span> <span class='ocrx_word' id='word_1_697' title='bbox 2634 4022 2772 4079; x_wconf 87' lang='lat' dir='ltr'><strong>itane</strong></span> <span class='ocrx_word' id='word_1_698' title='bbox 2831 4039 2949 4080; x_wconf 85' lang='lat' dir='ltr'><strong>cum</strong></span> <span class='ocrx_word' id='word_1_699' title='bbox 2981 4015 3187 4085; x_wconf 76' lang='lat' dir='ltr'><strong>venerit</strong></span> <span class='ocrx_word' id='word_1_700' title='bbox 3215 4035 3353 4102; x_wconf 85' lang='lat' dir='ltr'><strong>quod</strong></span> 
     </span>
    </p>
   </div>
   <div class='ocr_carea' id='block_1_89' title="bbox 1778 4108 3340 4192">
    <p class='ocr_par' dir='ltr' id='par_1_89' title="bbox 1778 4108 3340 4192">
     <span class='ocr_line' id='line_1_89' title="bbox 1778 4108 3340 4192; baseline 0.011 -31"><span class='ocrx_word' id='word_1_701' title='bbox 1778 4108 2063 4173; x_wconf 85' lang='lat' dir='ltr'><strong>perfectum</strong></span> <span class='ocrx_word' id='word_1_702' title='bbox 2096 4117 2202 4174; x_wconf 89' lang='lat' dir='ltr'><strong>est,</strong></span> <span class='ocrx_word' id='word_1_703' title='bbox 2234 4127 2329 4164; x_wconf 89' lang='lat' dir='ltr'><strong>nec</strong></span> <span class='ocrx_word' id='word_1_704' title='bbox 2353 4109 2463 4180; x_wconf 82' lang='lat' dir='ltr'><strong>jam</strong></span> <span class='ocrx_word' id='word_1_705' title='bbox 2493 4127 2686 4180; x_wconf 85' lang='lat' dir='ltr'><strong>corpus</strong></span> <span class='ocrx_word' id='word_1_706' title='bbox 2720 4118 3063 4186; x_wconf 82' lang='lat' dir='ltr'><strong>eorruptibile</strong></span> <span class='ocrx_word' id='word_1_707' title='bbox 3089 4136 3340 4192; x_wconf 84' lang='lat' dir='ltr'><strong>aggrava-</strong></span> 
     </span>
    </p>
   </div>
   <div class='ocr_carea' id='block_1_90' title="bbox 1779 4199 3354 4286">
    <p class='ocr_par' dir='ltr' id='par_1_90' title="bbox 1779 4199 3354 4286">
     <span class='ocr_line' id='line_1_90' title="bbox 1779 4199 3354 4286; baseline 0.014 -35"><span class='ocrx_word' id='word_1_708' title='bbox 1779 4199 1854 4254; x_wconf 83' lang='lat' dir='ltr'><strong>bit</strong></span> <span class='ocrx_word' id='word_1_709' title='bbox 1901 4202 2164 4266; x_wconf 89' lang='lat' dir='ltr'><strong>animam.</strong></span> <span class='ocrx_word' id='word_1_710' title='bbox 2199 4203 2291 4258; x_wconf 88' lang='lat' dir='ltr'><strong>sed</strong></span> <span class='ocrx_word' id='word_1_711' title='bbox 2343 4205 2742 4275; x_wconf 87' lang='lat' dir='ltr'><strong>incorruptibile</strong></span> <span class='ocrx_word' id='word_1_712' title='bbox 2791 4210 2921 4266; x_wconf 89' lang='lat' dir='ltr'><strong>nihil</strong></span> <span class='ocrx_word' id='word_1_713' title='bbox 2955 4214 3227 4286; x_wconf 89' lang='lat' dir='ltr'><strong>impediet,</strong></span> <span class='ocrx_word' id='word_1_714' title='bbox 3277 4219 3354 4281; x_wconf 87' lang='lat' dir='ltr'><strong>illi</strong></span> 
     </span>
    </p>
   </div>
   <div class='ocr_carea' id='block_1_91' title="bbox 1778 4293 3347 4374">
    <p class='ocr_par' dir='ltr' id='par_1_91' title="bbox 1778 4293 3347 4374">
     <span class='ocr_line' id='line_1_91' title="bbox 1778 4293 3347 4374; baseline 0.012 -27"><span class='ocrx_word' id='word_1_715' title='bbox 1778 4293 1945 4349; x_wconf 90' lang='lat' dir='ltr'><strong>sancti</strong></span> <span class='ocrx_word' id='word_1_716' title='bbox 1977 4294 2040 4348; x_wconf 92' lang='lat' dir='ltr'><strong>ad</strong></span> <span class='ocrx_word' id='word_1_717' title='bbox 2068 4310 2128 4349; x_wconf 82' lang='lat' dir='ltr'><strong>ca</strong></span> <span class='ocrx_word' id='word_1_718' title='bbox 2160 4311 2277 4366; x_wconf 73' lang='lat' dir='ltr'><strong>qua:</strong></span> <span class='ocrx_word' id='word_1_719' title='bbox 2306 4298 2530 4352; x_wconf 87' lang='lat' dir='ltr'><strong>videnda</strong></span> <span class='ocrx_word' id='word_1_720' title='bbox 2561 4310 2712 4366; x_wconf 89' lang='lat' dir='ltr'><strong>sunt,</strong></span> <span class='ocrx_word' id='word_1_721' title='bbox 2737 4303 2906 4357; x_wconf 90' lang='lat' dir='ltr'><strong>oculis</strong></span> <span class='ocrx_word' id='word_1_722' title='bbox 2928 4310 3200 4374; x_wconf 88' lang='lat' dir='ltr'><strong>corporeis</strong></span> <span class='ocrx_word' id='word_1_723' title='bbox 3236 4313 3347 4374; x_wconf 84' lang='lat' dir='ltr'><strong>qui-</strong></span> 
     </span>
    </p>
   </div>
   <div class='ocr_carea' id='block_1_92' title="bbox 1779 4384 3350 4457">
    <p class='ocr_par' dir='ltr' id='par_1_92' title="bbox 1779 4384 3350 4457">
     <span class='ocr_line' id='line_1_92' title="bbox 1779 4384 3350 4457; baseline 0.014 -22"><span class='ocrx_word' id='word_1_724' title='bbox 1779 4384 1876 4438; x_wconf 88' lang='lat' dir='ltr'><strong>bus</strong></span> <span class='ocrx_word' id='word_1_725' title='bbox 1905 4384 2112 4440; x_wconf 85' lang='lat' dir='ltr'><strong>Eliseus</strong></span> <span class='ocrx_word' id='word_1_726' title='bbox 2141 4386 2336 4441; x_wconf 89' lang='lat' dir='ltr'><strong>absens</strong></span> <span class='ocrx_word' id='word_1_727' title='bbox 2376 4387 2441 4441; x_wconf 85' lang='lat' dir='ltr'><strong>ad</strong></span> <span class='ocrx_word' id='word_1_728' title='bbox 2488 4402 2700 4444; x_wconf 88' lang='lat' dir='ltr'><strong>servum</strong></span> <span class='ocrx_word' id='word_1_729' title='bbox 2747 4405 2900 4446; x_wconf 90' lang='lat' dir='ltr'><strong>suum</strong></span> <span class='ocrx_word' id='word_1_730' title='bbox 2929 4395 3212 4452; x_wconf 88' lang='lat' dir='ltr'><strong>videndum</strong></span> <span class='ocrx_word' id='word_1_731' title='bbox 3245 4416 3350 4457; x_wconf 82' lang='lat' dir='ltr'><strong>non</strong></span> 
     </span>
    </p>
   </div>
   <div class='ocr_carea' id='block_1_93' title="bbox 88 4460 3348 4560">
    <p class='ocr_par' dir='ltr' id='par_1_93' title="bbox 88 4460 3348 4560">
     <span class='ocr_line' id='line_1_93' title="bbox 88 4460 3348 4560; baseline 0.012 -51"><span class='ocrx_word' id='word_1_732' title='bbox 88 4460 170 4536; x_wconf 47' lang='lat' dir='ltr'><strong>tu</strong></span> <span class='ocrx_word' id='word_1_733' title='bbox 211 4460 375 4553; x_wconf 53' lang='lat' dir='ltr'><strong>“(me</strong></span> <span class='ocrx_word' id='word_1_734' title='bbox 403 4460 739 4553; x_wconf 36' lang='lat' dir='ltr'><strong>dulc’mima’</strong></span> <span class='ocrx_word' id='word_1_735' title='bbox 769 4484 835 4542; x_wconf 71' lang='lat' dir='ltr'><strong>de</strong></span> <span class='ocrx_word' id='word_1_736' title='bbox 873 4502 974 4556; x_wconf 64' lang='lat' dir='ltr'><strong>qua</strong></span> <span class='ocrx_word' id='word_1_737' title='bbox 1009 4460 1119 4556; x_wconf 51' lang='lat' dir='ltr'><strong>iam</strong></span> <span class='ocrx_word' id='word_1_738' title='bbox 1154 4496 1232 4542; x_wconf 81' lang='grc' dir='ltr'>ιοι</span> <span class='ocrx_word' id='word_1_739' title='bbox 1259 4488 1424 4544; x_wconf 65' lang='grc' dir='ltr'><strong>πίω-οε</strong></span> <span class='ocrx_word' id='word_1_740' title='bbox 1453 4491 1669 4560; x_wconf 65' lang='lat' dir='ltr'><strong>scripsi-</strong></span> <span class='ocrx_word' id='word_1_741' title='bbox 1701 4460 1748 4520; x_wconf 80' lang='lat' dir='ltr'><strong>D</strong></span> <span class='ocrx_word' id='word_1_742' title='bbox 1777 4477 2002 4548; x_wconf 88' lang='lat' dir='ltr'><strong>indiguit</strong></span> <span class='ocrx_word' id='word_1_743' title='bbox 2029 4478 2374 4549; x_wconf 77' lang='lat' dir='ltr'><strong>indigebunt?</strong></span> <span class='ocrx_word' id='word_1_744' title='bbox 2402 4480 2530 4534; x_wconf 85' lang='lat' dir='ltr'><strong>Nam</strong></span> <span class='ocrx_word' id='word_1_745' title='bbox 2569 4483 2858 4539; x_wconf 87' lang='lat' dir='ltr'><strong>secundum</strong></span> <span class='ocrx_word' id='word_1_746' title='bbox 2904 4486 3219 4555; x_wconf 85' lang='lat' dir='ltr'><strong>interpretes</strong></span> <span class='ocrx_word' id='word_1_747' title='bbox 3263 4509 3348 4549; x_wconf 84' lang='lat' dir='ltr'><strong>sc-</strong></span> 
     </span>
    </p>
   </div>
   <div class='ocr_carea' id='block_1_94' title="bbox 86 4577 1668 4652">
    <p class='ocr_par' dir='ltr' id='par_1_94' title="bbox 86 4577 1668 4652">
     <span class='ocr_line' id='line_1_94' title="bbox 86 4577 1668 4652; baseline 0.004 -22"><span class='ocrx_word' id='word_1_748' title='bbox 86 4591 230 4640; x_wconf 87' lang='lat' dir='ltr'><strong>mus,</strong></span> <span class='ocrx_word' id='word_1_749' title='bbox 264 4577 359 4632; x_wconf 85' lang='lat' dir='ltr'><strong>Dei</strong></span> <span class='ocrx_word' id='word_1_750' title='bbox 389 4577 576 4632; x_wconf 87' lang='lat' dir='ltr'><strong>civitas</strong></span> <span class='ocrx_word' id='word_1_751' title='bbox 606 4577 722 4646; x_wconf 85' lang='lat' dir='ltr'><strong>ipsa</strong></span> <span class='ocrx_word' id='word_1_752' title='bbox 754 4581 1074 4635; x_wconf 87' lang='lat' dir='ltr'><strong>communis.</strong></span> <span class='ocrx_word' id='word_1_753' title='bbox 1127 4580 1217 4636; x_wconf 90' lang='lat' dir='ltr'><strong>Sic</strong></span> <span class='ocrx_word' id='word_1_754' title='bbox 1261 4591 1388 4635; x_wconf 90' lang='lat' dir='ltr'><strong>sunt</strong></span> <span class='ocrx_word' id='word_1_755' title='bbox 1415 4597 1542 4652; x_wconf 89' lang='lat' dir='ltr'><strong>ergo</strong></span> <span class='ocrx_word' id='word_1_756' title='bbox 1575 4596 1668 4636; x_wconf 83' lang='lat' dir='ltr'><strong>an-</strong></span> 
     </span>
    </p>
   </div>
   <div class='ocr_carea' id='block_1_95' title="bbox 81 4669 1666 4744">
    <p class='ocr_par' dir='ltr' id='par_1_95' title="bbox 81 4669 1666 4744">
     <span class='ocr_line' id='line_1_95' title="bbox 81 4669 1666 4744; baseline 0.003 -20"><span class='ocrx_word' id='word_1_757' title='bbox 81 4671 186 4739; x_wconf 88' lang='lat' dir='ltr'><strong>geli</strong></span> <span class='ocrx_word' id='word_1_758' title='bbox 236 4669 451 4737; x_wconf 85' lang='lat' dir='ltr'><strong>nostri,</strong></span> <span class='ocrx_word' id='word_1_759' title='bbox 498 4671 586 4741; x_wconf 90' lang='lat' dir='ltr'><strong>qui</strong></span> <span class='ocrx_word' id='word_1_760' title='bbox 632 4680 760 4726; x_wconf 91' lang='lat' dir='ltr'><strong>sunt</strong></span> <span class='ocrx_word' id='word_1_761' title='bbox 805 4673 977 4743; x_wconf 87' lang='lat' dir='ltr'><strong>an’geli</strong></span> <span class='ocrx_word' id='word_1_762' title='bbox 1038 4673 1170 4740; x_wconf 87' lang='lat' dir='ltr'><strong>Dei,</strong></span> <span class='ocrx_word' id='word_1_763' title='bbox 1221 4674 1666 4744; x_wconf 87' lang='lat' dir='ltr'><strong>quemadmodum</strong></span> 
     </span>
    </p>
   </div>
   <div class='ocr_carea' id='block_1_96' title="bbox 81 4758 1667 4830">
    <p class='ocr_par' dir='ltr' id='par_1_96' title="bbox 81 4758 1667 4830">
     <span class='ocr_line' id='line_1_96' title="bbox 81 4758 1667 4830; baseline 0.004 -20"><span class='ocrx_word' id='word_1_764' title='bbox 81 4760 332 4815; x_wconf 81' lang='lat' dir='ltr'><strong>Christus</strong></span> <span class='ocrx_word' id='word_1_765' title='bbox 372 4758 500 4825; x_wconf 83' lang='lat' dir='ltr'><strong>Dei,</strong></span> <span class='ocrx_word' id='word_1_766' title='bbox 532 4758 774 4814; x_wconf 83' lang='lat' dir='ltr'><strong>Christus</strong></span> <span class='ocrx_word' id='word_1_767' title='bbox 815 4770 898 4816; x_wconf 91' lang='lat' dir='ltr'><strong>est</strong></span> <span class='ocrx_word' id='word_1_768' title='bbox 944 4773 1145 4816; x_wconf 79' lang='lat' dir='ltr'><strong>n03ter.</strong></span> <span class='ocrx_word' id='word_1_769' title='bbox 1196 4761 1289 4816; x_wconf 90' lang='lat' dir='ltr'><strong>Dei</strong></span> <span class='ocrx_word' id='word_1_770' title='bbox 1339 4771 1492 4828; x_wconf 90' lang='lat' dir='ltr'><strong>sunt,</strong></span> <span class='ocrx_word' id='word_1_771' title='bbox 1545 4763 1667 4830; x_wconf 89' lang='lat' dir='ltr'><strong>quia</strong></span> 
     </span>
    </p>
   </div>
   <div class='ocr_carea' id='block_1_97' title="bbox 82 4838 1666 4921">
    <p class='ocr_par' dir='ltr' id='par_1_97' title="bbox 82 4838 1666 4921">
     <span class='ocr_line' id='line_1_97' title="bbox 82 4838 1666 4921; baseline 0.001 -16"><span class='ocrx_word' id='word_1_772' title='bbox 82 4850 250 4906; x_wconf 84' lang='lat' dir='ltr'><strong>Deum</strong></span> <span class='ocrx_word' id='word_1_773' title='bbox 291 4864 398 4905; x_wconf 91' lang='lat' dir='ltr'><strong>non</strong></span> <span class='ocrx_word' id='word_1_774' title='bbox 439 4851 797 4919; x_wconf 88' lang='lat' dir='ltr'><strong>reliquerunt;</strong></span> <span class='ocrx_word' id='word_1_775' title='bbox 832 4838 998 4906; x_wconf 76' lang='lat' dir='ltr'><strong>nostri</strong></span> <span class='ocrx_word' id='word_1_776' title='bbox 1032 4862 1183 4919; x_wconf 89' lang='lat' dir='ltr'><strong>sunt,</strong></span> <span class='ocrx_word' id='word_1_777' title='bbox 1217 4854 1336 4921; x_wconf 90' lang='lat' dir='ltr'><strong>quia</strong></span> <span class='ocrx_word' id='word_1_778' title='bbox 1367 4869 1493 4907; x_wconf 88' lang='lat' dir='ltr'><strong>suos</strong></span> <span class='ocrx_word' id='word_1_779' title='bbox 1521 4853 1666 4908; x_wconf 76' lang='lat' dir='ltr'><strong>cives</strong></span> 
     </span>
    </p>
   </div>
   <div class='ocr_carea' id='block_1_98' title="bbox 88 4942 1664 5012">
    <p class='ocr_par' dir='ltr' id='par_1_98' title="bbox 88 4942 1664 5012">
     <span class='ocr_line' id='line_1_98' title="bbox 88 4942 1664 5012; baseline 0.001 -16"><span class='ocrx_word' id='word_1_780' title='bbox 88 4958 185 4997; x_wconf 89' lang='lat' dir='ltr'><strong>nos</strong></span> <span class='ocrx_word' id='word_1_781' title='bbox 228 4942 431 4997; x_wconf 87' lang='lat' dir='ltr'><strong>habere</strong></span> <span class='ocrx_word' id='word_1_782' title='bbox 459 4950 754 5009; x_wconf 65' lang='lat' dir='ltr'><strong>coeperunt.</strong></span> <span class='ocrx_word' id='word_1_783' title='bbox 821 4943 960 4996; x_wconf 82' lang='lat' dir='ltr'><strong>Dixit</strong></span> <span class='ocrx_word' id='word_1_784' title='bbox 1001 4955 1176 4997; x_wconf 89' lang='lat' dir='ltr'><strong>autem</strong></span> <span class='ocrx_word' id='word_1_785' title='bbox 1223 4944 1423 4998; x_wconf 86' lang='lat' dir='ltr'><strong>Jesus:</strong></span> <span class='ocrx_word' id='word_1_786' title='bbox 1463 4943 1664 5012; x_wconf 85' lang='lat' dir='ltr'><strong>Videte,</strong></span> 
     </span>
    </p>
   </div>
   <div class='ocr_carea' id='block_1_99' title="bbox 85 5032 1667 5102">
    <p class='ocr_par' dir='ltr' id='par_1_99' title="bbox 85 5032 1667 5102">
     <span class='ocr_line' id='line_1_99' title="bbox 85 5032 1667 5102; baseline 0.001 -15"><span class='ocrx_word' id='word_1_787' title='bbox 85 5049 151 5088; x_wconf 85' lang='lat' dir='ltr'><strong>ne</strong></span> <span class='ocrx_word' id='word_1_788' title='bbox 193 5032 566 5088; x_wconf 74' lang='lat' dir='ltr'><strong>condemnetis</strong></span> <span class='ocrx_word' id='word_1_789' title='bbox 612 5047 772 5086; x_wconf 88' lang='lat' dir='ltr'><strong>unum</strong></span> <span class='ocrx_word' id='word_1_790' title='bbox 820 5034 887 5088; x_wconf 90' lang='lat' dir='ltr'><strong>de</strong></span> <span class='ocrx_word' id='word_1_791' title='bbox 929 5035 1132 5102; x_wconf 90' lang='lat' dir='ltr'><strong>pusillis</strong></span> <span class='ocrx_word' id='word_1_792' title='bbox 1175 5034 1322 5100; x_wconf 90' lang='lat' dir='ltr'><strong>istis;</strong></span> <span class='ocrx_word' id='word_1_793' title='bbox 1369 5035 1488 5090; x_wconf 90' lang='lat' dir='ltr'><strong>dico</strong></span> <span class='ocrx_word' id='word_1_794' title='bbox 1527 5034 1667 5089; x_wconf 92' lang='lat' dir='ltr'><strong>enim</strong></span> 
     </span>
    </p>
   </div>
   <div class='ocr_carea' id='block_1_100' title="bbox 83 5124 1671 5196">
    <p class='ocr_par' dir='ltr' id='par_1_100' title="bbox 83 5124 1671 5196">
     <span class='ocr_line' id='line_1_100' title="bbox 83 5124 1671 5196; baseline 0.003 -20"><span class='ocrx_word' id='word_1_795' title='bbox 83 5127 261 5190; x_wconf 81' lang='lat' dir='ltr'><strong>vobis,</strong></span> <span class='ocrx_word' id='word_1_796' title='bbox 291 5125 413 5196; x_wconf 90' lang='lat' dir='ltr'><strong>quia</strong></span> <span class='ocrx_word' id='word_1_797' title='bbox 453 5124 628 5194; x_wconf 86' lang='lat' dir='ltr'><strong>angeli</strong></span> <span class='ocrx_word' id='word_1_798' title='bbox 658 5139 842 5179; x_wconf 90' lang='lat' dir='ltr'><strong>eorum</strong></span> <span class='ocrx_word' id='word_1_799' title='bbox 872 5139 1084 5194; x_wconf 86' lang='lat' dir='ltr'><strong>semper</strong></span> <span class='ocrx_word' id='word_1_800' title='bbox 1114 5126 1167 5180; x_wconf 92' lang='lat' dir='ltr'><strong>in</strong></span> <span class='ocrx_word' id='word_1_801' title='bbox 1201 5127 1353 5182; x_wconf 74' lang='lat' dir='ltr'><strong>cmlis</strong></span> <span class='ocrx_word' id='word_1_802' title='bbox 1384 5127 1564 5181; x_wconf 89' lang='lat' dir='ltr'><strong>vident</strong></span> <span class='ocrx_word' id='word_1_803' title='bbox 1594 5127 1671 5181; x_wconf 88' lang='lat' dir='ltr'><strong>fa-</strong></span> 
     </span>
    </p>
   </div>
   <div class='ocr_carea' id='block_1_101' title="bbox 82 5215 1667 5288">
    <p class='ocr_par' dir='ltr' id='par_1_101' title="bbox 82 5215 1667 5288">
     <span class='ocr_line' id='line_1_101' title="bbox 82 5215 1667 5288; baseline 0.001 -19"><span class='ocrx_word' id='word_1_804' title='bbox 82 5217 219 5270; x_wconf 87' lang='lat' dir='ltr'><strong>ciem</strong></span> <span class='ocrx_word' id='word_1_805' title='bbox 255 5217 427 5270; x_wconf 80' lang='lat' dir='ltr'><strong>Patris</strong></span> <span class='ocrx_word' id='word_1_806' title='bbox 457 5215 582 5282; x_wconf 89' lang='lat' dir='ltr'><strong>mei,</strong></span> <span class='ocrx_word' id='word_1_807' title='bbox 620 5215 708 5283; x_wconf 92' lang='lat' dir='ltr'><strong>qui</strong></span> <span class='ocrx_word' id='word_1_808' title='bbox 747 5215 799 5270; x_wconf 94' lang='lat' dir='ltr'><strong>in</strong></span> <span class='ocrx_word' id='word_1_809' title='bbox 845 5217 996 5271; x_wconf 72' lang='lat' dir='ltr'><strong>caelis</strong></span> <span class='ocrx_word' id='word_1_810' title='bbox 1023 5226 1124 5272; x_wconf 91' lang='lat' dir='ltr'><strong>est.</strong></span> <span class='ocrx_word' id='word_1_811' title='bbox 1153 5217 1304 5273; x_wconf 91' lang='lat' dir='ltr'><strong>Sicut</strong></span> <span class='ocrx_word' id='word_1_812' title='bbox 1333 5232 1459 5288; x_wconf 73' lang='lat' dir='ltr'><strong>ergo</strong></span> <span class='ocrx_word' id='word_1_813' title='bbox 1489 5217 1559 5271; x_wconf 91' lang='lat' dir='ltr'><strong>illi</strong></span> <span class='ocrx_word' id='word_1_814' title='bbox 1587 5218 1667 5271; x_wconf 85' lang='lat' dir='ltr'><strong>vi-</strong></span> 
     </span>
    </p>
   </div>
   <div class='ocr_carea' id='block_1_102' title="bbox 80 5306 1666 5373">
    <p class='ocr_par' dir='ltr' id='par_1_102' title="bbox 80 5306 1666 5373">
     <span class='ocr_line' id='line_1_102' title="bbox 80 5306 1666 5373; baseline 0.003 -15"><span class='ocrx_word' id='word_1_815' title='bbox 80 5307 237 5369; x_wconf 89' lang='lat' dir='ltr'><strong>dent,</strong></span> <span class='ocrx_word' id='word_1_816' title='bbox 273 5307 344 5359; x_wconf 90' lang='lat' dir='ltr'><strong>ita</strong></span> <span class='ocrx_word' id='word_1_817' title='bbox 373 5315 427 5361; x_wconf 86' lang='lat' dir='ltr'><strong>et</strong></span> <span class='ocrx_word' id='word_1_818' title='bbox 457 5320 554 5360; x_wconf 87' lang='lat' dir='ltr'><strong>nos</strong></span> <span class='ocrx_word' id='word_1_819' title='bbox 582 5306 742 5361; x_wconf 80' lang='lat' dir='ltr'><strong>visuri</strong></span> <span class='ocrx_word' id='word_1_820' title='bbox 773 5322 986 5373; x_wconf 86' lang='lat' dir='ltr'><strong>sumus,</strong></span> <span class='ocrx_word' id='word_1_821' title='bbox 1010 5307 1103 5362; x_wconf 89' lang='lat' dir='ltr'><strong>sed</strong></span> <span class='ocrx_word' id='word_1_822' title='bbox 1134 5308 1368 5362; x_wconf 90' lang='lat' dir='ltr'><strong>nondum</strong></span> <span class='ocrx_word' id='word_1_823' title='bbox 1413 5310 1482 5362; x_wconf 90' lang='lat' dir='ltr'><strong>ita</strong></span> <span class='ocrx_word' id='word_1_824' title='bbox 1513 5309 1666 5364; x_wconf 87' lang='lat' dir='ltr'><strong>vide-</strong></span> 
     </span>
    </p>
   </div>
   <div class='ocr_carea' id='block_1_103' title="bbox 82 5398 1664 5470">
    <p class='ocr_par' dir='ltr' id='par_1_103' title="bbox 82 5398 1664 5470">
     <span class='ocr_line' id='line_1_103' title="bbox 82 5398 1664 5470; baseline 0.004 -20"><span class='ocrx_word' id='word_1_825' title='bbox 82 5413 202 5450; x_wconf 89' lang='lat' dir='ltr'><strong>mus</strong></span> <span class='ocrx_word' id='word_1_826' title='bbox 225 5409 444 5468; x_wconf 85' lang='lat' dir='ltr'><strong>propter</strong></span> <span class='ocrx_word' id='word_1_827' title='bbox 463 5398 604 5467; x_wconf 88' lang='lat' dir='ltr'><strong>quod</strong></span> <span class='ocrx_word' id='word_1_828' title='bbox 627 5401 702 5453; x_wconf 88' lang='lat' dir='ltr'><strong>ait</strong></span> <span class='ocrx_word' id='word_1_829' title='bbox 723 5400 1009 5470; x_wconf 80' lang='lat' dir='ltr'><strong>Apostolus</strong></span> <span class='ocrx_word' id='word_1_830' title='bbox 1030 5401 1169 5470; x_wconf 89' lang='lat' dir='ltr'><strong>quod</strong></span> <span class='ocrx_word' id='word_1_831' title='bbox 1196 5402 1354 5470; x_wconf 89' lang='lat' dir='ltr'><strong>paulo</strong></span> <span class='ocrx_word' id='word_1_832' title='bbox 1375 5413 1498 5456; x_wconf 89' lang='lat' dir='ltr'><strong>ante</strong></span> <span class='ocrx_word' id='word_1_833' title='bbox 1521 5401 1626 5456; x_wconf 77' lang='lat' dir='ltr'><strong>dixi</strong></span> <span class='ocrx_word' id='word_1_834' title='bbox 1650 5419 1664 5456; x_wconf 90' lang='lat'><strong>:</strong></span> 
     </span>
    </p>
   </div>
   <div class='ocr_carea' id='block_1_104' title="bbox 83 5488 1668 5564">
    <p class='ocr_par' dir='ltr' id='par_1_104' title="bbox 83 5488 1668 5564">
     <span class='ocr_line' id='line_1_104' title="bbox 83 5488 1668 5564; baseline 0.003 -20"><span class='ocrx_word' id='word_1_835' title='bbox 83 5488 341 5545; x_wconf 72' lang='lat' dir='ltr'><strong>Videmus</strong></span> <span class='ocrx_word' id='word_1_836' title='bbox 372 5506 512 5547; x_wconf 90' lang='lat' dir='ltr'><strong>nunc</strong></span> <span class='ocrx_word' id='word_1_837' title='bbox 544 5507 638 5560; x_wconf 91' lang='lat' dir='ltr'><strong>per</strong></span> <span class='ocrx_word' id='word_1_838' title='bbox 664 5494 937 5562; x_wconf 89' lang='lat' dir='ltr'><strong>speculum</strong></span> <span class='ocrx_word' id='word_1_839' title='bbox 973 5493 1022 5547; x_wconf 91' lang='lat' dir='ltr'><strong>in</strong></span> <span class='ocrx_word' id='word_1_840' title='bbox 1054 5493 1368 5564; x_wconf 72' lang='lat' dir='ltr'><strong>aenigmate,</strong></span> <span class='ocrx_word' id='word_1_841' title='bbox 1413 5492 1537 5549; x_wconf 88' lang='lat' dir='ltr'><strong>tunc</strong></span> <span class='ocrx_word' id='word_1_842' title='bbox 1575 5510 1668 5549; x_wconf 89' lang='lat' dir='ltr'><strong>au-</strong></span> 
     </span>
    </p>
   </div>
   <div class='ocr_carea' id='block_1_105' title="bbox 86 5581 1666 5654">
    <p class='ocr_par' dir='ltr' id='par_1_105' title="bbox 86 5581 1666 5654">
     <span class='ocr_line' id='line_1_105' title="bbox 86 5581 1666 5654; baseline 0.004 -20"><span class='ocrx_word' id='word_1_843' title='bbox 86 5591 190 5635; x_wconf 88' lang='lat' dir='ltr'><strong>tem</strong></span> <span class='ocrx_word' id='word_1_844' title='bbox 221 5583 356 5638; x_wconf 89' lang='lat' dir='ltr'><strong>facie</strong></span> <span class='ocrx_word' id='word_1_845' title='bbox 381 5582 448 5636; x_wconf 81' lang='lat' dir='ltr'><strong>ad</strong></span> <span class='ocrx_word' id='word_1_846' title='bbox 481 5581 693 5638; x_wconf 87' lang='lat' dir='ltr'><strong>faciem.</strong></span> <span class='ocrx_word' id='word_1_847' title='bbox 724 5583 1003 5640; x_wconf 68' lang='lat' dir='ltr'><strong>Praemium</strong></span> <span class='ocrx_word' id='word_1_848' title='bbox 1037 5587 1212 5654; x_wconf 85' lang='lat' dir='ltr'><strong>itaque</strong></span> <span class='ocrx_word' id='word_1_849' title='bbox 1244 5586 1362 5641; x_wconf 81' lang='lat' dir='ltr'><strong>fidei</strong></span> <span class='ocrx_word' id='word_1_850' title='bbox 1406 5588 1559 5641; x_wconf 84' lang='lat' dir='ltr'><strong>nobis</strong></span> <span class='ocrx_word' id='word_1_851' title='bbox 1587 5588 1666 5641; x_wconf 83' lang='lat' dir='ltr'><strong>vi-</strong></span> 
     </span>
    </p>
   </div>
   <div class='ocr_carea' id='block_1_106' title="bbox 87 5673 1667 5748">
    <p class='ocr_par' dir='ltr' id='par_1_106' title="bbox 87 5673 1667 5748">
     <span class='ocr_line' id='line_1_106' title="bbox 87 5673 1667 5748; baseline 0.002 -19"><span class='ocrx_word' id='word_1_852' title='bbox 87 5677 166 5729; x_wconf 83' lang='lat' dir='ltr'><strong>sio</strong></span> <span class='ocrx_word' id='word_1_853' title='bbox 210 5673 313 5729; x_wconf 86' lang='lat' dir='ltr'><strong>ista</strong></span> <span class='ocrx_word' id='word_1_854' title='bbox 357 5681 622 5743; x_wconf 77' lang='lat' dir='ltr'><strong>servatur,</strong></span> <span class='ocrx_word' id='word_1_855' title='bbox 650 5674 718 5730; x_wconf 80' lang='lat' dir='ltr'><strong>de</strong></span> <span class='ocrx_word' id='word_1_856' title='bbox 756 5690 856 5746; x_wconf 87' lang='lat' dir='ltr'><strong>qua</strong></span> <span class='ocrx_word' id='word_1_857' title='bbox 905 5683 959 5740; x_wconf 79' lang='lat' dir='ltr'><strong>et</strong></span> <span class='ocrx_word' id='word_1_858' title='bbox 1001 5675 1234 5733; x_wconf 82' lang='lat' dir='ltr'><strong>Joannes</strong></span> <span class='ocrx_word' id='word_1_859' title='bbox 1274 5679 1544 5748; x_wconf 90' lang='lat' dir='ltr'><strong>apostolus</strong></span> <span class='ocrx_word' id='word_1_860' title='bbox 1589 5679 1667 5732; x_wconf 91' lang='lat' dir='ltr'><strong>lo-</strong></span> 
     </span>
    </p>
   </div>
   <div class='ocr_carea' id='block_1_107' title="bbox 1785 4571 3350 4647">
    <p class='ocr_par' dir='ltr' id='par_1_107' title="bbox 1785 4571 3350 4647">
     <span class='ocr_line' id='line_1_107' title="bbox 1785 4571 3350 4647; baseline 0.004 -24"><span class='ocrx_word' id='word_1_861' title='bbox 1785 4571 2054 4640; x_wconf 83' lang='lat' dir='ltr'><strong>ptuaginta</strong></span> <span class='ocrx_word' id='word_1_862' title='bbox 2085 4572 2181 4625; x_wconf 79' lang='lat' dir='ltr'><strong>ista</strong></span> <span class='ocrx_word' id='word_1_863' title='bbox 2209 4581 2332 4626; x_wconf 90' lang='lat' dir='ltr'><strong>sunt</strong></span> <span class='ocrx_word' id='word_1_864' title='bbox 2360 4575 2423 4625; x_wconf 85' lang='lat' dir='ltr'><strong>ad</strong></span> <span class='ocrx_word' id='word_1_865' title='bbox 2452 4573 2596 4627; x_wconf 82' lang='lat' dir='ltr'><strong>Giczi</strong></span> <span class='ocrx_word' id='word_1_866' title='bbox 2631 4576 2790 4629; x_wconf 88' lang='lat' dir='ltr'><strong>verba</strong></span> <span class='ocrx_word' id='word_1_867' title='bbox 2824 4580 3097 4647; x_wconf 61' lang='lat' dir='ltr'><strong>propheta;</strong></span> <span class='ocrx_word' id='word_1_868' title='bbox 3122 4600 3135 4635; x_wconf 87' lang='lat'><strong>:</strong></span> <span class='ocrx_word' id='word_1_869' title='bbox 3165 4585 3350 4643; x_wconf 54' lang='lat' dir='ltr'><strong>Non&quot;;</strong></span> 
     </span>
    </p>
   </div>
   <div class='ocr_carea' id='block_1_108' title="bbox 1774 4666 3349 4732">
    <p class='ocr_par' dir='ltr' id='par_1_108' title="bbox 1774 4666 3349 4732">
     <span class='ocr_line' id='line_1_108' title="bbox 1774 4666 3349 4732; baseline 0.01 -16"><span class='ocrx_word' id='word_1_870' title='bbox 1774 4676 1870 4716; x_wconf 88' lang='lat' dir='ltr'><strong>cor</strong></span> <span class='ocrx_word' id='word_1_871' title='bbox 1910 4677 2084 4717; x_wconf 84' lang='lat' dir='ltr'><strong>meum</strong></span> <span class='ocrx_word' id='word_1_872' title='bbox 2129 4670 2300 4718; x_wconf 91' lang='lat' dir='ltr'><strong>tecum</strong></span> <span class='ocrx_word' id='word_1_873' title='bbox 2338 4671 2486 4727; x_wconf 88' lang='lat' dir='ltr'><strong>erat,</strong></span> <span class='ocrx_word' id='word_1_874' title='bbox 2517 4666 2728 4731; x_wconf 88' lang='lat' dir='ltr'><strong>quando</strong></span> <span class='ocrx_word' id='word_1_875' title='bbox 2757 4682 3046 4725; x_wconf 87' lang='lat' dir='ltr'><strong>conversus</strong></span> <span class='ocrx_word' id='word_1_876' title='bbox 3072 4682 3152 4728; x_wconf 86' lang='lat' dir='ltr'><strong>est</strong></span> <span class='ocrx_word' id='word_1_877' title='bbox 3175 4675 3253 4729; x_wconf 89' lang='lat' dir='ltr'><strong>vir</strong></span> <span class='ocrx_word' id='word_1_878' title='bbox 3281 4677 3349 4732; x_wconf 83' lang='lat' dir='ltr'><strong>de</strong></span> 
     </span>
    </p>
   </div>
   <div class='ocr_carea' id='block_1_109' title="bbox 1774 4754 3346 4829">
    <p class='ocr_par' dir='ltr' id='par_1_109' title="bbox 1774 4754 3346 4829">
     <span class='ocr_line' id='line_1_109' title="bbox 1774 4754 3346 4829; baseline 0.011 -22"><span class='ocrx_word' id='word_1_879' title='bbox 1774 4769 1931 4808; x_wconf 86' lang='lat' dir='ltr'><strong>curru</strong></span> <span class='ocrx_word' id='word_1_880' title='bbox 1959 4755 2008 4809; x_wconf 90' lang='lat' dir='ltr'><strong>in</strong></span> <span class='ocrx_word' id='word_1_881' title='bbox 2037 4754 2243 4810; x_wconf 85' lang='lat' dir='ltr'><strong>obviam</strong></span> <span class='ocrx_word' id='word_1_882' title='bbox 2273 4755 2387 4822; x_wconf 86' lang='lat' dir='ltr'><strong>tibi,</strong></span> <span class='ocrx_word' id='word_1_883' title='bbox 2411 4764 2458 4810; x_wconf 88' lang='lat' dir='ltr'><strong>el</strong></span> <span class='ocrx_word' id='word_1_884' title='bbox 2491 4758 2741 4825; x_wconf 89' lang='lat' dir='ltr'><strong>accepisti</strong></span> <span class='ocrx_word' id='word_1_885' title='bbox 2774 4763 3085 4829; x_wconf 83' lang='lat' dir='ltr'><strong>pecuniam?</strong></span> <span class='ocrx_word' id='word_1_886' title='bbox 3105 4775 3207 4821; x_wconf 87' lang='lat' dir='ltr'><strong>etc.</strong></span> <span class='ocrx_word' id='word_1_887' title='bbox 3231 4769 3346 4824; x_wconf 86' lang='lat' dir='ltr'><strong>Sic-</strong></span> 
     </span>
    </p>
   </div>
   <div class='ocr_carea' id='block_1_110' title="bbox 1775 4846 3343 4928">
    <p class='ocr_par' dir='ltr' id='par_1_110' title="bbox 1775 4846 3343 4928">
     <span class='ocr_line' id='line_1_110' title="bbox 1775 4846 3343 4928; baseline 0.01 -28"><span class='ocrx_word' id='word_1_888' title='bbox 1775 4857 1829 4900; x_wconf 93' lang='lat' dir='ltr'><strong>ut</strong></span> <span class='ocrx_word' id='word_1_889' title='bbox 1854 4853 2029 4901; x_wconf 88' lang='lat' dir='ltr'><strong>autem</strong></span> <span class='ocrx_word' id='word_1_890' title='bbox 2059 4862 2122 4901; x_wconf 84' lang='lat' dir='ltr'><strong>ex</strong></span> <span class='ocrx_word' id='word_1_891' title='bbox 2156 4846 2378 4902; x_wconf 75' lang='lat' dir='ltr'><strong>Hebrreo</strong></span> <span class='ocrx_word' id='word_1_892' title='bbox 2407 4848 2782 4919; x_wconf 91' lang='lat' dir='ltr'><strong>interpretatus</strong></span> <span class='ocrx_word' id='word_1_893' title='bbox 2809 4863 2891 4910; x_wconf 86' lang='lat' dir='ltr'><strong>est</strong></span> <span class='ocrx_word' id='word_1_894' title='bbox 2919 4857 3196 4928; x_wconf 84' lang='lat' dir='ltr'><strong>presbyter</strong></span> <span class='ocrx_word' id='word_1_895' title='bbox 3221 4859 3343 4915; x_wconf 73' lang='lat' dir='ltr'><strong>Hie--</strong></span> 
     </span>
    </p>
   </div>
   <div class='ocr_carea' id='block_1_111' title="bbox 1776 4937 3344 5016">
    <p class='ocr_par' dir='ltr' id='par_1_111' title="bbox 1776 4937 3344 5016">
     <span class='ocr_line' id='line_1_111' title="bbox 1776 4937 3344 5016; baseline 0.011 -26"><span class='ocrx_word' id='word_1_896' title='bbox 1776 4952 2030 5007; x_wconf 80' lang='lat' dir='ltr'><strong>ronymus</strong></span> <span class='ocrx_word' id='word_1_897' title='bbox 2075 4953 2090 4991; x_wconf 91' lang='lat'><strong>:</strong></span> <span class='ocrx_word' id='word_1_898' title='bbox 2136 4937 2321 4993; x_wconf 81' lang='lat' dir='ltr'><strong>Nonne</strong></span> <span class='ocrx_word' id='word_1_899' title='bbox 2364 4952 2457 4992; x_wconf 87' lang='lat' dir='ltr'><strong>eor</strong></span> <span class='ocrx_word' id='word_1_900' title='bbox 2505 4955 2712 5010; x_wconf 90' lang='lat' dir='ltr'><strong>meum,</strong></span> <span class='ocrx_word' id='word_1_901' title='bbox 2743 4943 2937 5014; x_wconf 91' lang='lat' dir='ltr'><strong>inquit,</strong></span> <span class='ocrx_word' id='word_1_902' title='bbox 2969 4946 3022 4999; x_wconf 91' lang='lat' dir='ltr'><strong>in</strong></span> <span class='ocrx_word' id='word_1_903' title='bbox 3063 4954 3344 5016; x_wconf 72' lang='grc' dir='ltr'><strong>ρτιυερηιὶει</strong></span> 
     </span>
    </p>
   </div>
   <div class='ocr_carea' id='block_1_112' title="bbox 1775 5028 3344 5097">
    <p class='ocr_par' dir='ltr' id='par_1_112' title="bbox 1775 5028 3344 5097">
     <span class='ocr_line' id='line_1_112' title="bbox 1775 5028 3344 5097; baseline 0.008 -14"><span class='ocrx_word' id='word_1_904' title='bbox 1775 5037 1920 5094; x_wconf 88' lang='lat' dir='ltr'><strong>erat,</strong></span> <span class='ocrx_word' id='word_1_905' title='bbox 1947 5028 2157 5097; x_wconf 87' lang='lat' dir='ltr'><strong>quando</strong></span> <span class='ocrx_word' id='word_1_906' title='bbox 2191 5043 2437 5084; x_wconf 88' lang='lat' dir='ltr'><strong>reversus</strong></span> <span class='ocrx_word' id='word_1_907' title='bbox 2469 5040 2550 5086; x_wconf 89' lang='lat' dir='ltr'><strong>est</strong></span> <span class='ocrx_word' id='word_1_908' title='bbox 2581 5030 2739 5088; x_wconf 89' lang='lat' dir='ltr'><strong>homo</strong></span> <span class='ocrx_word' id='word_1_909' title='bbox 2765 5031 3016 5090; x_wconf 80' lang='lat' dir='ltr'><strong>de&#39;curru</strong></span> <span class='ocrx_word' id='word_1_910' title='bbox 3044 5052 3144 5092; x_wconf 88' lang='lat' dir='ltr'><strong>suo</strong></span> <span class='ocrx_word' id='word_1_911' title='bbox 3173 5040 3224 5094; x_wconf 90' lang='lat' dir='ltr'><strong>in</strong></span> <span class='ocrx_word' id='word_1_912' title='bbox 3255 5058 3344 5096; x_wconf 92' lang='lat' dir='ltr'><strong>oc-</strong></span> 
     </span>
    </p>
   </div>
   <div class='ocr_carea' id='block_1_113' title="bbox 1774 5118 3344 5191">
    <p class='ocr_par' dir='ltr' id='par_1_113' title="bbox 1774 5118 3344 5191">
     <span class='ocr_line' id='line_1_113' title="bbox 1774 5118 3344 5191; baseline 0.009 -17"><span class='ocrx_word' id='word_1_913' title='bbox 1774 5123 1985 5174; x_wconf 89' lang='lat' dir='ltr'><strong>cursum</strong></span> <span class='ocrx_word' id='word_1_914' title='bbox 2027 5118 2162 5174; x_wconf 79' lang='lat' dir='ltr'><strong>tibi?</strong></span> <span class='ocrx_word' id='word_1_915' title='bbox 2199 5120 2370 5175; x_wconf 87' lang='lat' dir='ltr'><strong>Corde</strong></span> <span class='ocrx_word' id='word_1_916' title='bbox 2413 5136 2511 5176; x_wconf 89' lang='lat' dir='ltr'><strong>suo</strong></span> <span class='ocrx_word' id='word_1_917' title='bbox 2557 5138 2682 5191; x_wconf 89' lang='lat' dir='ltr'><strong>ergo</strong></span> <span class='ocrx_word' id='word_1_918' title='bbox 2728 5139 2786 5178; x_wconf 91' lang='lat' dir='ltr'><strong>se</strong></span> <span class='ocrx_word' id='word_1_919' title='bbox 2826 5125 2962 5180; x_wconf 74' lang='lat' dir='ltr'><strong>dixit</strong></span> <span class='ocrx_word' id='word_1_920' title='bbox 3003 5128 3104 5182; x_wconf 85' lang='lat' dir='ltr'><strong>hoc</strong></span> <span class='ocrx_word' id='word_1_921' title='bbox 3147 5132 3344 5190; x_wconf 85' lang='lat' dir='ltr'><strong>vidisse</strong></span> 
     </span>
    </p>
   </div>
   <div class='ocr_carea' id='block_1_114' title="bbox 1775 5209 3344 5282">
    <p class='ocr_par' dir='ltr' id='par_1_114' title="bbox 1775 5209 3344 5282">
     <span class='ocr_line' id='line_1_114' title="bbox 1775 5209 3344 5282; baseline 0.011 -19"><span class='ocrx_word' id='word_1_922' title='bbox 1775 5209 2032 5279; x_wconf 86' lang='lat' dir='ltr'><strong>prepbeta</strong></span> <span class='ocrx_word' id='word_1_923' title='bbox 2051 5250 2066 5274; x_wconf 87' lang='lat'><strong>,</strong></span> <span class='ocrx_word' id='word_1_924' title='bbox 2101 5211 2283 5276; x_wconf 86' lang='lat' dir='ltr'><strong>adjuto</strong></span> <span class='ocrx_word' id='word_1_925' title='bbox 2312 5213 2522 5282; x_wconf 72' lang='lat' dir='ltr'><strong>quidem</strong></span> <span class='ocrx_word' id='word_1_926' title='bbox 2556 5214 2863 5269; x_wconf 88' lang='lat' dir='ltr'><strong>mirabiliter</strong></span> <span class='ocrx_word' id='word_1_927' title='bbox 2892 5219 3038 5272; x_wconf 87' lang='lat' dir='ltr'><strong>nullo</strong></span> <span class='ocrx_word' id='word_1_928' title='bbox 3068 5220 3284 5276; x_wconf 89' lang='lat' dir='ltr'><strong>dubitan</strong></span> <span class='ocrx_word' id='word_1_929' title='bbox 3312 5241 3344 5280; x_wconf 79' lang='grc' dir='ltr'><strong>ο</strong></span> 
     </span>
    </p>
   </div>
   <div class='ocr_carea' id='block_1_115' title="bbox 1773 5299 3340 5371">
    <p class='ocr_par' dir='ltr' id='par_1_115' title="bbox 1773 5299 3340 5371">
     <span class='ocr_line' id='line_1_115' title="bbox 1773 5299 3340 5371; baseline 0.011 -20"><span class='ocrx_word' id='word_1_930' title='bbox 1773 5300 2060 5364; x_wconf 85' lang='lat' dir='ltr'><strong>divinitus;</strong></span> <span class='ocrx_word' id='word_1_931' title='bbox 2094 5299 2187 5355; x_wconf 80' lang='lat' dir='ltr'><strong>sed</strong></span> <span class='ocrx_word' id='word_1_932' title='bbox 2233 5311 2430 5370; x_wconf 89' lang='lat' dir='ltr'><strong>quanto</strong></span> <span class='ocrx_word' id='word_1_933' title='bbox 2458 5303 2681 5371; x_wconf 90' lang='lat' dir='ltr'><strong>amplius</strong></span> <span class='ocrx_word' id='word_1_934' title='bbox 2726 5310 2850 5359; x_wconf 91' lang='lat' dir='ltr'><strong>tunc</strong></span> <span class='ocrx_word' id='word_1_935' title='bbox 2893 5320 3078 5362; x_wconf 85' lang='lat' dir='ltr'><strong>omnes</strong></span> <span class='ocrx_word' id='word_1_936' title='bbox 3117 5325 3340 5368; x_wconf 82' lang='lat' dir='ltr'><strong>munere</strong></span> 
     </span>
    </p>
   </div>
   <div class='ocr_carea' id='block_1_116' title="bbox 1775 5391 3340 5459">
    <p class='ocr_par' dir='ltr' id='par_1_116' title="bbox 1775 5391 3340 5459">
     <span class='ocr_line' id='line_1_116' title="bbox 1775 5391 3340 5459; baseline 0.01 -15"><span class='ocrx_word' id='word_1_937' title='bbox 1775 5394 1877 5445; x_wconf 90' lang='lat' dir='ltr'><strong>isto</strong></span> <span class='ocrx_word' id='word_1_938' title='bbox 1904 5391 2269 5458; x_wconf 87' lang='lat' dir='ltr'><strong>abundabunt,</strong></span> <span class='ocrx_word' id='word_1_939' title='bbox 2303 5409 2420 5448; x_wconf 88' lang='lat' dir='ltr'><strong>cum</strong></span> <span class='ocrx_word' id='word_1_940' title='bbox 2457 5396 2589 5449; x_wconf 89' lang='lat' dir='ltr'><strong>Deus</strong></span> <span class='ocrx_word' id='word_1_941' title='bbox 2619 5395 2722 5449; x_wconf 87' lang='lat' dir='ltr'><strong>erit</strong></span> <span class='ocrx_word' id='word_1_942' title='bbox 2744 5398 2920 5451; x_wconf 86' lang='lat' dir='ltr'><strong>omnia</strong></span> <span class='ocrx_word' id='word_1_943' title='bbox 2963 5400 3014 5453; x_wconf 90' lang='lat' dir='ltr'><strong>in</strong></span> <span class='ocrx_word' id='word_1_944' title='bbox 3056 5403 3340 5459; x_wconf 74' lang='lat' dir='ltr'><strong>omnibus?</strong></span> 
     </span>
    </p>
   </div>
   <div class='ocr_carea' id='block_1_117' title="bbox 1775 5485 3336 5560">
    <p class='ocr_par' dir='ltr' id='par_1_117' title="bbox 1775 5485 3336 5560">
     <span class='ocr_line' id='line_1_117' title="bbox 1775 5485 3336 5560; baseline 0.007 -18"><span class='ocrx_word' id='word_1_945' title='bbox 1775 5487 2050 5543; x_wconf 85' lang='lat' dir='ltr'><strong>Habebunt</strong></span> <span class='ocrx_word' id='word_1_946' title='bbox 2095 5497 2271 5544; x_wconf 89' lang='lat' dir='ltr'><strong>tamen</strong></span> <span class='ocrx_word' id='word_1_947' title='bbox 2314 5485 2474 5542; x_wconf 76' lang='lat' dir='ltr'><strong>etiam</strong></span> <span class='ocrx_word' id='word_1_948' title='bbox 2522 5488 2592 5541; x_wconf 90' lang='lat' dir='ltr'><strong>illi</strong></span> <span class='ocrx_word' id='word_1_949' title='bbox 2632 5490 2772 5543; x_wconf 90' lang='lat' dir='ltr'><strong>oculi</strong></span> <span class='ocrx_word' id='word_1_950' title='bbox 2817 5494 3055 5560; x_wconf 88' lang='lat' dir='ltr'><strong>corporei</strong></span> <span class='ocrx_word' id='word_1_951' title='bbox 3103 5496 3336 5553; x_wconf 85' lang='lat' dir='ltr'><strong>olflcium</strong></span> 
     </span>
    </p>
   </div>
   <div class='ocr_carea' id='block_1_118' title="bbox 1771 5580 3336 5654">
    <p class='ocr_par' dir='ltr' id='par_1_118' title="bbox 1771 5580 3336 5654">
     <span class='ocr_line' id='line_1_118' title="bbox 1771 5580 3336 5654; baseline 0.007 -22"><span class='ocrx_word' id='word_1_952' title='bbox 1771 5596 1945 5645; x_wconf 86' lang='lat' dir='ltr'><strong>suum,</strong></span> <span class='ocrx_word' id='word_1_953' title='bbox 1972 5587 2026 5633; x_wconf 89' lang='lat' dir='ltr'><strong>et</strong></span> <span class='ocrx_word' id='word_1_954' title='bbox 2065 5581 2114 5632; x_wconf 93' lang='lat' dir='ltr'><strong>in</strong></span> <span class='ocrx_word' id='word_1_955' title='bbox 2157 5580 2273 5633; x_wconf 86' lang='lat' dir='ltr'><strong>loco</strong></span> <span class='ocrx_word' id='word_1_956' title='bbox 2310 5594 2405 5633; x_wconf 91' lang='lat' dir='ltr'><strong>suo</strong></span> <span class='ocrx_word' id='word_1_957' title='bbox 2446 5586 2623 5644; x_wconf 91' lang='lat' dir='ltr'><strong>erunt,</strong></span> <span class='ocrx_word' id='word_1_958' title='bbox 2654 5587 2935 5651; x_wconf 87' lang='lat' dir='ltr'><strong>uteturque</strong></span> <span class='ocrx_word' id='word_1_959' title='bbox 2979 5585 3081 5638; x_wconf 90' lang='lat' dir='ltr'><strong>illis</strong></span> <span class='ocrx_word' id='word_1_960' title='bbox 3120 5589 3336 5654; x_wconf 86' lang='lat' dir='ltr'><strong>spiritus</strong></span> 
     </span>
    </p>
   </div>
   <div class='ocr_carea' id='block_1_119' title="bbox 1773 5670 3336 5749">
    <p class='ocr_par' dir='ltr' id='par_1_119' title="bbox 1773 5670 3336 5749">
     <span class='ocr_line' id='line_1_119' title="bbox 1773 5670 3336 5749; baseline 0.005 -23"><span class='ocrx_word' id='word_1_961' title='bbox 1773 5688 1866 5741; x_wconf 86' lang='lat' dir='ltr'><strong>per</strong></span> <span class='ocrx_word' id='word_1_962' title='bbox 1905 5670 2142 5742; x_wconf 80' lang='lat' dir='ltr'><strong>spiritale</strong></span> <span class='ocrx_word' id='word_1_963' title='bbox 2184 5686 2395 5742; x_wconf 87' lang='lat' dir='ltr'><strong>corpus.</strong></span> <span class='ocrx_word' id='word_1_964' title='bbox 2422 5670 2603 5740; x_wconf 80' lang='lat' dir='ltr'><strong>Neque</strong></span> <span class='ocrx_word' id='word_1_965' title='bbox 2647 5672 2786 5727; x_wconf 87' lang='lat' dir='ltr'><strong>enim</strong></span> <span class='ocrx_word' id='word_1_966' title='bbox 2832 5683 2886 5728; x_wconf 91' lang='lat' dir='ltr'><strong>et</strong></span> <span class='ocrx_word' id='word_1_967' title='bbox 2926 5675 3012 5729; x_wconf 90' lang='lat' dir='ltr'><strong>ille</strong></span> <span class='ocrx_word' id='word_1_968' title='bbox 3057 5679 3336 5749; x_wconf 79' lang='lat' dir='ltr'><strong>propheta,</strong></span> 
     </span>
    </p>
   </div>
  </div>
