3904 6224
452 271 557 326 315
1532 255 1596 310 D.
1639 249 1962 310 EUGYPPll
2001 247 2296 310 ABBATIS
2334 248 2660 307 AFRICANI

453 389 580 463 quia
629 403 735 444 non
777 386 864 441 eis
908 380 1132 452 indignit
1163 375 1461 442 utviderct
1489 373 1790 439 absentem,
1817 387 1924 428 non
1954 370 2035 427 cis
2062 374 2108 432 Α
2139 395 2195 442 ιιι
2219 387 2387 443 Deum
2413 403 2508 457 per
2535 386 2673 443 hanc
2699 385 2888 443 faciem
2915 387 3272 459 corporalem,
3305 386 3394 443 ubi
3425 394 3568 441 sunt
3593 387 3732 440 oeuli

455 496 585 538 usus
629 489 712 535 est
758 474 823 532 ad
868 472 1090 530 videnda
1139 467 1445 539 praesentia,
1471 478 1593 534 quae
1621 473 1802 520 tamen
1835 463 2028 531 spiritu
2130 480 2441 549 corporale,
2479 494 2576 535 ηο,
2601 479 2816 534 visuros
2845 494 2964 536 es“
2990 480 3297 547 credam”,
3331 493 3497 549 quem
3534 478 3734 546 .pin-m

3633 250 3738 306 816

453 575 636 630 videre
665 580 863 642 posset,
895 563 1108 624 etiamsi
1148 563 1266 618 illos
1295 560 1584 624 clauderet,
1613 559 1748 615 sicut
1773 557 1904 613 vidit
1929 558 2027 614 ab-

453 666 623 723 sentia
655 665 741 718 ubi
771 675 888 716 cum
919 658 996 713 eis
1025 657 1138 726 ipse
1168 670 1274 710 non
1303 659 1437 708 erat.
1462 651 1618 706 Absit
1642 663 1770 718 ergo
1797 657 1854 704 ut
1881 648 2026 704 dica-

454 775 572 816 mus
596 757 714 811 illos
743 761 954 806 sanctos
981 749 1034 804 in
1060 746 1147 803 illa
1178 747 1282 802 vita
1309 745 1477 802 Deum
1502 744 1697 800 clausis
1723 740 1893 797 oculis
1920 754 2027 795 non

455 853 683 912 visuros,
712 857 870 914 quem
919 839 1109 911 spiritu
1153 852 1370 903 semper
1409 834 1686 901 videbunt,
1716 831 1810 888 sed
1849 837 2027 886 utrum

455 939 727 1000 videbunt,
751 943 804 989 et
831 948 927 1004 per
953 930 1139 986 oculos
1164 928 1405 998 corporis
1427 940 1548 981 cum
1575 937 1668 979 eos
1696 920 1909 993 apertus
1933 922 2028 975 ba—

453 1029 670 1092 hebunt,
695 1025 818 1080 inde
844 1024 1068 1095 qnastio
1095 1030 1198 1078 est.
1219 1020 1276 1076 Si
1306 1019 1449 1073 enim
1477 1025 1679 1072 tantum
1706 1022 1953 1084 poterunt
1975 1014 2027 1069 in

454 1131 676 1189 corpore
717 1113 966 1185 spiritali,
996 1127 1062 1168 eo
1107 1110 1266 1167 modo
1311 1109 1495 1177 utique
1534 1108 1696 1162 etiam
1744 1105 1844 1174 ipsi
1888 1104 2027 1159 oculi

455 1209 743 1279 spiritales.
775 1215 1028 1275 quantum
1073 1209 1297 1273 possunt
1343 1198 1433 1255 isti
1477 1197 1665 1269 quales
1694 1212 1833 1252 nunc
1862 1197 2026 1251 habe-

459 1313 596 1365 mus,
627 1294 977 1367 proculdubio
1007 1307 1101 1363 per
1128 1308 1221 1347 eos
1266 1291 1405 1345 Deus
1441 1289 1610 1345 videri
1659 1305 1764 1344 non
1808 1289 2024 1358 poterit.

458 1390 634 1457 Longe
663 1386 838 1455 itaque
867 1383 1083 1438 alterius
1123 1389 1280 1437 erunt
1308 1378 1557 1449 potentiae
1575 1419 1591 1445 ,
1621 1380 1664 1433 si
1709 1394 1804 1449 per
1831 1392 1924 1432 eos
1951 1377 2028 1431 vi-

458 1478 669 1533 debitur
696 1476 1010 1546 incorporea
1054 1474 1142 1528 illa
1189 1481 1377 1549 natura
1425 1485 1546 1541 quae
1583 1484 1687 1523 non
1726 1469 2028 1524 continetur

458 1572 597 1633 loco,
630 1567 725 1624 sed
757 1568 955 1637 ubique
997 1570 1106 1620 tota
1154 1571 1256 1619 est.
1287 1563 1401 1618 Non
1448 1561 1589 1618 enim
1636 1560 1758 1632 quia
1802 1560 2026 1615 dicimus

460 1662 625 1717 Deum
654 1667 708 1715 et
735 1660 790 1715 in
827 1655 966 1714 cmlo
1006 1669 1126 1712 esse
1169 1663 1225 1710 et
1271 1653 1324 1708 in
1373 1661 1512 1708 terra
1541 1650 1679 1722 (ipse
1716 1651 1915 1722 quippe
1952 1651 2029 1705 ait

2136 571 2256 628 sine
2288 571 2686 626 intermissione
2707 570 3027 626 videbimus.
3059 571 3172 627 Nisi
3204 574 3350 628 enim
3376 578 3535 626 esset
3562 568 3730 624 etiam

2133 660 2406 716 interioris
2447 659 2679 714 hominis
2708 659 2889 726 facies,
2924 677 3029 715 non
3065 662 3272 717 diceret
3310 661 3453 717 idem
3489 662 3734 729 Aposto-

2137 751 2243 818 lus,
2268 752 2376 807 Nos
2404 762 2581 806 autem
2608 750 2843 806 revelata
2873 751 3005 806 facie
3025 751 3252 821 gloriam
3287 751 3506 806 Domini
3533 763 3732 817 specu-

2131 842 2303 897 lantes
2343 843 2396 896 in
2425 841 2669 896 eamdem
2711 841 2998 912 imaginem
3029 842 3476 896 transformamur
3509 841 3587 894 de
3617 839 3732 910 glu-

2128 932 2205 986 ria
2241 935 2293 986 in
2321 931 2568 1001 gloriam,
2617 940 2865 1000 tanquam
2897 945 2926 984 a
2959 931 3170 985 Domini
3215 931 3431 1001 spiritu.
3481 932 3604 986 Nec
3633 929 3731 984 ali-

2127 1029 2210 1075 ter
2245 1020 2597 1090 intelligimus
2638 1019 2778 1090 quod
2824 1020 2877 1075 in
2919 1020 3130 1090 psalmo
3164 1022 3375 1075 canitur
3407 1039 3423 1074 :
3458 1021 3731 1075 Accedite

2130 1110 2196 1164 ad
2228 1125 2350 1164 eum
2383 1121 2437 1164 et
2473 1108 2873 1174 illuminamini,
2905 1120 2959 1165 et
3003 1109 3170 1164 facies
3212 1120 3408 1164 vestrae
3447 1125 3566 1164 non
3608 1124 3730 1163 em-

2129 1201 2366 1255 hescent.
2395 1201 2524 1256 Fide
2544 1201 2740 1271 quippe
2759 1199 3029 1255 acceditur
3051 1200 3118 1253 ad
3141 1199 3332 1266 Deum,
3357 1215 3521 1268 quam
3546 1200 3729 1253 condis

2129 1301 2341 1346 constat
2370 1308 2512 1357 esse,
2543 1307 2648 1347 non
2678 1292 2941 1362 corporis.
2975 1291 3080 1347 Sed
3109 1292 3502 1362 quia'spiritale
3527 1305 3729 1358 corpus

2129 1383 2400 1436 nescimus
2440 1393 2669 1451 quantos
2707 1381 2926 1436 habebit
2975 1395 3226 1436 accessus
3268 1381 3384 1452 (de
3427 1395 3490 1434 re
3524 1382 3726 1448 quippe

2126 1471 2401 1541 inexperta
2451 1471 2779 1542 loquimur);
2811 1471 2899 1526 ubi
2939 1472 3118 1543 aliqua
3148 1487 3267 1541 qua:
3297 1472 3454 1526 aliter
3490 1471 3652 1525 intell
3678 1471 3726 1537 gi

2132 1569 2400 1630 nequeant
2435 1561 2736 1616 divinarum
2770 1561 3169 1628 Scripturarum
3205 1576 3311 1616 non
3354 1561 3626 1626 occurrit,
3667 1571 3720 1612 et

2129 1654 2393 1707 succurrit
2434 1653 2745 1720 auctoritas,
2778 1667 3002 1708 necesse
3032 1661 3115 1708 est
3145 1661 3203 1708 ut
3229 1652 3506 1723 contingat
3539 1652 3596 1706 in
3631 1666 3726 1704 uo-

454 1768 549 1822 ρειι
571 1752 879 1830 propheum
906 1767 918 1802 :
945 1746 1151 1803 Cinlnm
1167 1754 1222 1802 et
1244 1753 1442 1800 terram
1467 1758 1567 1814 ego
1595 1743 1842 1814 impleo),
1867 1741 2024 1795 aliam
2060 1734 2104 1793 Β
2132 1746 2213 1800 his
2261 1745 2403 1816 quod
2454 1746 2646 1816 legitur
2690 1746 2745 1800 in
2797 1746 2936 1802 libro
2988 1746 3317 1815 Sapientiae:
3352 1744 3724 1815 Cogitationes

455 1850 658 1912 partem
704 1839 894 1894 dicturi
945 1850 1127 1891 sumus
1165 1849 1285 1890 eum
1333 1834 1388 1889 in
1434 1832 1574 1888 ctelo
1618 1831 1844 1899 habere,
1876 1841 1930 1886 et
1971 1831 2023 1886 in

454 1945 597 1990 terra
633 1932 820 1996 aliam,
861 1929 952 1985 sed
1003 1936 1146 1982 totus
1192 1925 1244 1981 in
1292 1925 1431 1980 cmlo
1460 1932 1564 1989 est,
1597 1930 1736 1977 totus
1765 1923 1818 1976 in
1850 1933 2024 1987 terra;

456 2037 562 2076 non
590 2016 808 2076 alternis
838 2016 1200 2088 temporibus,
1226 2014 1319 2069 sed
1352 2025 1633 2082 utrumque
1664 2013 1852 2076 simul,
1884 2011 2026 2080 quod

457 2112 600 2167 nulla
626 2120 812 2166 natura
841 2108 1134 2179 corporalis
1157 2113 1350 2177 potest.
1381 2103 1473 2158 Vis
1502 2105 1680 2172 itaque
1710 2103 2027 2172 pra-pollen-

453 2205 558 2260 tior
590 2203 864 2259 oculorum
911 2200 1016 2255 erit
1057 2198 1268 2254 illorum
1315 2211 1421 2252 non
1469 2205 1526 2250 ut
1572 2193 1749 2248 acrius
1791 2192 2025 2260 videant,

453 2307 608 2364 quam
636 2290 848 2362 quidam
877 2277 1223 2359 perhibentur
1254 2284 1436 2341 videre
1463 2291 1742 2352 serpentes
1771 2282 1851 2336 vel
1878 2282 2030 2351 aqui-

457 2383 542 2438 lae.
565 2379 905 2450 Quantalibet
926 2377 1066 2432 enim
1089 2375 1380 2430 acrimonia
1400 2372 1656 2428 cernendi
1685 2372 1873 2427 eadem
1900 2386 2032 2443 quo-

456 2488 560 2545 que
589 2470 867 2536 animalia,
898 2467 1030 2523 nihil
1067 2465 1211 2522 aliud
1245 2474 1464 2536 possunt
1494 2464 1681 2519 videre
1709 2477 1866 2533 quam
1909 2475 2034 2516 cor-

457 2579 619 2635 pora:
647 2561 740 2618 sed
771 2569 829 2615 ut
856 2559 1070 2614 videant
1099 2568 1152 2611 et
1181 2554 1554 2626 incorporalia.
1588 2554 1653 2608 Et
1681 2552 1904 2606 fortasse
1934 2552 2035 2606 ista

456 2659 624 2713 virtus
653 2670 844 2724 magna
874 2648 1128 2708 cernendi
1155 2649 1274 2704 data
1313 2646 1554 2702 fueritad
1579 2646 1765 2699 horam
1790 2643 1950 2698 etiam
1984 2642 2034 2696 in

457 2749 562 2806 isto
593 2744 805 2801 mortali
848 2754 1074 2811 corpore
1113 2737 1285 2793 oculis
1329 2738 1500 2792 sancti
1532 2733 1630 2788 viri
1674 2733 1795 2798 Job,
1825 2730 2039 2802 quando

458 2841 535 2894 ait
561 2837 626 2892 ad
664 2838 830 2891 Deum
861 2851 876 2889 :
910 2835 965 2889 In
992 2831 1242 2888 obauditu
1270 2831 1414 2885 auris
1458 2827 1738 2884 audiebam
1767 2835 1819 2881 te
1851 2824 2033 2893 prius,

459 2943 600 2983 nunc
627 2936 802 2982 autem
829 2925 1014 2980 oculus
1041 2922 1189 2977 meus
1227 2920 1372 2974 videt
1403 2927 1474 2986 te,
1504 2925 1784 2988 propterea
1817 2913 2038 2983 despexi

458 3019 852 3087 memetipsum,
881 3026 935 3070 et
962 3011 1195 3068 distabni
1226 3021 1280 3067 et
1305 3009 1566 3066 mstimavi
1615 3023 1702 3063 me
1750 3015 1944 3062 terram
1988 3015 2043 3060 et

456 3111 709 3167 cinerem.
740 3106 992 3174 Quamvis
1019 3103 1148 3159 nihil
1184 3102 1269 3157 hic
1300 3100 1580 3170 prohibeat
1611 3097 1822 3152 oculum
1853 3095 2034 3151 cordis
2063 3087 2111 3150 C

456 3200 699 3270 intelligi,
721 3197 789 3254 de
823 3195 1015 3264 quibus
1050 3194 1218 3248 oculis
1245 3192 1318 3246 ait
1349 3189 1638 3261 Apostolus
1665 3204 1680 3243 :
1712 3185 2040 3270 llluminatos

457 3267 650 3350 oculos
660 3289 860 3344 habere
884 3285 1060 3342 cordis
1085 3283 1245 3338 vestri
1273 3301 1286 3336 :
1314 3282 1442 3352 ipsis
1469 3289 1648 3336 autem
1672 3278 1846 3336 videri
1870 3267 2040 3334 Deum

458 3399 580 3441 cum
610 3381 900 3445 videbitur,
943 3377 1276 3434 Christianus
1319 3374 1538 3445 ambigit
1568 3389 1747 3441 nemo,
1770 3375 1860 3447 qui
1903 3373 2038 3430 lide-

458 3480 581 3534 liter
608 3474 802 3542 accipit
824 3469 963 3543 quod
982 3468 1057 3523 ait
1073 3467 1215 3523 Deus
1243 3466 1333 3522 ille
1369 3468 1657 3535 magister:
1686 3465 1832 3522 Beati
1853 3466 2036 3522 mundi

461 3565 625 3621 corde
673 3559 922 3632 quoniam
963 3557 1066 3626 ipsi
1112 3555 1347 3627 [Deum]
1393 3555 1651 3609 videbunt
1716 3554 1823 3611 Sed
1861 3566 2037 3611 utrum

463 3659 628 3714 etiam
664 3649 1030 3722 corporalibus
1077 3645 1149 3701 ibi
1178 3645 1346 3700 oculis
1387 3644 1659 3710 videatur,
1708 3645 1896 3701 hocin
1937 3648 2039 3704 ista

464 3746 759 3816 quaestione
788 3751 1082 3795 versamus.
1107 3736 1238 3790 lllud
1267 3736 1408 3790 enim
1436 3735 1588 3805 107
1609 3733 1751 3804 quod
1776 3736 2035 3806 scriptum

466 3845 569 3902 est,
629 3834 693 3890 Et
720 3831 921 3888 videbit
947 3829 1119 3884 omnis
1146 3841 1272 3882 caro
1300 3826 1533 3882 salutare
1564 3826 1655 3881 Dci
1682 3844 1699 3894 ;
1750 3828 1870 3884 sine
1901 3829 2040 3887 illius

468 3926 676 4001 [ullius]
705 3924 846 3981 nodo
893 3922 1220 3978 difficultatis
1259 3920 1338 3975 sic
1385 3920 1607 3990 intelligi
1641 3932 1838 3991 potest,
1888 3939 1952 3979 ac
1993 3925 2039 3978 si

468 4021 666 4077 dictum
700 4016 876 4083 fuerit,
898 4012 964 4070 Et
989 4014 1185 4068 videbit
1214 4011 1390 4066 omnis
1421 4012 1581 4066 homo
1606 4012 1874 4070 Christum
1921 4014 2036 4081 Dei,

469 4112 556 4183 qui
581 4111 760 4180 utique
786 4108 838 4162 in
860 4105 1239 4175 corporevisus
1254 4111 1359 4170 est,
1377 4113 1431 4157 et
1455 4103 1507 4156 in
1528 4117 1754 4172 corpore
1777 4103 2041 4161 videbitur

469 4201 682 4274 quando
706 4200 858 4254 vivos
883 4205 938 4252 et
964 4205 1205 4251 mortuos
1228 4193 1510 4264 iudicabit.
1533 4194 1688 4262 Quod
1716 4205 1894 4250 autem
1926 4198 2041 4267 ipse

472 4295 541 4350 sit
565 4293 798 4348 salutare
833 4289 952 4352 Dei,
996 4287 1161 4341 multa
1194 4295 1319 4341 sunt
1347 4297 1400 4343 et
1438 4287 1541 4342 alia
1573 4288 1878 4344 testimonia
1898 4285 2042 4345 Scri-

473 4393 744 4455 pturnrum
768 4396 785 4445 ;
808 4378 904 4436 sed
945 4375 1244 4432 evidentius
1271 4377 1562 4431 venerandi
1594 4377 1739 4433 illius
1766 4379 1912 4433 senis
1950 4378 2035 4434 Si-

2131 1837 2434 1892 mortalium
2484 1837 2680 1892 timida
2723 1847 2778 1892 et
2815 1837 3035 1893 incerta:
3080 1838 3436 1906 providentia
3489 1846 3724 1892 nostra.

2133 1927 2491 1984 Ratiocinatio
2538 1928 2734 1997 quippe
2765 1926 2854 1982 illa
2886 1927 3355 1997 philosophorum,
3399 1943 3503 1998 qua
3536 1927 3724 1996 dispu-

2131 2027 2244 2073 tant
2276 2019 2348 2074 ita
2378 2017 2573 2073 mentis
2602 2027 2820 2087 aspectu
2852 2017 3204 2086 intelligibilia
3233 2016 3428 2081 videri,
3459 2026 3519 2071 et
3552 2030 3717 2070 sensu

2129 2109 2369 2178 corporis
2398 2107 2694 2172 sensibilis,
2740 2107 2794 2162 id
2826 2117 2909 2162 est
2938 2107 3240 2176 corporalia
3279 2118 3337 2160 ut
3375 2121 3476 2160 nec
3516 2103 3715 2161 intelli-

2131 2199 2308 2270 gibilia
2340 2213 2436 2269 per
2464 2213 2679 2268 corpus,
2725 2213 2825 2253 nec
2846 2198 3146 2268 corporalia
3179 2213 3273 2268 per
3303 2200 3537 2269 seip~am
3570 2212 3722 2251 mens

2133 2297 2306 2350 valeat
2347 2294 2565 2360 intueri,
2609 2292 2654 2348 si
2686 2302 2865 2362 posset
2903 2290 3002 2364 [et]
3033 2292 3190 2347 nobis
3229 2307 3351 2347 esse
3393 2291 3721 2353 certissima,

2137 2386 2376 2457 profecto
2403 2392 2610 2440 certum
2639 2393 2785 2439 esset
2813 2399 2908 2454 per
2935 2383 3122 2438 oculos
3152 2383 3398 2452 corporis
3425 2381 3593 2437 etiam
3620 2381 3722 2449 ερὶς

2137 2476 2304 2531 ritalis
2351 2474 2496 2530 nullo
2538 2473 2698 2528 modo
2747 2487 2903 2543 posse
2949 2471 3132 2526 videre
3177 2471 3372 2527 Deum.
3422 2471 3531 2526 Sed
3567 2472 3722 2524 istam

2137 2564 2620 2627 ratiocinationem;
2665 2571 2718 2616 et
2746 2575 2870 2616 vera
2912 2562 3072 2626 ratio,
3118 2569 3174 2616 et
3198 2559 3508 2630 prophetica
3544 2557 3567 2632 [
3597 2559 3721 2613 irri-

2137 2650 2249 2723 det]
2277 2650 2473 2706 inridet
2517 2649 2825 2705 auctoritas.
2884 2649 3013 2716 Quis
3045 2649 3188 2704 enim
3228 2649 3301 2703 ita
3334 2650 3405 2704 sit
3445 2662 3720 2703 aversusa

2139 2761 2268 2804 vero
2294 2754 2352 2800 ut
2379 2745 2560 2801 dicere
2582 2744 2778 2800 audeat
2809 2744 2972 2800 Deum
3003 2745 3304 2816 corporalia
3336 2744 3436 2800 ista
3470 2744 3721 2800 nescire!

2142 2837 2387 2908 Nunquid
2419 2851 2549 2908 ergo
2578 2851 2774 2904 corpus
2799 2836 2961 2892 habet
2990 2853 3087 2907 per
3114 2837 3266 2907 cujus
3295 2840 3486 2894 oculos
3509 2854 3575 2893 ea
3605 2851 3722 2907 pos~

2144 2931 2215 2987 sit
2262 2930 2600 2985 addiscere?“
2631 2929 2826 2985 deinde
2873 2931 3014 3001 quod
3065 2931 3134 2985 de
3191 2932 3454 3002 propheta
3504 2931 3718 2988 Heliseo

2148 3022 2305 3091 paulo
2335 3030 2459 3074 ante
2500 3019 2757 3086 diximus,
2799 3036 2977 3075 nonne
3012 3022 3145 3076 satis
3177 3022 3378 3077 iudicat
3417 3024 3584 3077 etiam
3614 3024 3720 3092 apio

2141 3117 2250 3172 ritu
2282 3131 2385 3170 non
2419 3129 2513 3184 per
2537 3128 2734 3182 corpus
2760 3113 3058 3184 corporalia
3087 3129 3245 3185 posse
3269 3116 3454 3170 cerni?
3495 3115 3718 3184 Quando

2140 3209 2285 3263 enim
2317 3222 2505 3262 servus
2532 3208 2619 3263 ille
2650 3221 2870 3261 munera
2900 3205 3131 3274 accepit,
3164 3206 3349 3275 utique
3373 3206 3721 3275 corporaliter

2141 3288 2349 3371 gestum
2383 3307 2485 3364 est,
2527 3298 2667 3369 quod
2708 3306 2886 3351 tamen
2929 3295 3188 3365 propheta
3228 3311 3334 3350 non
3378 3311 3473 3366 per
3499 3309 3718 3365 corpus,

2139 3388 2235 3444 sed
2281 3403 2376 3457 per
2402 3389 2650 3460 spiritum
2680 3386 2834 3442 vidit.
2872 3385 3024 3440 Sicut
3053 3401 3181 3456 ergo
3218 3395 3430 3440 constat
3470 3401 3722 3457 corpora-

2141 3481 2213 3535 lia
2242 3478 2429 3534 videre
2455 3477 2725 3548 spiritum,
2755 3475 2882 3546 quid
2913 3476 2960 3531 si
2990 3483 3134 3530 tanta
3165 3476 3269 3531 erit
3300 3478 3532 3545 potentia
3564 3475 3720 3546 spiri-

2142 3567 2262 3622 talis
2288 3568 2552 3637 corporis,
2601 3575 2660 3621 ut
2695 3580 2923 3634 corpore
2951 3565 3192 3622 videatur
3215 3577 3268 3620 et
3294 3560 3553 3636 spiritus?
3605 3566 3722 3636 Spi-

2141 3659 2277 3714 ritus
2305 3659 2447 3712 enim
2476 3666 2560 3713 est
2590 3656 2752 3724 Dens,
2784 3655 2980 3712 deinde
3005 3657 3167 3710 vitam
3196 3656 3411 3726 quidem
3437 3671 3595 3710 suam
3623 3669 3722 3726 qu:

2143 3763 2284 3804 nunc
2325 3747 2456 3803 vivit
2493 3748 2546 3802 in
2586 3761 2837 3818 corpore,
2878 3754 2932 3801 et
2967 3746 3081 3802 haec
3109 3747 3603 3801 terrena-membra
3635 3761 3722 3801 ve-

2140 3850 2283 3911 getat
2313 3840 2543 3910 facitque
2573 3839 2806 3894 viventia
2865 3838 3120 3894 interiore
3150 3852 3314 3894 sensu
3353 3839 3581 3909 quisque
3615 3854 3715 3894 non

2143 3947 2237 4001 per
2262 3944 2549 4000 corporeos
2587 3929 2772 3985 oculos
2803 3931 2970 3993 novit,
3002 3928 3230 3983 aliorum
3271 3943 3401 3984 vero
3431 3931 3562 3982 vitas
3601 3945 3718 3983 cu

2141 4021 2242 4076 sint
2272 4019 2464 4075 invisib
2488 4021 2560 4073 les
2585 4034 2680 4089 per
2706 4033 2905 4088 corpus
2934 4019 3102 4072 videt.
3147 4017 3278 4072 Nam
3313 4018 3454 4094 unde
3483 4018 3718 4072 viventia

2140 4111 2496 4166 discernimus
2523 4126 2550 4166 a
2578 4126 2684 4165 non
2725 4108 3028 4164 viventibus
3055 4124 3305 4177 corpora,
3349 4110 3450 4164 nisi
3491 4123 3720 4180 corpora

2142 4202 2300 4258 simul
2337 4204 2576 4273 vitasque
2607 4203 2911 4269 videamus,
2954 4217 3086 4272 quas
3117 4202 3212 4256 nisi
3265 4217 3359 4272 per
3410 4216 3610 4273 corpus
3647 4205 3721 4256 vi-

2144 4298 2274 4350 dere
2322 4309 2426 4348 non
2477 4308 2760 4364 possumus
2786 4293 2810 4346 l
2836 4294 2972 4348 vitas
3016 4303 3194 4347 autem
3242 4293 3359 4348 sine
3384 4295 3721 4359 corporibus,

2146 4385 2422 4456 corporeis
2460 4384 2634 4439 oculis
2658 4398 2763 4439 non
2793 4384 3056 4440 videmus.
3091 4383 3451 4450 Quamobrem
3483 4383 3600 4437 ﬁeri
3634 4399 3722 4451 po-

472 4446 680 4530 rseonis
731 4470 892 4526 verba
939 4467 1238 4532 declarant,
1287 4467 1374 4537 qui
1433 4480 1553 4521 cum
1595 4466 1851 4523 infantem
1891 4468 2043 4524 Chri-
2071 4446 2125 4508 D
2153 4446 2263 4529 test
2322 4473 2579 4543 valdeque
2629 4473 2886 4528 credibile
2929 4483 3049 4538 est,
3093 4446 3174 4526 sic
3216 4487 3314 4525 nos
3351 4486 3472 4526 esse
3519 4446 3721 4526 visuros

475 4578 614 4623 stum
664 4564 961 4632 accepisset
1001 4560 1055 4614 in
1095 4573 1284 4614 manus
1313 4572 1438 4614 snas
1468 4576 1480 4610 :
1514 4557 1685 4626 Nunc,
1736 4559 1929 4631 inquit,
1967 4561 2048 4617 di.

477 4658 666 4724 mittis,
725 4653 970 4718 Domine,
1021 4665 1232 4706 servum
1287 4661 1434 4705 tuum
1483 4650 1780 4705 secundum
1827 4651 2049 4708 verbum

479 4762 629 4807 tuum
656 4750 710 4804 in
740 4761 890 4816 pace,
939 4743 1187 4814 quoniam
1226 4741 1473 4797 viderunt
1516 4742 1655 4796 oculi
1684 4742 1788 4796 mei
1821 4744 2054 4799 salutare

479 4854 646 4898 tuum.
696 4837 827 4894 lllud
873 4837 1033 4892 etiam
1066 4832 1207 4902 quod
1246 4833 1320 4888 ait
1382 4847 1544 4902 supra
1574 4841 1900 4889 memoratus
1926 4833 2050 4901 Joh,

479 4937 617 4990 sicut
657 4933 708 4986 in
740 4928 1133 5002 exemplaribus
1171 4939 1291 4995 qua:
1319 4940 1384 4978 ex
1417 4924 1644 4979 Hebraeo
1693 4933 1818 4980 sunt
1846 4926 2052 4982 inveni-

481 5040 569 5082 tnr
599 5044 612 5078 :
647 5025 713 5081 Et
760 5024 812 5080 in
854 5035 1016 5076 carne
1058 5033 1176 5073 mea
1207 5017 1396 5071 videbo
1443 5017 1648 5082 Deum;
1700 5022 2054 5074 resurrectio-

482 5133 603 5174 nem
632 5114 848 5186 quidem
889 5109 1070 5167 carnis
1098 5109 1214 5163 sine
1239 5107 1401 5161 dubio
1439 5106 1794 5176 propltetavit,
1829 5125 1932 5165 non
1967 5119 2049 5166 ta-

484 5223 603 5263 men
625 5206 781 5272 disit,
807 5217 900 5274 per
928 5214 1143 5256 carnem
1174 5212 1378 5267 meam;
1400 5197 1540 5266 quod
1571 5198 1786 5267 quidem
1816 5198 1860 5253 si
1878 5199 2049 5255 dixis-

482 5309 585 5367 set,
611 5296 788 5368 posset
815 5297 952 5351 Deus
970 5291 1214 5348 Christus
1242 5288 1488 5360 intelligi,
1513 5289 1602 5359 qui
1633 5304 1729 5358 per
1756 5305 1968 5347 carnem
1988 5295 2047 5350 lu

482 5407 642 5448 carne
681 5387 949 5445 videbitur
978 5398 1159 5440 :nunc
1199 5395 1329 5436 vero
1359 5389 1533 5448 potest
1570 5389 1623 5435 et
1661 5382 1745 5437 sic
1785 5383 1956 5452 accipi
1992 5385 2052 5440 ln

485 5497 646 5538 carne
676 5496 790 5536 mea
845 5476 1037 5532 videbo
1075 5474 1243 5529 Deum
1286 5471 1627 5546 [salvatorem
1675 5472 1899 5545 meum],
1925 5492 1988 5534 ac
2008 5478 2054 5532 si

486 5575 726 5636 dixisset,
755 5568 810 5626 ln
837 5583 997 5624 carne
1027 5581 1142 5622 mea
1179 5580 1276 5620 ero
1305 5576 1426 5619 cum
1456 5563 1648 5618 videbo
1677 5563 1862 5619 Deum.
1892 5565 1956 5622 Et
1987 5568 2056 5622 il-

485 5660 580 5718 lud
606 5661 742 5727 quod
772 5663 848 5716 ait
877 5657 1188 5729 Apostolus,
1241 5653 1398 5712 Facie
1421 5655 1487 5711 ad
1520 5653 1730 5721 faciem,
1784 5672 1886 5712 non
1915 5659 2057 5730 cogit

2155 4563 2418 4618 mundana
2461 4572 2591 4617 tunc
2615 4577 2836 4630 corpora
2865 4563 2987 4617 οωιὶ
3021 4561 3142 4616 novi
3182 4570 3239 4617 et
3271 4571 3427 4617 terrm
3454 4578 3634 4627 nove,
3662 4572 3714 4616 ut

2155 4657 2320 4711 Deum
2355 4654 2551 4724 ubique
2581 4662 2921 4725 presentem,
2971 4664 3027 4710 et
3062 4654 3309 4709 universa
3341 4653 3503 4709 etiam
3533 4669 3719 4724 corpo-

2154 4749 2284 4802 ralia
2310 4747 2718 4817 gnbernantem,
2758 4761 2851 4816 per
2879 4761 3103 4815 corpora
3143 4761 3262 4813 qua:
3293 4747 3650 4815 gestabimns,
3671 4756 3721 4800 et

2153 4854 2276 4909 qua
2326 4837 2758 4908 conspiciemus,
2815 4851 3237 4907 quaquaversum
3298 4838 3486 4891 υιιιιιος
3545 4838 3715 4892 duxe-

2158 4931 2346 4996 rimus,
2376 4929 2671 4986 clarissima
2702 4929 3077 4999 perspicuitate
3125 4929 3428 4993 videamus,
3462 4944 3570 4983 non
3593 4930 3720 4983 sicut

2159 5037 2298 5076 nunc
2327 5020 2610 5075 invisibilia
2643 5021 2732 5076 Dei
2765 5035 2859 5089 per
2887 5035 2949 5074 ea
2979 5035 3098 5089 qure
3125 5020 3260 5074 facta
3303 5029 3430 5074 sunt
3458 5019 3718 5073 intellecta

2156 5111 2578 5180 conspiciuntur,
2597 5127 2690 5178 per
2709 5111 2985 5178 speculum
3008 5111 3058 5163 in
3081 5112 3390 5179 aenigmate.
3409 5122 3461 5165 et
3475 5126 3542 5166 ex
3561 5121 3716 5179 parte,

2158 5200 2245 5254 ubi
2280 5200 2466 5268 plusin
2490 5199 2646 5254 nobis
2666 5201 2807 5254 valet
2838 5200 2968 5255 fides
2995 5214 3099 5269 qua
3121 5198 3416 5262 credimus,
3459 5214 3619 5269 quam
3648 5211 3720 5252 re-

2157 5295 2275 5350 rum
2297 5291 2653 5362 corporalium
2675 5292 2904 5359 species,
2931 5306 3087 5362 quam
3122 5305 3218 5360 per
3245 5292 3433 5346 oculos
3458 5292 3715 5347 cernimus

2159 5383 2466 5454 corporales
2494 5401 2507 5437 :
2539 5382 2632 5438 sed
2678 5381 2820 5438 sicut
2860 5381 3098 5437 homines
3130 5380 3273 5436 inter
3297 5395 3438 5450 quos
3480 5381 3707 5436 virentes

2161 5487 2442 5546 motusque
2487 5475 2674 5530 vitales
2725 5483 3033 5529 exserentes
3083 5470 3449 5544 [exercentes]
3485 5475 3713 5536 vivimus,

2165 5586 2284 5625 mos
2301 5582 2354 5624 ut
2384 5570 2669 5639 aspicimus
2691 5583 2795 5622 non
2819 5567 3090 5622 credimus
3114 5567 3317 5631 vivere,
3349 5567 3447 5622 sed
3466 5567 3712 5627 videmus.

2163 5675 2280 5715 cum
2321 5674 2502 5714 eorum
2543 5659 2704 5714 vitam
2754 5655 3223 5737 sine_corporibus
3272 5657 3458 5715 videre
3505 5672 3718 5727 nequea-
