3904 6224
1313 232 1755 299 TIIESAURUS.
1796 226 1950 283 CAP.
1992 221 2216 280 CLXVI.
3306 206 3363 256 8t
3379 205 3419 256 ε

1577 354 1722 414 omni
1753 352 1803 410 Α
1830 342 1938 396 Ero
1964 341 2176 396 illorum
2203 338 2366 402 Deus,
2390 343 2443 390 et
2473 332 2569 404 ipsi
2594 337 2753 388 erunt
2781 327 2909 383 milii
2942 325 3111 396 plebs,
3145 322 3267 388 nisi,
3299 320 3410 390 Ego

1832 449 1927 488 ero
1964 433 2105 488 unde
2147 433 2426 495 satientur,
2456 442 2557 498 ego
2600 439 2694 481 ero
2716 434 3068 494 quaecumque
3090 418 3156 472 ab
3185 414 3409 469 homini-

1832 525 1931 580 bus
1982 524 2207 579 honeste
2249 521 2624 577 desiderantur
2667 509 3106 590 [desiderentur],
3156 508 3315 580 108
3359 515 3415 559 et

1833 615 1960 682 vita,
1991 624 2044 670 et
2069 614 2236 677 salus,
2268 622 2322 668 et
2353 613 2624 676 victus,et
2646 609 2823 679 copia,
2846 617 2900 663 et
2920 604 3110 677 gloria,
3140 610 3194 656 et
3219 600 3413 660 honor,

1835 711 1889 757 et
1918 718 2042 772 pax,
2076 710 2130 757 et
2158 700 2338 756 omnia
2364 700 2544 754 bona?
2571 699 2661 754 Sic
2686 695 2826 752 enim
2849 705 2903 751 et
2929 693 3054 749 illud
3083 699 3229 747 recte
3256 685 3415 741 intel-

1837 795 2017 864 ligitur
2054 794 2197 865 quod
2229 793 2302 846 ait
2325 791 2631 859 Apostolus,
2666 788 2732 844 Ut
2755 788 2822 842 sit
2849 786 2989 841 Deus
3015 783 3191 840 omnia
3218 781 3271 836 in
3299 792 3416 831 om-

1840 885 2022 940 nibus.
2057 885 2176 952 Ipse
2208 883 2328 936 linis
2374 881 2477 935 erit
2518 878 2906 935 desideriorum
2954 883 3280 936 nostrorum,
3328 868 3417 939 qui

1841 976 1957 1030 sine
1998 975 2102 1029 line
2132 973 2422 1038 videbitur,
2453 970 2569 1025 sine
2595 967 2806 1023 fastidio
2829 965 3115 1030 amabitur,
3155 961 3269 1016 sine
3300 959 3420 1014 fati-

1842 1069 2055 1140 gatione
2106 1066 2442 1131 laudabitur;
2495 1065 2596 1119 boc
2640 1075 2855 1125 munus,
2909 1057 2997 1113 hic
3039 1057 3279 1120 affectus,
3334 1053 3422 1107 hic

1843 1175 1994 1218 actus
2016 1161 2256 1233 profecto
2284 1161 2389 1216 erit
2427 1151 2696 1222 omnibus,
2731 1157 2872 1212 sicut
2899 1155 3013 1224 ipsa
3046 1152 3151 1208 vita
3175 1163 3418 1206 commu-

1845 1253 1931 1310 nis
1962 1265 2189 1310 aterna.
2219 1253 2486 1309 Caeterum
2511 1251 2601 1321 qui
2625 1248 2788 1303 futuri
2812 1247 2918 1302 sint
2944 1241 3248 1314 promeritis
3288 1253 3425 1308 prat-

1846 1346 2101 1410 miorum,
2155 1343 2315 1399 etiam
2361 1341 2557 1410 gradus
2600 1339 2864 1394 bonorum
2911 1345 3071 1404 atque
3109 1329 3431 1403 gloriarum,

1847 1437 1967 1508 quis
1985 1442 2069 1490 est
2097 1434 2320 1488 idoneus
2342 1431 2597 1501 cogitare,
2623 1437 2822 1500 quanto
2848 1425 3016 1496 magis
3036 1420 3253 1478 dicere?
3275 1417 3434 1485 Quod

104 260 216 316 ενι

101 395 262 444 mus,
299 395 479 449 quam
518 386 694 430 tamen
742 373 794 427 in
824 369 903 427 eis
948 381 1041 436 per
1069 378 1296 435 corpora
1327 370 1528 418 remota

101 448 494 540 ambiguitate
532 466 918 536 conspicimus.
977 461 1049 513 lla
1089 470 1419 530 quacumque
1469 448 1728 520 spiritalia

103 564 196 617 illa
233 564 464 616 lumina
502 571 788 626 corporum
830 561 1134 608 nostrorum
1185 544 1618 604 circumlerimus
1649 540 1729 594 in-

104 668 471 721 corporeum
517 650 684 704 Deum
719 646 897 700 omnia
931 653 1232 713 regentem,
1264 639 1426 694 etiam
1476 650 1570 705 per
1614 646 1731 686 cor—

108 758 250 811 pora
271 741 692 797 contuebimur.
709 737 814 792 Aut
833 751 961 806 ergo
983 735 1060 790 sic
1081 749 1175 804 per
1199 733 1318 785 illos
1338 728 1523 795 oculos
1553 724 1629 780 sic
1657 723 1734 777 vi-

110 835 350 888 debitur
379 833 550 897 Deus,
585 838 640 884 ut
669 827 865 897 aliquid
900 826 1129 880 habeant
1156 823 1208 876 in
1240 830 1382 875 tanta
1414 813 1733 873 excellentia

113 924 300 979 menti
357 923 566 986 simile,
608 936 714 989 quo
751 927 806 974 et
848 917 1165 986 incorporea
1219 923 1405 968 natura
1456 917 1731 967 cernatur,

115 1018 270 1086 quod
319 1015 460 1069 ullis
497 1012 778 1082 exemplis,
815 1008 931 1065 sive
974 1007 1361 1078 scripturarum
1415 995 1739 1055 testimoniis

119 1109 488 1170 divinarum,
532 1104 618 1160 vel
650 1103 892 1170 difficile,
949 1101 1038 1157 vel
1085 1094 1413 1167 impossibile
1440 1099 1523 1146 est
1557 1098 1738 1144 osten-

121 1202 297 1264 dere;
327 1207 436 1254 aut
462 1197 604 1267 quod
634 1204 717 1251 est
745 1194 810 1249 ad
844 1190 1250 1260 intelligendum
1282 1185 1509 1245 facilius.
1543 1182 1614 1234 ita
1640 1194 1740 1232 no-

124 1292 213 1344 bis
265 1289 431 1344 Deus
473 1287 577 1342 erit
622 1295 778 1340 notus
822 1292 981 1353 atque
1026 1279 1367 1348 conspicuus,
1416 1280 1476 1327 ut
1502 1270 1744 1324 videatur

127 1382 342 1451 spiritu
382 1395 417 1433 ε
447 1378 672 1448 singulis
701 1377 854 1431 nobis
874 1375 926 1429 in
959 1371 1184 1444 singulis
1213 1366 1388 1430 nobis,
1411 1364 1654 1418 videatur
1677 1360 1744 1415 ab

128 1475 321 1528 altero
357 1472 421 1526 in
454 1471 649 1534 altero,
674 1468 918 1524 videatur
946 1467 998 1520 in
1028 1465 1226 1532 seipso,
1256 1459 1499 1514 videatur
1523 1456 1576 1511 in
1606 1453 1745 1510 caelo
1847 1453 1967 1508 (101³
1985 1453 2069 1536 es:
2097 1453 2597 1536 'VGOIO‘elIBAWE'WNf.
2623 1453 2822 1536 tiu-“fw
2848 1453 3247 1536 fusus-“1f;

447 1512 752 1615 terravriova
775 1599 790 1622 .
821 1566 979 1626 atque
1013 1555 1064 1608 in
1107 1512 1251 1608 omni
1280 1565 1398 1621 quae
1427 1559 1552 1604 tunc
1590 1547 1743 1602 fuerit
1807 1600 1816 1608 .
1849 1536 2027 1582 "me"
2047 1524 2209 1580 ίυίυτί
2239 1525 2468 1578 “imm”
2493 1531 2573 1576 θεῖ
2594 1519 2993 1626 εξιιδίεεξιάυεηι
3015 1512 3244 1626 θίξιξθέά
3266 1512 3426 1626 em":

135 1600 412 1708 ::e;tu:;
435 1600 978 1715 ;‘:iu;$iiiiuéi';e;'
994 1600 1746 1714 corpore
1807 1600 1816 1608 .
1852 1617 2005 1672 beata
2029 1615 2117 1669 ί¹¹²
2145 1615 2332 1714 είνίῑξίε
2362 1626 2612 1715 ιξιαεηυτξι
2637 1610 2690 1710 in
2720 1625 2785 1712 δεῖ
2807 1609 3006 1715 “in”?
3034 1604 3262 1707 νίάξέδῖιο
3286 1601 3427 1672 (ιιιοά

138 1695 737 1814 ξιξοξῖῖιζι-αἶιξῖιῖξέῆξι
765 1695 1297 1808 ξρίῦἶᾷιίζὲιῖέροτίε
1320 1695 1460 1788 oculi
1490 1695 1748 1799 acie'per-
1785 1723 1830 1784 Β
1856 1703 2284 1814 ηυιιίιευορςτῑῩτί
2327 1703 2466 1814 ullus
2511 1700 2734 1814 ίςξΐετίοτ
2768 1695 3431 1814 ξξινῑάξδῖινηεῖξξξξηξιιςλε

142 1790 512 1814 -ι-ν---ηηιητ
541 1790 634 1796 --νν
766 1790 890 1808 -τ-νν
1633 1790 1646 1799 .

142 1841 418 1895 veniente
443 1836 657 1892 direczi.
687 1834 949 1890 Patebunt
983 1833 1145 1888 etiam
1169 1829 1524 1901 cogitationes
1554 1833 1752 1881 nostra:

1880 1814 1962 1854 ton
1993 1797 2227 1852 invident
2252 1790 2597 1863 archangelis
2627 1790 2804 1862 angeli
2834 1790 3034 1853 caeteri,
3061 1794 3310 1852 tanquam
3339 1796 3435 1836 no-

145 1932 395 1985 invicem
425 1929 584 1982 nobis
613 1943 628 1978 :
662 1935 784 1981 tunc
809 1924 954 1980 enim
977 1883 1279 1994 implebituur
1300 1920 1443 1991 quod
1465 1916 1755 1987 Apostolus

1880 1891 1917 1946 it
1943 1904 2066 1946 esse
2095 1888 2458 1957 unusquisque
2488 1883 2628 1956 quod
2672 1898 2778 1937 non
2815 1883 3044 1949 accepit,
3093 1883 3337 1945 quamvis
3367 1885 3439 1928 Sll

1998 1982 2030 1994 ,ο
2096 1980 2108 1991 ο
2272 1993 2279 1994 ,
2342 1992 2354 1994 _
2374 1993 2384 1994 γ
2402 1976 2524 1994 ῌλξγ-
2552 1973 2758 1994 --ε----1-
2795 1971 2839 1994 -2
2912 1969 2997 1994 _..2
3021 1966 3222 1994 -AAAn=.
3245 1963 3439 1994 ,διαί-οἷ-

1859 1980 2205 2053 pacatissimo
2227 1976 2529 2082 concordia:
2551 1973 2762 2030 vinculo
2784 1971 2865 2085 lci,
2909 1969 2997 2085 qu'i
3021 1966 3226 2035 accepit
3244 1963 3440 2085 obstjni:

151 2055 276 2077 eu...
295 2055 539 2074 υιιισρυ.
563 2059 576 2071 .
600 2055 772 2072 ..νων
788 2055 913 2071 ..ην
937 2055 1145 2085 ......,,....
1169 2055 1459 2084 ,νην-η.
1477 2055 1678 2081 νων..
1694 2055 1719 2063 -
1737 2055 1752 2074 ,

151 2129 280 2168 Inoa
329 2111 551 2166 addidit
593 2129 606 2163 :
660 2110 836 2164 Donec
871 2109 1052 2163 vvniat
1094 2106 1352 2162 Dominus
1392 2114 1447 2160 et
1491 2103 1759 2159 illumiuet

1880 2084 1994 2139 :tus,
2025 2087 2183 2144 quam
2225 2084 2324 2126 nec
2362 2069 2414 2123 in
2454 2081 2682 2136 corpore
2712 2064 2824 2120 vult
2867 2061 3058 2119 oculus
3084 2072 3209 2115 esse
3235 2055 3326 2127 qui
3353 2063 3437 2110 est

1863 2167 2077 2237 digitus,
2120 2179 2240 2220 cum
2282 2163 2582 2218 membrum
2628 2168 2916 2227 utrumque
2956 2157 3230 2210 contineat
3280 2157 3442 2203 totius

1867 2257 2044 2312 carnis
2092 2264 2274 2325 pacata
2319 2267 2601 2322 compago.
2631 2251 2722 2306 Sic
2762 2248 2943 2318 itaque
2990 2242 3206 2299 babebit
3242 2240 3442 2294 donum

1872 2351 2005 2404 alius
2050 2349 2154 2403 alio
2185 2349 2383 2410 minus,
2427 2354 2486 2399 ut
2527 2345 2628 2399 hoc
2653 2357 2866 2413 quoque
2902 2339 3098 2394 donum
3144 2333 3338 2389 habeat
3377 2346 3446 2386 ne

1874 2441 2002 2496 velit
2030 2437 2283 2508 amplius,
2319 2452 2417 2491 nec
2440 2435 2560 2491 ideo
2585 2434 2809 2487 liberum
2839 2429 3117 2486 arbitrium
3151 2440 3255 2480 non
3283 2421 3447 2477 babe-

1879 2535 2033 2596 bunt,
2064 2531 2188 2600 quia
2220 2544 2300 2599 pe-
2321 2535 2443 2583 cata
2468 2541 2562 2580 eos
2591 2525 2858 2579 delectare
2886 2535 2990 2574 non
3019 2522 3289 2587 poterunt,
3337 2527 3451 2566 ma-

1876 2623 1957 2694 gis
1985 2623 2181 2693 Quippe
2213 2620 2317 2675 erit
2353 2619 2579 2673 liberum
2611 2611 2641 2670 a
2667 2611 3022 2670 delectatione
3052 2604 3329 2678 peccandi,
3364 2617 3452 2656 us.-

1879 2729 1983 2783 que
2023 2714 2090 2768 ad
2134 2711 2551 2768 delectationem
2593 2723 2698 2763 non
2741 2701 2998 2775 peccandi
3026 2694 3451 2755 indeclinabilem

1885 2807 2185 2861 liberatum.
2243 2801 2374 2858 Nam
2425 2801 2656 2870 primum
2697 2797 2922 2852 liberum
2970 2789 3272 2855 arbitrium,
3314 2783 3455 2856 quod

1884 2897 2086 2953 homini
2113 2896 2295 2950 datum
2313 2902 2416 2960 est,
2433 2890 2648 2963 quando
2677 2889 2902 2960 primum
2922 2892 3131 2941 creatus
3149 2888 3232 2936 est
3257 2889 3456 2939 rectus,

1886 2987 2056 3058 potuit
2087 3001 2194 3040 non
2235 2998 2478 3053 peccare,
2512 2982 2604 3038 sed
2639 2981 2808 3051 potuit
2836 2989 2888 3033 et
2922 2990 3164 3046 peccare.
3210 2971 3323 3027 lloc
3361 2983 3457 3023 au-

1889 3090 1994 3136 tem
2025 3079 2376 3133 novissimum
2401 3090 2465 3130 eo
2505 3073 2773 3144 potentius
2800 3071 2920 3135 erit,
2965 3084 3072 3139 quo
3098 3077 3321 3137 peccare
3351 3076 3458 3116 non

155 2200 493 2257 abscondita
527 2199 896 2265 tenebrarum,
938 2211 985 2253 et
1019 2197 1381 2254 manifestabit
1406 2195 1760 2265 cogitationes

158 2295 393 2362 cordis,-
416 2304 470 2349 et
513 2304 636 2347 tunc
670 2293 781 2346 laus
803 2291 905 2346 erit
934 2293 1220 2359 unicuique
1241 2305 1269 2342 a
1297 2289 1428 2344 Deo.

724 2413 946 2469 CAPUT
1002 2411 1231 2468 CLXVI.

171 2525 246 2580 De
289 2537 497 2582 caterua
535 2527 782 2594 felicitate
813 2525 1042 2578 Ciuitatis
1072 2521 1185 2584 Dei.
1224 2521 1548 2594 §abbatoqﬁue
1590 2534 1768 2588 perpe-

385 2609 507 2660 tuo,
535 2591 598 2652 ea:
620 2597 796 2651 eodem
818 2597 947 2650 libro
978 2611 1086 2649 xm
1116 2595 1179 2647 de
1208 2591 1422 2646 Cit-itote
1455 2591 1567 2644 Dei.

243 2711 472 2775 Quanta
502 2711 606 2764 erit
638 2708 724 2762 illa
755 2707 1006 2774 felicitas,
1056 2706 1144 2762 ubi
1176 2705 1380 2760 nullum
1413 2705 1518 2760 erit
1549 2703 1771 2769 malum,

178 2801 390 2855 nullum
444 2799 631 2854 latebit
672 2798 904 2861 bonum,
954 2796 1229 2852 vacabitur
1275 2795 1368 2850 Dei
1411 2793 1658 2849 laudibus
1685 2795 1774 2861 qui

177 2893 279 2946 erit
308 2892 500 2947 omnia
534 2890 584 2942 in
615 2888 897 2943 omnibus!
932 2888 1063 2942 Nam
1103 2886 1229 2956 quid
1261 2885 1406 2940 aliud
1449 2892 1660 2956 agatur,
1689 2884 1776 2938 ubi

183 2995 362 3050 neque
413 2980 524 3034 ulla
567 2978 768 3033 desidia
799 2978 1100 3032 cessabitur
1129 2991 1304 3046 neque
1335 2975 1443 3029 ulla
1489 2975 1778 3045 indigentia

187 3071 557 3135 laborabitnr,
609 3069 791 3123 nescio
824 3087 836 3119 :
867 3069 1159 3123 admoneor
1209 3068 1370 3122 etiam
1412 3076 1598 3121 sancto
1635 3066 1777 3120 Can-

191 3163 318 3230 tico,
349 3164 442 3217 ubi
477 3163 597 3232 lego
627 3162 710 3214 Vt'l
739 3161 899 3215 audio
929 3178 942 3212 :
971 3161 1116 3216 Beati
1139 3163 1227 3230 qui
1260 3160 1500 3214 habitant
1531 3158 1582 3211 in
1615 3158 1776 3212 domo

193 3263 276 3305 tua
316 3249 633 3321 [Domine];
678 3249 731 3304 in
771 3252 966 3304 saecula
1019 3250 1332 3304 surculorum
1379 3248 1668 3303 laudabunt
1707 3257 1780 3302 te.

195 3342 385 3396 Omnia
416 3342 658 3396 membra
703 3349 758 3394 et
802 3341 1003 3395 viscera
1032 3339 1449 3408 incorruptibilis
1496 3339 1738 3408 corporis
1763 3381 1777 3404 ,

195 3452 311 3503 qua:
333 3449 482 3490 nunc
502 3436 743 3490 videmus
768 3450 859 3503 per
877 3449 1006 3488 usus
1029 3433 1370 3488 necessitatis
1401 3433 1581 3487 varios
1603 3431 1784 3487 distri-

201 3527 344 3592 buta,
397 3527 655 3598 quoniam
703 3536 830 3580 tunc
874 3541 980 3580 non
1027 3527 1131 3579 erit
1174 3525 1284 3594 ipsa
1335 3525 1648 3589 necessitas,
1689 3523 1782 3578 sed

203 3621 355 3688 plena
379 3631 537 3675 certe
563 3621 824 3674 securitas
847 3618 962 3690 [sed
995 3620 1172 3688 plena,
1203 3627 1370 3683 certa,
1395 3616 1628 3687 secura,]
1652 3632 1788 3672 sem-

207 3712 414 3778 piterna
467 3710 744 3765 felicitas:
779 3709 1064 3779 proﬁcient
1115 3709 1360 3762 laudibus
1416 3707 1533 3762 Dei.
1589 3705 1789 3761 Omnes

207 3801 406 3868 quippe
439 3801 518 3854 illi
541 3800 611 3854 de
645 3800 838 3869 quibus
860 3798 974 3868 jam
1004 3813 1118 3852 sum
1154 3798 1384 3864 locutus,
1432 3797 1520 3866 qui
1553 3811 1693 3851 nunc
1714 3796 1790 3850 la-

211 3901 322 3945 tent
352 3886 650 3947 harmonia:
686 3891 983 3958 corporalis
1013 3891 1220 3946 numeri
1257 3905 1361 3943 non
1407 3891 1668 3954 latebunt,
1704 3889 1788 3941 in-

214 3984 482 4038 trinsecus
513 3994 564 4037 et
593 3983 928 4037 extrinsecus
977 3997 1072 4051 per
1115 3981 1358 4049 corporis
1387 3990 1579 4035 cuncta
1609 3979 1792 4046 dispo-

215 4074 320 4136 siti,
346 4086 401 4129 et
430 4090 554 4129 cum
586 4075 800 4129 ca-teris
831 4074 992 4129 rebus
1013 4089 1132 4144 qua:
1165 4074 1233 4127 ibi
1267 4089 1472 4144 magna:
1500 4082 1659 4141 atque
1687 4073 1785 4126 mi-

221 4167 412 4222 rabiles
435 4168 781 4233 videbuntur,
800 4165 1090 4220 rationales
1120 4176 1328 4220 mentes
1347 4165 1399 4220 in
1425 4166 1556 4220 tanti
1578 4164 1794 4219 artificis

225 4255 450 4321 laudem,
483 4254 818 4308 rationabilis
849 4253 1264 4324 pulchritudinis
1289 4253 1646 4308 deleCIatiOne
1675 4268 1796 4308 Suc-

225 4350 448 4404 ceudent
480 4345 835 4420 [succedent].
868 4347 968 4414 Qui
1005 4356 1182 4402 motus
1223 4347 1333 4402 illic
1378 4347 1563 4401 talium
1606 4362 1795 4415 corpo-

226 4453 337 4491 rmn
369 4441 473 4494 sint
499 4441 663 4493 futuri
695 4448 896 4493 temere
925 4437 1150 4492 delinire
1180 4451 1285 4492 non
1310 4437 1503 4500 audeo,
1534 4437 1674 4504 quod
1705 4451 1797 4489 ex-

231 4530 458 4600 cogitare
486 4547 592 4586 non
623 4530 794 4584 valeo.
824 4529 1024 4584 Tamen
1053 4539 1107 4585 et
1137 4538 1331 4597 motus,
1360 4538 1415 4584 et
1443 4537 1633 4594 status,
1660 4527 1797 4582 sicut

233 4621 335 4688 ipsa
383 4625 594 4692 species
630 4624 829 4678 decens
871 4625 976 4677 erit
1019 4624 1337 4692 quicumque
1380 4619 1482 4676 erit
1533 4621 1620 4675 ubi
1656 4620 1796 4690 quod

237 4724 333 4762 non
379 4713 594 4768 decebit.
641 4729 746 4766 non
786 4699 909 4767 erit.
950 4710 1109 4767 Certe
1149 4712 1234 4766 ubi
1273 4712 1416 4768 volet
1460 4711 1696 4780 spiritus.
1729 4711 1799 4764 ibi

238 4799 328 4850 erit
364 4804 610 4869 protinus
637 4817 854 4870 corpus,
882 4818 981 4857 nec
1007 4803 1151 4858 volet
1177 4802 1378 4873 aliquid
1418 4802 1636 4872 spiritus
1662 4802 1800 4871 quod

244 4900 333 4939 nec
359 4892 603 4957 spiritum
635 4891 804 4959 possit
829 4892 1122 4948 decernere
1149 4890 1386 4963 [decere]
1416 4907 1632 4962 corpus.
1664 4891 1801 4948 Vera

243 4972 308 5027 ibi
335 4977 496 5046 gloria
526 4979 630 5032 erit
654 4980 740 5032 ubi
788 4980 1051 5033 laudantis
1081 4994 1180 5034 nec
1217 4995 1401 5035 errore
1440 4971 1666 5049 quisque
1708 4995 1806 5034 nec

247 5065 538 5125 adulatione
579 5069 902 5123 laudabitur.
936 5069 1104 5125 Verus
1138 5071 1328 5134 honor,
1369 5073 1457 5141 qui
1489 5073 1614 5126 nnlli
1648 5087 1806 5140 nega-

250 5152 379 5211 bitur
406 5161 584 5233 digno,
610 5164 738 5217 nulli
772 5163 1043 5219 deferetur
1071 5163 1306 5234 indigno,
1335 5165 1425 5219 sed
1460 5181 1558 5221 nec
1586 5166 1656 5219 ad
1681 5180 1802 5220 eum

252 5248 437 5306 ambiet
460 5253 743 5326 [ambiget]
781 5256 919 5309 ullus
951 5256 1217 5325 indignus,
1252 5257 1343 5312 ubi
1374 5257 1550 5310 nullus
1582 5257 1775 5324 permit

257 5341 384 5390 tetur
409 5358 526 5399 esse
571 5344 674 5399 nisi
703 5345 913 5413 dignus.
944 5345 1080 5400 Vera
1115 5361 1234 5413 pax,
1281 5347 1368 5401 ubi
1411 5348 1538 5401 nihil
1571 5347 1802 5410 adversi,

259 5439 348 5479 nec
378 5447 405 5484 a
442 5438 640 5504 seipso,
698 5452 796 5490 nec
835 5438 901 5492 ab
953 5437 1059 5490 alio
1099 5438 1323 5507 quisque
1371 5439 1599 5508 patietur
1629 5458 1640 5490 :
1668 5453 1803 5508 prae-

261 5516 408 5573 mium
449 5525 654 5581 virtutis
708 5529 811 5580 erit
859 5527 971 5598 ipse
1015 5530 1103 5597 qui
1153 5529 1406 5583 virtutem
1461 5531 1607 5585 dedit
1655 5532 1809 5599 eique

261 5607 498 5680 seipsum,
533 5633 640 5684 quo
683 5619 870 5673 melius
899 5627 955 5674 et
985 5617 1156 5687 majus
1185 5620 1314 5672 nibil
1349 5621 1514 5688 possit
1540 5636 1659 5675 es~e
1690 5634 1811 5688 pro-

269 5697 413 5759 misit.
435 5706 564 5773 Qnid
588 5719 670 5764 est
692 5710 831 5764 enim
855 5709 994 5765 aliud
1018 5712 1156 5780 quod
1186 5726 1277 5780 per
1301 5711 1618 5782 Prolihetam
1641 5712 1774 5767 dixit
1794 5752 1807 5778 ,

1883 3172 2098 3243 poterit.
2125 3169 2324 3225 Verum
2353 3169 2455 3222 hoc
2475 3181 2688 3238 quoque
2717 3165 2809 3220 Dei
2834 3176 3055 3218 munere
3079 3175 3184 3214 non
3207 3173 3317 3213 sua:
3342 3171 3461 3227 pos-

1881 3263 2132 3317 sibilitate
2163 3271 2368 3315 natura:
2401 3279 2412 3313 :
2441 3258 2581 3313 aliud
2611 3264 2697 3312 est
2737 3258 2881 3312 enim
2927 3267 3050 3310 esse
3089 3252 3288 3316 Deum,
3319 3248 3464 3304 aliud

1881 3350 2196 3422 participem
2247 3349 2373 3413 Dei;
2423 3349 2563 3403 Deus
2606 3355 2794 3402 natura
2838 3358 3062 3417 peccare
3116 3358 3219 3396 non
3266 3348 3463 3410 potest,

1884 3445 2152 3512 particeps
2175 3456 2304 3496 vero
2333 3441 2425 3495 Dei
2455 3440 2523 3495 ab
2554 3439 2645 3493 illo
2667 3435 2863 3507 accipit
2884 3445 2940 3490 ut
2963 3447 3184 3504 peccare
3213 3447 3318 3487 non
3343 3444 3466 3500 pos-

1885 3536 1976 3590 sit.
2008 3533 2275 3590 Servandi
2313 3541 2490 3587 autem
2519 3531 2715 3601 gradus
2751 3536 2907 3583 erant
2931 3525 3093 3581 divini
3124 3522 3383 3586 muneris.
3413 3529 3476 3578 ut.

1891 3627 2118 3692 primum
2145 3625 2367 3680 daretur
2393 3623 2618 3678 liberum
2650 3619 2954 3684 arbitrium,
2984 3632 3088 3687 quo
3118 3631 3221 3669 non
3252 3628 3470 3684 peccare

1894 3719 2054 3771 bomo
2076 3725 2274 3784 posset,
2307 3714 2659 3768 novissimum
2702 3726 2806 3782 quo
2838 3723 3060 3778 peccare
3097 3722 3205 3762 non
3249 3712 3427 3772 posset
3455 3719 3479 3767 ;.

1891 3815 2050 3873 atque
2078 3805 2207 3860 illud
2235 3804 2301 3859 ad
2329 3801 2744 3872 comparandum
2787 3802 3045 3854 meritum
3063 3839 3079 3861 ,
3111 3798 3213 3851 hoc
3241 3794 3310 3849 ad
3337 3795 3470 3849 reci-

1893 3895 2144 3965 piendum
2174 3894 2450 3964 premium
2473 3892 2797 3962 pertineret;
2823 3889 2916 3944 sed
2943 3889 3064 3957 quia
3105 3885 3344 3958 peccavit
3373 3885 3472 3938 ista

1894 3997 2078 4040 natura
2107 4000 2227 4038 cum
2262 3997 2483 4053 peccare
2514 3982 2700 4052 potuit,
2729 3979 2958 4052 largiore
2986 3978 3159 4048 gratia
3195 3976 3483 4042 liberatur._

1894 4086 1953 4131 ut
1989 4076 2055 4131 ad
2097 4091 2214 4130 eam
2269 4075 2595 4142 perducatur
2639 4073 2968 4137 libertatem,
3005 4070 3060 4126 in
3103 4084 3206 4140 qua
3253 4084 3474 4138 peccare

1897 4185 2001 4224 non
2057 4169 2243 4237 possit.
2303 4168 2454 4222 Sicut
2505 4165 2651 4222 enim
2709 4165 2881 4232 prima
2933 4164 3310 4218 immortalitas
3355 4163 3457 4216 fuit

1896 4274 2056 4330 quam
2089 4258 2364 4329 peccando
2392 4257 2561 4312 Adam
2588 4256 2844 4327 perdidit,
2875 4270 3032 4322 posse
3058 4271 3164 4311 non
3192 4255 3347 4319 mori,
3375 4271 3475 4308 no-

1899 4349 2117 4404 vissima
2161 4349 2282 4414 erit,
2331 4364 2436 4403 non
2469 4361 2627 4418 posse
2657 4347 2792 4400 mori
2824 4346 2934 4404 :ita
2977 4346 3202 4413 primum
3251 4346 3478 4400 liberum

1829 4480 1876 4540 ο
1900 4439 2174 4494 arbitrium
2207 4453 2363 4508 posse
2388 4453 2490 4491 non
2519 4451 2762 4506 peccare,
2809 4439 3158 4492 novissimum
3189 4451 3292 4490 non
3321 4452 3478 4504 posse

1903 4545 2145 4601 peccare.
2173 4531 2264 4584 Sic
2291 4529 2435 4585 enim
2466 4529 2574 4583 erit
2604 4526 2967 4582 inamissibilis
2997 4528 3240 4582 voluntas
3273 4529 3480 4596 pietatis

1901 4632 1955 4678 et
1999 4621 2287 4693 aequitatis,
2337 4620 2606 4690 quomodo
2649 4629 2732 4676 est
2779 4621 3072 4676 felicitatis.
3126 4619 3265 4676 Nam
3301 4621 3482 4691 utique

1902 4716 2195 4786 peccando,
2237 4730 2336 4769 nec
2379 4716 2650 4784 pietatem.
2693 4727 2791 4768 nec
2830 4712 3141 4768 felicitatem
3185 4715 3474 4778 tenuimus,

1906 4807 2233 4863 voluntatem
2257 4820 2387 4860 vero
2417 4805 2686 4860 felicitatis
2717 4819 2815 4859 nec
2844 4803 3049 4874 perdita
3077 4803 3328 4857 felicitate
3358 4819 3481 4871 per-

1906 4897 2158 4952 didimus.
2205 4896 2365 4951 Certe
2397 4896 2535 4950 Deus
2576 4896 2691 4964 ipse
2735 4893 2972 4962 nunquid
3018 4893 3266 4961 quoniam
3312 4890 3478 4963 [quia]

1913 5003 2136 5056 peccare
2167 5003 2272 5041 non
2311 4995 2503 5055 potest,
2553 4985 2674 5040 ideo
2705 4984 2926 5039 liberum
2958 4981 3231 5036 arbitrium
3281 4980 3482 5035 habere

1910 5079 2184 5148 negandus
2225 5077 2342 5132 est?
2394 5077 2506 5130 Erit
2552 5091 2678 5144 ergo
2715 5075 2858 5130 illius
2901 5075 3144 5135 civitate,
3187 5082 3241 5128 et
3277 5089 3381 5127 una
3425 5074 3478 5127 in

1907 5169 2180 5233 omnibus,
2212 5178 2268 5223 et
2298 5167 2674 5236 inseparabilis
2702 5167 2752 5220 in
2777 5164 2998 5235 singulis
3026 5166 3265 5218 voluntas
3289 5164 3479 5229 libera,

1907 5261 1974 5314 ab
1999 5263 2144 5314 omni
2170 5259 2309 5313 malo
2336 5260 2574 5323 liberata,
2610 5267 2664 5311 et
2685 5255 2898 5324 impleta
2930 5254 3070 5309 omni
3104 5254 3264 5319 bono,
3296 5254 3480 5310 fruens

1909 5337 2283 5406 indelicienter
2351 5360 2674 5404 aeternorum
2733 5346 3061 5415 jncunditate
3122 5346 3479 5414 gaudiorum,

1910 5440 2071 5493 oblita
2125 5441 2425 5508 culparum,
2477 5439 2640 5493 oblita
2673 5451 2968 5506 pinnarum,
3017 5453 3114 5491 nec
3155 5438 3274 5491 ideo
3304 5451 3479 5493 tamen

1910 5545 2023 5584 sua:
2079 5529 2411 5583 liberationis
2463 5527 2645 5591 oblita,
2703 5537 2759 5579 nt
2799 5527 3065 5582 liberatori
3107 5544 3204 5583 suo
3257 5545 3362 5584 non
3412 5531 3482 5588 sit

1911 5630 2082 5690 grata.
2138 5619 2405 5686 Quantum
2437 5633 2563 5687 ergo
2591 5618 2776 5671 attinet
2810 5619 2875 5671 ad
2916 5619 3191 5673 scientiam
3243 5621 3478 5675 rationa-

1917 5713 2042 5778 lem,
2097 5725 2302 5766 memor
2332 5710 2714 5780 praeteritorum
2745 5709 2902 5764 etiam
2933 5709 3192 5764 malorum
3238 5727 3478 5782 suorum,
