3904 6224
200 230 299 284 831

1375 222 1798 279 TIIESAURL‘S.
1840 222 1990 278 CAP.
2030 224 2304 281 CLXVIII.

3356 223 3460 278 8‘12

199 346 355 412 Quod
390 347 460 398 ita
491 345 661 398 tenuit
689 340 1042 408 consuetudo,
1070 347 1127 392 ut
1154 337 1314 392 etiam
1342 337 1452 407 jam
1483 339 1640 407 vu'go
1668 353 1786 404 per-
1819 338 1861 393 A
1891 337 2126 407 quinque
2157 339 2343 394 millia.
2397 338 2614 407 Accepit
2660 353 2789 409 ergo
2837 353 3003 408 panes
3032 339 3188 394 Jesus
3215 379 3228 400 ,
3259 347 3314 392 ct
3341 354 3462 393 cum

203 444 459 488 ventores
511 433 889 501 appelli-mur,
946 431 1033 498 qui
1079 429 1376 500 potentium
1425 427 1792 497 quorumlibet

203 538 458 595 tanquam
513 523 908 576 inaccessibiles
937 522 1145 574 animos
1167 559 1184 586 ,
1234 534 1329 588 per
1357 518 1789 574 comenieutium

203 631 555 686 perstutarum
603 616 1062 683 interpositionem
1093 613 1400 668 ambitionis
1428 623 1544 666 arte
1590 611 1792 680 pt-rtin-

203 725 358 784 sunt.
410 717 467 772 Si
526 730 654 782 ergo
701 714 829 785 ipsa,
869 715 1146 783 perventio
1204 714 1400 767 usitate
1451 710 1646 764 dicitur
1698 722 1795 776 per

204 807 349 861 alios
371 807 508 871 ﬁeri,
540 815 743 875 quanto
771 806 937 876 magis
977 819 1223 859 accessus
1254 819 1347 872 per
1382 802 1520 856 alios
1551 800 1664 854 lieri
1697 813 1791 866 ρος

206 909 358 967 test,
391 901 478 969 qtti
517 899 833 969 plerumque
883 899 1017 954 infra
1066 899 1465 968 perventiOnem
1514 900 1792 958 remanet,

206 991 430 1060 quando
463 990 933 1061 potueritquisqne
962 989 1245 1059 plurimum
1269 986 1483 1055 quidem
1513 982 1794 1045 accedere,

207 1083 309 1138 sed
336 1095 512 1137 uituen
535 1099 641 1138 non
673 1083 900 1151 potuerit
933 1079 1251 1151 pervenire?
1279 1079 1390 1132 Non
1412 1089 1540 1144 ergo
1567 1074 1800 1128 absurde

209 1176 530 1240 Mattheus,
577 1176 739 1231 etiam
785 1175 926 1246 quod
979 1174 1135 1243 vulgo
1188 1181 1370 1243 posset
1425 1168 1668 1238 intelligi,
1702 1181 1800 1236 per

209 1267 352 1323 alios
383 1268 522 1324 facto
549 1283 767 1324 accessu
816 1267 1149 1323 centurionis
1178 1267 1244 1319 ad
1289 1264 1568 1318 Dominum
1591 1303 1607 1328 ,
1646 1275 1798 1316 com-

215 1360 418 1430 pendio
465 1361 644 1416 dicere
698 1361 900 1428 voluit,
949 1359 1194 1414 Accessit
1242 1357 1308 1411 ad
1362 1372 1484 1411 eum
1533 1353 1794 1411 centurio.

215 1453 600 1510 Verumtamen
657 1471 760 1509 non
815 1455 1145 1527 negligenter
1196 1450 1446 1505 intuenda
1497 1457 1583 1504 est
1636 1447 1799 1502 etiam

213 1547 392 1613 sancti
425 1548 766 1616 evangelista:
793 1546 1022 1600 altitudo
1067 1544 1306 1614 mystica:
1336 1538 1620 1596 locutionis
1645 1581 1662 1602 ,
1709 1551 1799 1592 se-

214 1639 456 1694 cundum
500 1638 639 1706 quod
671 1638 926 1707 scriptum
975 1644 1058 1691 est
1085 1636 1137 1689 in
1167 1633 1373 1704 psalmo
1403 1648 1419 1686 :
1455 1630 1708 1686 Accedite
1733 1629 1800 1682 ad

1893 430 2089 497 gratias
2127 433 2359 498 egisset.
2391 432 2664 487 distribuit
2694 432 3195 495 discutnbentibus;
3226 432 3466 487 similiter

1894 527 1949 573 et
1999 535 2062 574 ex
2088 521 2317 589 piscibus
2358 531 2616 591 quantum
2646 523 2916 577 volebant.
2952 523 3016 578 Ut
3047 531 3228 576 autem
3260 520 3462 589 impleti

1895 619 2047 677 sunt,
2082 613 2212 666 dixit
2240 614 2516 681 discipulis
2559 616 2671 680 suis
2704 632 2717 668 :
2748 614 2994 683 Colligite
3029 629 3150 684 qua:
3180 625 3473 681 superave-

1897 713 2019 757 runt
2049 702 2342 773 fragmenta
2371 719 2438 758 ne
2471 716 2709 772 pereant.
2751 705 3096 776 Collegerunt
3125 720 3252 774 ergo
3290 713 3345 758 et
3376 703 3471 756 im-

1899 793 2176 862 pleverunt
2239 793 2519 848 duodecim
2594 795 2858 862 cophinos
2931 796 3350 864 l'ragmentm-um
3404 806 3471 846 ex

1898 886 2130 954 quinque
2177 884 2403 953 panibus
2459 884 2770 939 hordeaceis
2823 901 2942 956 qum
2971 886 3348 955 superfuerunt
3392 885 3474 938 his

1899 975 1989 1044 qui
2015 976 2494 1030 manducavcrunt.
2525 976 2740 1030 Nonhic
2768 977 3022 1046 qtueritur
3047 978 3185 1045 quod
3208 976 3474 1041 istedixit,

1899 1067 2195 1136 cujusmodi
2219 1076 2401 1123 essent
2432 1084 2595 1138 panes
2614 1112 2627 1130 .
2660 1067 2989 1123 hordeaceus
3017 1070 3159 1123 enim
3187 1069 3350 1125 fuisse
3372 1084 3478 1124 non

1900 1159 2103 1223 tacuit,
2151 1159 2291 1229 quod
2324 1160 2506 1214 caeteri
2537 1169 2842 1215 tacuerunt.
2873 1160 3054 1230 Neque
3085 1160 3185 1215 hoc
3225 1161 3480 1230 queritur

1900 1252 2041 1321 quod
2075 1252 2175 1307 iste
2203 1267 2307 1306 non
2335 1253 2492 1319 dixit,
2527 1252 2689 1308 fuisse
2721 1252 2793 1308 ibi
2824 1252 2986 1314 etiam
3030 1261 3222 1320 prmtt-r
3249 1250 3480 1320 quinque

1904 1344 2070 1399 millia
2092 1345 2328 1399 virorum
2376 1345 2630 1401 mulieres
2659 1354 2715 1400 et
2741 1344 3008 1415 parvulos,
3032 1343 3176 1414 quod
3198 1343 3328 1398 dicit
3350 1343 3481 1398 llat-
3577 1327 3581 1330 Α

1903 1438 2106 1503 thzeus,
2152 1447 2206 1492 et
2234 1437 2454 1492 omnino
2475 1438 2585 1508 jam
2613 1445 2819 1493 certum
2849 1451 2968 1492 esse
3007 1434 3174 1490 debet
3198 1443 3252 1490 et
3276 1434 3484 1504 regula-

1903 1527 2034 1583 riter
2052 1529 2220 1584 teneri
2250 1529 2299 1582 in
2330 1529 2524 1583 talibus
2540 1529 2954 1599 qnzestiouibus,
2985 1527 3257 1582 neminem
3282 1525 3484 1580 moveri

1902 1632 2150 1691 oportere
2179 1638 2300 1676 cum
2342 1624 2410 1678 ab
2435 1623 2539 1676 alio
2567 1622 2763 1676 dicitur
2787 1663 2801 1685 ,
2847 1620 2988 1691 quod
3015 1621 3084 1676 ab
3112 1620 3220 1676 alio
3265 1629 3486 1687 pra-ter-

215 1745 347 1784 eum
388 1741 442 1784 et
471 1727 862 1783 illuminamini.
896 1726 1128 1783 Proinde
1170 1725 1292 1794 quia
1337 1723 1492 1778 ﬁdem
1536 1722 1804 1778 renttuio-
1838 1711 1879 1770 Β
1907 1713 2154 1767 mittitur.
2189 1711 2292 1767 Sed
2338 1717 2593 1781 quaeritur
2636 1711 2905 1781 quomodo
2955 1726 3022 1766 ea
3067 1725 3189 1780 qua:
3236 1709 3485 1764 dixerunt

216 1820 332 1884 uis,
377 1833 479 1888 qua
508 1833 634 1873 vere
663 1818 937 1873 acceditur
961 1816 1027 1871 ad
1055 1816 1264 1881 Jesum,
1299 1816 1416 1886 ipse
1465 1814 1538 1868 ita
1569 1813 1806 1868 laudavit

216 1923 273 1966 ut
298 1912 501 1968 diceret
531 1931 544 1966 :
573 1913 686 1969 Non
729 1913 910 1968 inveni
955 1921 1158 1967 tantam
1207 1912 1364 1966 tidem
1411 1911 1463 1965 in
1501 1910 1692 1976 lsraél;
1724 1910 1805 1978 ip-

216 2020 342 2060 sum
375 2007 548 2075 potius
576 2006 871 2062 accessisse
890 2005 953 2060 ad
985 2003 1254 2061 Christum
1283 2004 1462 2059 dicere
1494 2004 1656 2057 voluit
1681 2017 1806 2070 pru-

217 2096 362 2151 dens
389 2096 746 2167 Evangelista,
778 2113 938 2164 quam
969 2097 1090 2152 illos
1116 2110 1210 2166 per
1237 2109 1370 2165 quos
1394 2094 1554 2149 vetba
1585 2110 1676 2148 sua
1704 2093 1807 2147 nti-

219 2197 389 2242 serat.
415 2189 577 2243 Porro
600 2199 778 2243 autem
811 2188 979 2243 Lucas
1008 2188 1129 2242 ideo
1160 2195 1326 2241 totum
1355 2185 1800 2256 quemadmodum

221 2289 432 2346 gestum
462 2287 604 2332 esset
627 2279 833 2346 apt-ruit
859 2320 874 2342 ,
907 2289 964 2332 ut
992 2293 1057 2332 ex
1099 2279 1198 2332 hoc
1239 2279 1537 2345 intelligere
1582 2291 1806 2346 cogere-

226 2385 368 2433 mur,
394 2369 842 2438 quemadmodum
860 2385 982 2424 eum
1001 2368 1294 2423 accessisse
1314 2367 1511 2422 dixerit
1531 2368 1692 2428 alius,
1714 2367 1802 2434 qui

224 2462 446 2516 mentiri
478 2476 583 2516 non
609 2466 799 2530 potuit.
844 2462 934 2516 Sic
957 2461 1100 2516 enim
1128 2461 1212 2514 illa
1244 2459 1438 2513 mulier
1463 2474 1580 2528 qua:
1604 2459 1805 2511 lluxnm

223 2553 502 2623 sanguinis
532 2553 837 2622 patiebatur
862 2596 875 2618 ,
926 2553 1168 2621 quamvis
1201 2552 1464 2623 ﬁmbriam
1499 2566 1572 2602 vc.
1595 2550 1806 2605 timenti

225 2645 344 2715 ejus
388 2647 638 2711 tenuerit,
691 2647 857 2716 magis
906 2656 1082 2701 tamen
1116 2646 1286 2716 tetigit
1317 2645 1601 2699 Dominum
1633 2661 1794 2715 quam

226 2740 333 2794 ilhc
363 2739 549 2806 turbte,
594 2754 622 2792 a
654 2740 844 2808 quibus
877 2741 1234 2808 premebatur.
1277 2739 1347 2794 Ut
1377 2739 1521 2793 enim
1551 2740 1667 2792 haec
1698 2753 1806 2808 quo

227 2831 402 2901 magis
427 2831 687 2896 credidit,
720 2846 784 2885 eo
831 2832 997 2899 magis
1047 2832 1219 2903 tetigit
1267 2832 1551 2886 Dominum
1597 2847 1610 2884 :
1653 2831 1722 2885 ita
1750 2838 1808 2884 et

227 2924 496 2986 centurio,
527 2937 633 2991 quo
665 2923 831 2990 magis
875 2923 1106 2977 credidit
1126 2965 1139 2985 ,
1190 2937 1255 2976 eo
1284 2922 1452 2991 magis
1481 2920 1709 2977 accessit
1737 2921 1802 2974 ad

229 3012 533 3066 Dominum.
568 3012 685 3067 Jam
728 3022 920 3068 czetera
964 3014 1015 3068 iu
1049 3014 1149 3068 hoc
1191 3014 1422 3082 capitulo
1447 3054 1461 3077 ,
1508 3028 1626 3081 qua:
1665 3013 1802 3067 alter

1910 1815 2034 1858 vera
2061 1803 2168 1856 siut
2214 1803 2545 1867 omnia,_ne
2591 1803 2952 1856 narrationem
2997 1802 3219 1856 alterius
3267 1815 3486 1854 nar'ans

1906 1895 2075 1962 aliud,
2112 1892 2248 1950 alter
2275 1896 2546 1950 excludat.
2584 1895 2641 1950 Si
2680 1895 2824 1952 enim
2870 1894 3159 1960 Dominus,
3194 1894 3486 1948 secundum

1908 1987 2266 2042 narrationem
2305 1986 2546 2052 Joannis,
2582 1987 2883 2060 perspectis
2929 1987 3120 2053 turbis,
3171 1985 3414 2056 qumsivit
3457 2002 3487 2040 a

1908 2075 2188 2147 Philippo,
2219 2086 2434 2134 tentans
2454 2093 2601 2144 eum,
2633 2079 2775 2134 unde
2804 2078 2908 2134 illis
2937 2094 3077 2135 esca:
3101 2078 3215 2133 dari
3248 2087 3485 2146 possent,

1909 2179 2085 2239 potest
2135 2175 2337 2228 moveri
2377 2171 2647 2240 quomodo
2675 2171 2743 2226 sit
2773 2186 2955 2226 verum
3004 2171 3146 2241 quod
3185 2172 3272 2225 alii
3308 2186 3488 2225 narra-

1910 2271 2118 2326 Verunt,
2152 2263 2296 2332 prius
2325 2263 2526 2318 dixisse
2558 2264 2789 2319 Domino
2816 2264 3132 2335 discipulos,
3165 2273 3223 2319 ut
3251 2264 3490 2319 dimitte-

1908 2368 1982 2411 ret
2016 2357 2221 2420 turbzts,
2245 2372 2351 2427 quo
2371 2367 2588 2426 possent
2628 2358 2728 2413 sibi
2759 2360 3010 2413 alimenta
3039 2374 3220 2414 cinere
3260 2359 3326 2414 de
3369 2355 3490 2428 pro-

1910 2449 2066 2504 ximis
2120 2449 2284 2515 locis;
2332 2451 2523 2518 quibus
2577 2451 2669 2505 ille
2717 2452 2995 2520 respondit
3037 2451 3330 2507 secundum
3363 2451 3490 2505 Mat-

1911 2541 2145 2596 tlueum:
2179 2541 2292 2595 Non
2327 2541 2524 2597 habent
2563 2556 2782 2597 necesse
2812 2544 2914 2609 ire,
2945 2543 3070 2596 date
3099 2545 3178 2597 eis
3203 2559 3300 2596 vos
3333 2558 3482 2595 man-

1908 2634 2124 2688 ducare.
2153 2632 2250 2688 Cui
2277 2633 2432 2687 etiam
2463 2634 2669 2688 Marcus
2693 2634 2965 2703 Lucasque
2992 2634 3353 2695 consentiunt.
3378 2641 3491 2685 tan-

1913 2735 2021 2778 tum
2056 2725 2154 2779 hoc
2186 2725 2660 2793 praetermittentes
2688 2725 2827 2794 quod
2857 2726 2932 2778 ait
2965 2744 2977 2778 :
3024 2727 3137 2779 Non
3170 2723 3364 2778 habent
3397 2740 3487 2778 uc-

1907 2830 2057 2870 ce~se
2085 2815 2182 2868 ire.
2214 2814 2531 2882 Intelligitur
2551 2830 2680 2882 ergo
2710 2825 2828 2882 post
2857 2817 2970 2869 [nec
3003 2816 3168 2871 verba
3201 2815 3486 2868 Dominum

1908 2905 2206 2974 inspexisse
2253 2904 2670 2973 multitudinem,
2704 2915 2760 2961 et
2806 2904 3007 2960 dixisse
3039 2906 3304 2974 Philippo,
3344 2904 3487 2974 quod

1908 2986 2140 3051 Joannes
2170 3006 2598 3060 commemorat,
2651 2998 2736 3052 isti
2780 3007 2956 3052 autem
3008 2999 3485 3067 prastermiserunt.

229 3102 383 3164 dicit,
417 3111 469 3156 et
492 3103 630 3156 alter
660 3103 1040 3170 praetermittit,
1074 3081 1343 3171 superﬂuo
1392 3111 1806 3171 pcrtraclantur,
1835 3081 1878 3140 (ἶ
1917 3088 2116 3142 Deinde
2144 3087 2282 3156 ειυοά
2315 3087 2591 3156 Philippus
2613 3088 2751 3156 apud
2768 3085 3026 3142 Joaﬂllem
3059 3086 3361 3156 ῐεενοηιιίιν
3393 3087 3495 3143 “0c

228 3207 351 3247 cum
383 3209 445 3248 ex
471 3193 555 3248 illa
589 3195 767 3263 regula
803 3195 1044 3261 primitus
1076 3195 1448 3249 commendata
1480 3194 1611 3247 nihil
1656 3194 1806 3248 inve-

230 3284 448 3338 niantur
474 3282 671 3338 habere
698 3286 1048 3338 COnIrariunt.

750 3375 978 3430 CAPUT
1017 3376 1294 3430 CLXVIII.

233 3463 298 3518 lu
332 3467 585 3520 miraculo
605 3469 669 3522 de
693 3469 914 3538 quinque
941 3469 1157 3536 panibus
1186 3509 1199 3531 ,
1225 3469 1650 3536 quemadmodum
1679 3469 1813 3521 inter

411 3554 464 3590 se
487 3554 656 3591 omnes
683 3551 899 3606 quatuor
923 3539 1245 3608 evangelist
1289 3541 1627 3592 consentiant.

307 3627 422 3682 Hoc
449 3644 576 3698 ergo
599 3630 911 3685 miraculum
942 3630 1084 3699 quod
1115 3645 1303 3684 omnes
1327 3642 1558 3699 quatuor
1584 3646 1814 3699 evange-

236 3721 373 3774 Iista'.
415 3732 872 3791 commemorant,
926 3732 980 3777 et
1011 3731 1265 3791 putantur
1315 3724 1452 3778 inter
1484 3739 1541 3778 se
1570 3723 1812 3795 [aliquid]

234 3814 544 3882 discrepare
569 3816 1012 3870 considerandum
1051 3826 1211 3887 atque
1244 3818 1575 3872 tractandum
1607 3828 1725 3879 est;
1759 3825 1817 3870 ut

235 3921 303 3960 ea
350 3907 454 3960 hoc
494 3907 652 3961 etiam
681 3907 745 3960 ad
776 3919 971 3962 caetera
1017 3909 1218 3962 similia
1256 3909 1452 3976 regula:
1483 3909 1813 3962 locutionum

218 4000 549 4063 discantur,
601 4000 792 4067 quibus
833 4011 937 4054 tam
992 4001 1220 4056 diversis
1262 4002 1450 4056 eadem
1484 4011 1658 4054 tamen
1704 4015 1816 4053 sen-

239 4091 402 4144 tentia
433 4092 724 4156 retinetur,
756 4102 809 4144 et
837 4092 1023 4146 eadem
1051 4107 1227 4145 rerum
1261 4095 1457 4148 veritas
1489 4093 1814 4148 custoditur.

206 4180 306 4234 .Et
354 4179 652 4234 inchoanda
683 4182 895 4251 quidem
927 4192 1011 4236 est
1038 4184 1400 4239 consideratio
1422 4226 1437 4249 ,
1476 4200 1580 4239 non
1612 4199 1640 4237 a
1686 4185 1819 4239 Mat-

239 4274 382 4327 ιιιεο
395 4273 686 4327 secundum
711 4274 950 4329 ordinem
965 4275 1432 4341 evangelistarnm,
1449 4277 1541 4331 sed
1560 4291 1589 4328 a
1613 4275 1819 4331 Joanne

240 4366 435 4432 potius,
460 4379 489 4418 a
514 4381 618 4432 quo
648 4365 714 4418 ita
747 4381 998 4434 expressa
1035 4375 1116 4419 est
1147 4367 1244 4420 ism
1269 4367 1506 4421 narratio
1525 4408 1540 4432 ,
1575 4376 1629 4420 ut
1658 4369 1817 4421 etiam

1910 3179 2115 3233 Marcus
2143 3194 2172 3231 a
2223 3177 2502 3246 discipulis
2555 3192 2872 3247 responsum
2922 3193 3043 3233 csse
3087 3188 3496 3242 commemorat.

1913 3271 2104 3324 volens
2138 3270 2390 3338 intelligi,
2423 3271 2523 3324 hoc
2545 3281 2600 3324 et
2630 3278 2949 3325 czeterorutn
2981 3270 3106 3342 [hoc
3131 3285 3194 3324 cx
3218 3285 3313 3326 ore
3337 3278 3497 3325 cmte~

1912 3358 2114 3429 rerum]
2148 3360 2450 3429 Philippum
2502 3361 2845 3428 resp0ndisse
2892 3377 3195 3430 quanquam
3230 3373 3283 3416 et
3313 3361 3498 3430 plura-

1914 3453 2014 3507 lem
2057 3467 2337 3506 nutnetum
2369 3468 2464 3521 pro
2503 3452 2758 3522 singulari
2803 3453 3153 3510 usitatissitne
3181 3469 3376 3522 ponere
3404 3469 3500 3522 po-

1917 3553 2149 3597 tuerunt.
2177 3543 2311 3610 Quid
2342 3558 2469 3611 ergo
2498 3543 2573 3596 ait
2596 3543 2897 3610 Philippus,
2947 3543 3303 3598 Ducentortuu
3337 3544 3500 3598 deua-

1917 3626 2314 3701 riorum'panes
2341 3648 2446 3686 non
2473 3632 2748 3686 sufﬁciunt
2777 3633 2875 3696 eis,
2907 3642 2966 3689 ut
2999 3648 3360 3703 unusquisque
3387 3650 3501 3689 mo-

1918 3726 2096 3781 dicum
2116 3726 2243 3797 qudi
2269 3725 2525 3794 accipiat;
2547 3726 2649 3782 hoc
2682 3734 2766 3780 est
2791 3726 2974 3782 dicere
2995 3727 3136 3797 quod
3163 3730 3236 3781 ait
3256 3728 3500 3784 Marcus:

1921 3819 2120 3872 Euntes
2148 3831 2388 3871 ememus
2418 3816 2665 3871 ducentis
2705 3816 2943 3872 denariis
2986 3833 3150 3888 panes
3179 3829 3232 3874 et
3259 3818 3502 3876 dabimus

1922 3909 2264 3961 manducare.
2297 3905 2447 3971 Quod
2475 3915 2649 3960 autem
2677 3917 3064 3962 commemorat
3095 3909 3234 3965 idem
3267 3911 3498 3976 Marcus,

1920 3997 2120 4051 dixisse
2153 3996 2432 4050 Dominum
2481 4013 2493 4048 :
2527 3997 2667 4060 Quot
2697 4011 2865 4064 panes
2915 3997 3162 4053 habetis?
3193 3997 3500 4053 Praetermi—

1919 4098 2104 4140 seruut
2148 4086 2350 4140 caeteri.
2402 4087 2554 4152 Quod
2585 4097 2764 4142 autem
2797 4088 3039 4144 Andreas
3068 4089 3209 4158 apud
3236 4089 3499 4144 Joannem

1921 4179 1987 4233 de
2009 4176 2241 4248 quinque
2267 4179 2493 4246 panibus
2522 4180 2678 4248 110
2705 4189 2758 4233 et
2784 4178 2991 4235 duobus
3019 4181 3254 4249 piscibus
3279 4198 3496 4251 sugges-

1921 4273 2026 4337 sit,
2060 4271 2160 4325 huc
2181 4273 2360 4328 caueri
2392 4272 2649 4340 pluralem
2683 4288 2986 4337 numerum.
3013 4290 3108 4342 pro
3132 4275 3385 4344 singulari
3408 4292 3502 4344 po-

1925 4373 2139 4429 nentes,
2171 4377 2235 4417 ex
2267 4364 2650 4431 discipulorum
2681 4379 2909 4434 persona
2938 4366 3237 4421 retulerunt
3265 4385 3278 4419 :
3306 4377 3359 4421 et
3395 4368 3501 4424 Lu-

239 4457 456 4512 uomina
481 4457 864 4526 discipulorum
903 4457 1139 4523 diceret,
1171 4472 1291 4512 cum
1319 4459 1511 4528 quibus
1543 4459 1609 4514 de
1633 4459 1731 4512 hac
1755 4474 1812 4512 re
1843 4449 1896 4508 D
1921 4470 2010 4511 cas
2039 4455 2256 4526 quidem
2287 4456 2694 4524 responsionem
2726 4457 2977 4528 Philippi,
3006 4468 3063 4514 et
3094 4461 3428 4528 responsiorn
3449 4477 3500 4514 m

240 4547 452 4601 locutus
481 4556 563 4600 est
617 4548 891 4601 Dominus.
941 4548 1016 4602 Ita
1055 4549 1194 4602 enim
1234 4549 1361 4603 dicit
1413 4567 1427 4602 :
1471 4549 1602 4604 Cum
1631 4549 1814 4604 suble-

239 4648 418 4692 vasset
445 4653 574 4706 ergo
604 4639 785 4692 oeulos
813 4638 1000 4706 Jesus,
1034 4649 1087 4694 et
1113 4640 1333 4694 vidisset
1375 4643 1498 4708 quia
1528 4641 1813 4694 multitudo

241 4730 475 4784 maxima
509 4728 655 4783 venit
700 4730 764 4783 ad
794 4745 949 4796 eum,
995 4731 1132 4787 dixit
1161 4732 1225 4785 ad
1271 4732 1574 4802 Philippum
1615 4751 1626 4784 :
1665 4733 1814 4788 Unde

241 4835 488 4875 ememus
515 4836 678 4889 panes
705 4830 761 4875 ut
791 4823 1114 4878 manducent
1147 4825 1234 4879 hi?
1265 4824 1376 4879 Hoc
1403 4837 1580 4880 autem
1607 4825 1815 4882 dicebat

246 4924 459 4966 tentans
485 4926 639 4974 eum;
675 4912 784 4980 ipse
812 4913 956 4968 enim
984 4915 1186 4969 sciebat
1217 4915 1341 4985 quid
1382 4928 1525 4972 esset
1558 4917 1814 4972 tacturus.

245 5002 541 5072 llespondit
584 5003 635 5056 ei
684 5003 958 5074 Philippus
1004 5024 1020 5059 :
1067 5007 1425 5060 Ducentorum
1473 5008 1815 5063 denariorum

247 5109 412 5164 panes
457 5109 561 5148 non
606 5095 875 5149 sufﬁciunt
918 5099 1029 5164 eis,
1063 5109 1117 5151 ut
1158 5101 1519 5170 unusquisque
1550 5101 1816 5170 modicum

246 5186 371 5254 quid
403 5185 647 5254 accipiat.
692 5186 827 5239 Dicit
853 5188 902 5242 ei
933 5204 1067 5242 unus
1117 5204 1185 5242 ex
1230 5167 1504 5260 discipulis
1532 5167 1668 5260 ejus,
1721 5193 1820 5245 An-

246 5277 433 5341 dreas,
463 5275 624 5330 frater
649 5277 886 5331 Simonis
919 5279 1055 5332 Petri
1088 5295 1102 5333 :
1140 5281 1229 5334 Est
1260 5296 1390 5348 puer
1415 5295 1548 5334 unus
1581 5284 1684 5346 hic,
1728 5281 1820 5350 qui

252 5371 408 5425 habet
434 5372 668 5441 quinque
695 5387 856 5440 panes
884 5372 1234 5437 hordeaceos,
1267 5385 1319 5428 et
1339 5377 1474 5429 duos
1498 5377 1704 5444 pisces;
1728 5377 1821 5432 sed

252 5459 363 5515 hmc
406 5461 531 5530 quid
575 5472 700 5515 sunt
746 5465 884 5517 inter
913 5462 1123 5517 tantos?
1167 5463 1307 5518 Dixit
1344 5480 1472 5536 ergo
1500 5465 1654 5522 Jesus
1685 5486 1698 5521 :
1734 5468 1826 5523 Fa-

249 5552 352 5608 cite
381 5554 627 5608 homines
671 5553 1011 5608 discumbere
1065 5554 1202 5625 (erat
1254 5564 1429 5609 autem
1481 5557 1659 5612 fetuum
1689 5561 1824 5614 mul-

248 5663 331 5703 um
361 5648 414 5703 in
445 5644 610 5716 loco).
664 5646 1054 5702 Discubueruut
1082 5661 1219 5716 ergo
1251 5646 1347 5702 viri
1375 5688 1388 5714 ,
1423 5664 1643 5706 numero
1674 5653 1822 5723 quasi

1924 4550 2199 4614 Andreae,
2247 4549 2298 4603 in
2356 4565 2512 4603 unam
2565 4550 2888 4606 sententiam
2946 4553 3288 4607 constrinxit.
3347 4553 3502 4618 Quod

1920 4639 2064 4693 enim
2089 4640 2164 4692 ait
2193 4657 2205 4692 :
2238 4640 2353 4694 Non
2381 4653 2502 4695 sunt
2536 4641 2692 4697 nobis
2722 4643 2839 4712 plus
2887 4659 3046 4711 quam
3079 4645 3310 4713 quinque
3341 4661 3503 4715 panes

1920 4740 1974 4785 et
2001 4731 2106 4786 duo
2135 4730 2343 4800 pisces;
2386 4733 2614 4786 Andreas
2645 4733 2824 4788 retulit
2873 4736 3276 4801 responsionem
3307 4747 3322 4788 :
3354 4735 3498 4804 quod

1921 4838 2046 4878 vero
2076 4823 2319 4892 adjunxit
2351 4840 2363 4876 :
2397 4823 2506 4877 Nisi
2537 4823 2675 4880 forte
2717 4838 2815 4879 nes
2857 4840 3045 4879 eamus
3087 4835 3142 4880 et
3174 4840 3416 4879 eruamus
3447 4828 3499 4879 in

1922 4929 2139 4977 omnem
2187 4912 2324 4969 hanc
2351 4915 2560 4970 turbam
2589 4931 2741 4970 escas
2776 4931 2789 4967 :
2849 4915 3062 4972 videtur
3096 4917 3158 4970 ad
3192 4918 3503 4982 responsio-

1925 5021 2047 5060 nem
2081 5006 2310 5075 Philippi
2344 5007 2629 5076 pertinere,
2662 5007 2765 5061 nisi
2793 5007 2936 5076 quod
2978 5006 3046 5060 de
3073 5006 3317 5060 ducentis
3344 5007 3504 5061 dena-

1927 5100 2020 5152 riis
2048 5099 2232 5166 tacuit,
2267 5115 2568 5168 quanquam
2601 5111 2653 5153 et
2685 5100 2738 5153 in
2771 5100 2934 5168 ipsius
2965 5098 3191 5151 Andreae
3235 5099 3505 5152 sententia

1929 5201 2103 5261 potest
2135 5192 2236 5246 hoc
2280 5193 2525 5263 intelligi.
2569 5192 2700 5246 Cum
2752 5193 2891 5247 enim
2921 5174 3148 5244 dixisset
3192 5206 3206 5242 :
3240 5190 3333 5244 Est
3373 5205 3507 5259 puer

1930 5298 2065 5336 unus
2118 5282 2202 5336 hic
2253 5284 2343 5349 qui
2394 5284 2551 5337 habet
2596 5283 2831 5350 quinque
2879 5293 3044 5348 panes
3071 5278 3403 5332 hordeacros
3452 5286 3509 5336 et

1925 5371 2060 5426 duos
2091 5372 2295 5439 pisces;
2329 5370 2572 5440 adiunxit
2599 5371 2761 5426 etiam
2795 5371 2907 5437 ipse
2938 5386 2952 5423 :
2985 5367 3089 5423 Sed
3112 5368 3223 5423 haec
3241 5369 3365 5437 quid
3383 5376 3508 5423 sunt

1930 5464 2068 5518 inter
2098 5465 2307 5517 tantos?
2343 5465 2454 5518 Iloc
2482 5475 2562 5519 est
2589 5464 2786 5528 dicere,
2821 5462 2920 5515 nisi
2968 5461 3103 5516 lorte
3127 5477 3224 5515 nos
3247 5477 3435 5515 eamus
3456 5471 3511 5517 et

1930 5571 2170 5612 emamus
2209 5559 2259 5611 in
2288 5573 2500 5613 omnem
2534 5556 2669 5609 hanc
2698 5554 2905 5608 turbam
2937 5568 3108 5608 escas.
3140 5553 3217 5607 Ex
3248 5568 3354 5624 qua
3385 5552 3507 5608 uni.

1933 5667 2085 5708 versa
2119 5653 2370 5708 varietate
2387 5651 2691 5718 verborum,
2706 5662 2882 5703 rerum
2906 5656 3080 5704 autem
3105 5648 3507 5704 sententiarum
