3904 6224
449 203 548 256 8Ξ5

1506 211 1566 266 D.
1613 211 1925 265 EL'GYPPII
1967 213 2256 272 IsBBATlS
2296 216 2617 273 AFI’JCANI

3595 216 3703 269 διδ

441 329 542 380 qte
571 316 848 372 concordia
898 320 1026 374 satis
1055 326 1311 388 apparet,
1351 318 1634 374 salubriter
1669 336 1766 374 nos
1805 320 2006 386 doceri,
2041 330 2084 383 Α
2115 323 2329 380 Galatas
2362 347 2373 381 :
2408 329 2636 384 Invicem
2685 343 2848 385 onera
2878 339 3055 384 v-sna
3084 336 3318 400 portate,
3364 337 3420 384 et
3444 328 3524 383 sic
3591 331 3696 382 im-

442 406 572 460 nihil
602 411 940 477 quaerendum
973 411 1025 463 in
1058 409 1233 464 verbis
1276 410 1375 464 nisi
1419 411 1740 480 loquentium
1770 413 2008 466 volunta-

442 506 590 562 tem,
638 499 723 553 cui
778 498 1208 552 demonstrandae
1257 498 1529 570 invigilare
1574 501 1768 555 drbent
1822 514 2009 556 omnes

440 587 671 642 veretlici
702 587 964 658 [veridici]
996 601 1297 646 narratores
1326 608 1446 647 eum
1469 593 1536 647 de
1567 591 1803 666 homine,
1837 594 1918 648 vel
1941 593 2008 648 de

441 681 647 748 angelo,
683 679 765 733 vel
789 677 856 732 de
889 679 995 732 Dco
1023 681 1220 751 aliquid
1253 695 1491 740 narrant.
1524 685 1721 740 Horum
1749 686 1889 740 enim
1913 701 2008 738 vo-

441 771 610 823 lnntas
649 771 822 824 verbis
855 773 1025 840 promi
1057 783 1249 842 potest,
1283 793 1348 831 ne
1368 778 1435 832 de
1477 779 1589 847 ipsa
1638 777 1837 848 aliquid
1868 779 2008 831 inter

441 878 497 916 se
539 863 860 932 discrepent.
895 863 1037 920 Sane
1076 870 1484 935 prmtermitteve
1532 887 1635 925 non
1666 878 1876 940 oportet
1906 871 2008 926 hoc

439 955 571 1015 loco,
606 952 867 1007 intentum
897 965 950 1008 et
979 954 1044 1009 ad
1077 971 1268 1013 caetera
1299 976 1417 1030 qua:
1446 961 1566 1015 talia
1598 962 1733 1017 forte
1763 977 2008 1017 occurre-

438 1046 539 1099 rint
568 1046 741 1102 lacere
778 1048 1058 1114 lectorem,
1091 1052 1208 1118 quia
1244 1053 1412 1110 Lucas
1440 1055 1578 1110 dixit
1605 1056 2007 1126 quinquagenos

434 1137 609 1205 iussos
637 1154 758 1194 esse
781 1139 1119 1197 discumbere
1147 1163 1160 1207 ;
1194 1145 1400 1201 Marcus
1431 1162 1560 1202 vero
1602 1157 1655 1202 et
1680 1149 2006 1218 quinquage-

436 1244 530 1283 nos
580 1229 659 1302 [et
711 1236 1012 1309 centenos].
1048 1239 1186 1305 quod
1221 1239 1305 1292 hic
1337 1239 1457 1293 ideo
1503 1255 1607 1294 non
1655 1249 1850 1305 movet,
1883 1240 2004 1308 quia

439 1337 567 1377 unus
620 1337 819 1391 partem
867 1329 1033 1396 dixit,
1075 1331 1211 1385 alter
1242 1339 1432 1386 totunt.
1463 1329 1562 1396 Qui
1592 1331 1733 1384 enim
1778 1330 1844 1384 de
1870 1345 2005 1384 cen-

437 1415 571 1468 tenis
599 1418 810 1484 retulit,
845 1421 946 1476 hoc
977 1422 1157 1478 retulit
1184 1422 1324 1492 quod
1354 1422 1441 1477 ille
1473 1422 1834 1491 praetermisit.
1864 1422 2003 1476 Nihil

437 1509 612 1576 itaque
636 1514 962 1567 contrarium
989 1523 1089 1568 est.
1124 1513 1500 1569 Verumtamen
1521 1513 1564 1567 si
1591 1514 1728 1568 alios
1755 1515 1822 1570 de
1852 1513 2006 1581 quin-

433 1603 688 1670 qutgenis
733 1611 936 1659 tantum
988 1615 1463 1670 commemoraret,
1504 1605 1641 1662 alius
1686 1615 1890 1673 tantum
1935 1607 2004 1663 de

2113 414 2326 482 plcbitis
2357 418 2526 486 legero
2553 419 2771 473 Christi.
2796 419 2895 487 Qui
2919 422 3060 476 enim
3088 429 3235 490 putat
3265 435 3324 475 se
3349 421 3551 489 aliquid
3573 436 3696 474 esse

2110 522 2231 562 cum
2276 510 2403 564 nihil
2435 513 2525 579 sit,
2574 513 2807 580 seipsum
2849 516 3057 569 seducit
3089 532 3104 569 :
3153 529 3290 584 opus
3319 523 3498 567 autem
3533 529 3691 566 suum

2112 600 2300 665 probet
2328 604 2714 671 unusquisque,
2740 615 2792 658 et
2819 607 2896 659 sic
2923 605 3092 678 [tunc]
3124 607 3175 660 in
3203 605 3500 673 semetipso
3524 605 3690 657 habe-

2110 691 2184 743 bit
2209 692 2430 762 gloriam
2457 702 2510 745 et
2540 708 2644 746 non
2677 694 2726 745 in
2756 694 2962 760 altero;
2993 697 3357 765 unusquisque
3386 693 3528 748 enim
3555 710 3692 746 onus

2113 783 2384 849 proprium
2419 783 2669 850 portabit.
2716 782 2826 837 Nisi
2869 785 3050 839 oneris
3093 802 3288 839 nomen
3332 787 3433 839 sub
3461 784 3690 838 diversis

2107 874 2584 943 signiﬁcationibus
2631 877 2932 942 acceperis,
3009 879 3362 945 proculdubio
3438 877 3685 948 putabis,

2108 967 2354 1021 eumdem
2385 967 2484 1020 sibi
2519 968 2571 1020 in
2604 967 2869 1037 loquendo
2901 982 3021 1023 esse
3048 971 3403 1033 contrarium,
3436 980 3488 1024 et
3514 970 3685 1022 hocin

2110 1071 2210 1108 una
2250 1057 2514 1110 sententia
2549 1097 2564 1121 ,
2604 1066 2710 1110 tant
2752 1057 2927 1111 vicine
2975 1057 3164 1127 positis
3197 1059 3406 1122 verbis,
3434 1062 3521 1128 qui
3568 1075 3686 1112 cum

2110 1147 2268 1214 paulo
2295 1159 2419 1202 ante
2467 1147 2669 1202 diceret
2722 1163 2736 1202 :
2785 1149 2939 1202 Alter
2985 1148 3209 1202 alterius
3255 1165 3419 1203 onera
3456 1163 3684 1218 portate,

2111 1249 2291 1308 postea
2323 1239 2455 1293 dixit
2489 1255 2502 1293 :
2536 1238 2910 1309 Unusquisque
2962 1239 3233 1308 proprium
3264 1256 3403 1294 onus
3432 1245 3684 1308 portabit.

2109 1331 2213 1385 Sed
2242 1330 2341 1384 alia
2387 1341 2512 1385 sunt
2556 1346 2716 1384 onera
2766 1332 3146 1401 participanda:
3198 1331 3549 1396 infirmitatis,
3584 1334 3687 1384 alia

2112 1421 2396 1476 reddendae
2419 1423 2642 1477 rationis
2673 1422 2780 1476 Deo
2801 1423 2866 1476 de
2879 1421 3178 1477 actionibus
3202 1423 3426 1476 nostris.
3453 1421 3541 1476 llta
3565 1436 3686 1476 cum

2109 1511 2364 1568 fratribus
2393 1511 2738 1568 sustentanda
2787 1512 3283 1577 coutmunicantur,
3338 1513 3452 1566 ha-c
3479 1513 3689 1581 propria

2111 1609 2178 1661 ab
2207 1623 2529 1678 unoquoque
2573 1617 2897 1678 portantur:
2947 1607 3020 1662 ita
3071 1617 3122 1663 et
3173 1609 3322 1678 virga
3373 1607 3692 1676 intelligitur

433 1694 692 1761 centenis,
716 1695 871 1751 valde
898 1697 1164 1752 videretur
1193 1712 1312 1752 esse
1332 1699 1657 1751 contrarium
1677 1737 1693 1763 ,
1723 1713 1822 1754 nec
1848 1699 2005 1755 facile
2039 1687 2083 1747 Β
2112 1700 2446 1768 spiritaliter,
2478 1700 2547 1755 de
2588 1716 2690 1770 qua
2717 1700 2929 1754 dicebat
2960 1699 3270 1769 Apostolus,
3326 1699 3381 1753 lu
3412 1700 3559 1768 virga
3595 1714 3688 1748 ve-

433 1786 856 1852 tlignosceretttr,
889 1799 1176 1858 utrumque
1203 1789 1404 1844 dictum
1449 1805 1570 1844 esse
1591 1832 1606 1853 ,
1639 1806 1798 1844 unttm
1829 1801 2004 1846 autem

431 1879 497 1930 ab
549 1879 739 1944 altero,
773 1880 998 1935 alterum
1032 1879 1335 1953 [utrumque
1364 1881 1566 1935 dictum
1622 1896 1744 1937 esse
1800 1898 1960 1937 unum
1987 1927 2001 1952 ,

431 1981 516 2022 aut
549 1972 617 2025 ab
654 1973 826 2027 altero
865 1972 1114 2044 altetum]
1145 1973 1212 2026 ab
1239 1973 1410 2028 altero
1442 1987 1563 2027 esse
1610 1987 2004 2028 commemora~

432 2070 561 2124 tum,
595 2070 649 2116 et
679 2070 854 2117 tamen
900 2064 1154 2117 attentius
1181 2063 1602 2125 consideratum,
1640 2063 1864 2117 inveniri
1911 2063 2005 2118 de-

430 2154 607 2207 buisse
638 2155 754 2220 quis
785 2169 889 2207 non
935 2153 1204 2208 fateatur?
1249 2153 1362 2207 lloc
1392 2153 1515 2226 ideo
1542 2152 1674 2214 dixi,
1707 2154 1827 2220 quia
1859 2152 2006 2207 cxis-

431 2254 543 2296 tnnt
573 2259 713 2313 saepe
736 2244 910 2314 aliqua
938 2245 1356 2314 ejusmodi,qtta:
1389 2258 1573 2314 parum
1606 2243 2005 2299 intendentibus

429 2346 478 2386 γι
497 2349 692 2391 temere
706 2337 1067 2406 judicantibus
1081 2337 1344 2391 contraria
1366 2336 1664 2400 rideantur,
1688 2347 1740 2390 et
1755 2350 1859 2390 non
1874 2336 1999 2391 sint.

987 2430 1212 2486 CAPUT
1251 2427 1433 2484 CLIX.

432 2521 694 2583 Quomodo
728 2520 998 2576 Matlhrrus
1032 2520 1210 2575 Marco
1239 2530 1489 2591 congruat
1530 2522 1592 2572 de
1639 2521 1781 2592 virga
1804 2561 1820 2586 ,
1851 2538 2004 2590 quom

499 2593 776 2646 secundum
805 2592 1102 2646 Matt/tantm
1143 2595 1261 2645 dicit
1295 2592 1544 2644 Dominus
1566 2608 1665 2643 non
1703 2595 2002 2661 ferendam;

498 2665 776 2716 secundant
847 2663 1080 2716 Marcum
1135 2672 1300 2715 autent
1365 2664 1527 2715 solani
1580 2662 1886 2729 ferendum;
1942 2680 2006 2716 ea:

499 2732 674 2786 eodem
701 2734 829 2786 libro
856 2734 918 2786 de
941 2734 1201 2788 Consensu
1224 2733 1646 2803 cvangelistarunt
1669 2747 1726 2786 ιι.

497 2826 644 2880 Solet
690 2825 815 2880 item
862 2827 1063 2896 quaeri,
1093 2826 1362 2896 quomodo
1403 2826 1687 2881 Mattltazus
1729 2835 1783 2881 et
1837 2826 2004 2882 Lucas

429 2928 981 2971 commemoraverunt
1021 2918 1220 2972 dixisse
1270 2916 1547 2970 Dominarum
1591 2916 1898 2985 discipulis,
1949 2928 2004 2972 ut

429 3024 525 3063 t.ec
555 3009 754 3080 virgam
787 3008 1010 3074 ferrent,
1043 3025 1162 3063 cum
1193 3009 1334 3062 dieat
1366 3007 1571 3062 Marcus
1599 3023 1613 3061 :
1649 3009 1715 3060 Et
1752 3009 2006 3076 prmcepit

427 3101 506 3155 eis
538 3116 602 3155 ne
631 3099 755 3171 quid
786 3101 1034 3156 tollerent
1075 3101 1125 3154 in
1157 3101 1258 3163 via,
1293 3097 1392 3152 nisi
1425 3100 1624 3169 virgam
1667 3107 1903 3163 tantum;
1949 3108 2003 3154 et

429 3203 679 3263 sequatur
704 3197 863 3248 etiam
898 3195 1012 3263 ipse
1059 3207 1162 3248 non
1213 3207 1414 3260 peram,
1449 3208 1552 3246 non
1583 3206 1798 3261 panem,
1829 3207 2004 3260 neque

432 3286 480 3342 in
515 3298 642 3337 zona
671 3300 778 3339 tes:
809 3294 864 3337 ιιι
885 3284 1126 3339 ostendat
1153 3285 1202 3337 in
1229 3282 1414 3337 eodem
1441 3283 1558 3336 loco
1590 3281 1788 3336 versari
1813 3295 2001 3334 narra.

431 3375 628 3428 ti’onem
659 3390 832 3438 suam,
857 3374 908 3426 in
932 3388 1036 3442 quo
1056 3383 1110 3428 et
1139 3374 1349 3427 illorum
1378 3371 1468 3440 qui
1495 3372 1744 3435 dixerunt
1773 3385 1870 3424 nec
1897 3369 2004 3422 vir-

430 3480 548 3533 gam
574 3465 866 3519 ferendam.
899 3464 1048 3530 Quod
1074 3463 1144 3516 ita
1188 3463 1416 3516 solvitur
1442 3472 1496 3515 ut
1521 3462 1876 3531 intelligamus
1905 3460 2004 3514 sub

431 3555 532 3608 alia
577 3555 963 3624 significatione
1008 3554 1204 3607 dietam
1253 3554 1453 3620 virgam
1482 3591 1498 3615 ,
1547 3568 1666 3622 qua:
1713 3551 2003 3606 secundum

432 3649 664 3701 Marcum
695 3647 909 3701 ferenda
939 3657 1040 3710 est,
1068 3668 1078 3696 t
1102 3657 1115 3699 ι
1136 3646 1237 3700 sub
1278 3646 1378 3697 alia
1403 3646 1547 3697 illam
1575 3661 1641 3712 qtt
1662 3661 1689 3694 tt
1713 3643 2006 3697 secundum

433 3739 737 3793 Mattltmum
759 3747 812 3792 et
859 3738 1053 3791 Lucam
1081 3751 1186 3790 non
1210 3746 1290 3790 est
1330 3735 1544 3790 ferenda
1573 3775 1588 3799 ,
1619 3736 1753 3788 sicut
1778 3735 1876 3788 sub
1907 3735 2008 3786 alia

433 3830 822 3900 significatione
873 3827 1183 3896 intelligitur
1235 3827 1489 3887 tentatio,
1545 3825 1612 3880 de
1660 3840 1762 3895 qna
1807 3825 2007 3878 dictum

432 3933 512 3978 est
543 3939 560 3978 :
595 3923 730 3977 Deus
759 3922 1024 3976 neminem
1073 3928 1274 3982 tentat;
1308 3929 1363 3973 et
1390 3917 1491 3973 sub
1517 3917 1619 3971 alia
1659 3930 1764 3984 qua
1808 3915 2008 3970 dictum

431 4025 509 4071 εει
540 4030 554 4066 :
585 4014 778 4069 Tentat
800 4026 894 4066 vos
916 4011 1173 4067 Dominus
1207 4010 1344 4064 Deus
1374 4017 1576 4075 vester,
1609 4017 1664 4062 ut
1688 4006 1886 4061 sciatsi
1917 4007 2010 4061 di-

435 4105 594 4175 ligitis
619 4119 774 4171 eum;
803 4105 888 4158 illa
922 4102 1249 4160 seductionis
1274 4109 1378 4166 est,
1412 4102 1527 4155 lucc
1548 4099 1899 4170 probationis.
1929 4098 2014 4154 Si-

434 4197 798 4266 cutjudicium
827 4195 983 4249 aliter
1002 4193 1285 4263 accipitur,
1310 4191 1380 4247 de
1411 4205 1516 4261 quo
1538 4189 1737 4245 dictum
1765 4199 1848 4245 est
1875 4206 1888 4243 :
1913 4187 2014 4257 Qui

435 4293 570 4347 bene
596 4291 832 4344 fecerunt
854 4288 905 4342 in
937 4287 1384 4342 resurrectionem
1428 4285 1572 4348 vitae,
1601 4283 1691 4353 qui
1719 4282 1858 4338 male
1881 4281 2015 4338 fece-

437 4393 554 4437 runt
579 4382 629 4434 in
655 4379 1101 4436 resurrectionem
1128 4375 1312 4446 judicii
1343 4392 1356 4440 ;
1385 4383 1438 4430 et
1465 4375 1638 4438 aliter,
1663 4373 1731 4428 de
1757 4389 1864 4442 quo
1898 4372 2012 4428 dic-

2113 1792 2253 1844 niatn
2296 1792 2360 1846 ad
2397 1807 2523 1858 vos;
2555 1804 2608 1846 et
2638 1791 2989 1861 corporaliter
3033 1807 3137 1860 qua
3189 1791 3391 1844 utimur
3421 1831 3436 1855 ,
3483 1793 3594 1844 sive
3625 1791 3692 1843 ad

2111 1899 2344 1952 equum,
2376 1886 2488 1936 sive
2519 1884 2585 1936 ad
2615 1882 2813 1950 aliquid
2844 1881 2985 1934 aliud
3013 1896 3148 1950 opus
3175 1881 3369 1946 fuerit,
3401 1892 3458 1934 ut
3479 1882 3690 1933 interim

2110 1977 2353 2029 omittam
2391 1984 2447 2030 et
2485 1976 2620 2029 alias
2649 1975 2805 2043 hujus
2853 1975 3084 2028 nominis
3136 1973 3393 2044 ﬁguratas
3423 1974 3694 2041 signiﬁca-

2110 2071 2303 2124 tiones.
2347 2069 2642 2136 Utrutnque
2683 2084 2810 2136 ergo
2839 2068 3204 2138 accipiendum
3254 2078 3337 2122 est
3381 2083 3409 2119 a
3467 2066 3693 2120 Domino

2110 2163 2382 2230 Apostolis
2409 2161 2607 2216 dictum
2629 2203 2643 2228 ,
2671 2174 2722 2216 et
2752 2171 2807 2214 ut
2839 2175 2936 2216 nec
2961 2162 3158 2231 virgam
3193 2160 3480 2223 ferrent,et
3505 2171 3557 2211 ιιι
3583 2175 3690 2212 non

2111 2254 2210 2306 nisi
2239 2253 2439 2321 virgam
2475 2251 2694 2306 ferrent.
2727 2249 2860 2306 Cum
2888 2251 3031 2304 enim
3055 2250 3352 2305 secundum
3383 2249 3691 2302 Manlia-um

2107 2347 2308 2400 diceret
2336 2346 2415 2400 eis
2445 2363 2459 2398 :
2489 2345 2663 2399 Nolite
2701 2345 2980 2413 possidere
3022 2359 3235 2410 aurum,
3284 2358 3400 2411 neq-
3425 2357 3457 2396 e
3501 2357 3694 2409 argen-

2110 2448 2252 2502 tum,
2286 2454 2457 2507 neque
2490 2438 2768 2508 pecuniam
2794 2438 2844 2491 in
2872 2438 3022 2492 zonis
3039 2437 3267 2500 vestris;
3294 2451 3398 2488 non
3427 2449 3608 2499 peram
3637 2433 3691 2487 in

2109 2531 2214 2595 via,
2247 2545 2419 2599 neque
2467 2529 2599 2582 duas
2631 2531 2837 2582 tunicas
2865 2569 2880 2593 ,
2917 2542 3090 2596 neque
3113 2527 3484 2586 calciamenta,
3517 2541 3693 2592 neque

2108 2622 2331 2690 virgam,
2362 2619 2617 2674 continuo
2659 2618 2887 2685 subjecit
2917 2634 2930 2669 :
2975 2615 3174 2686 Dignus
3204 2625 3290 2670 est
3325 2616 3467 2668 enim
3499 2628 3694 2683 opera-

2109 2716 2221 2769 rius
2243 2712 2363 2769 cibo
2393 2728 2511 2768 suo.
2540 2712 2691 2767 Unde
2711 2709 2840 2764 satis
2866 2709 3101 2764 ostendit
3124 2723 3223 2763 cur
3249 2723 3344 2762 eos
3372 2706 3487 2761 hac
3519 2706 3694 2775 possi-

2108 2808 2238 2862 dere
2266 2821 2328 2861 ac
2358 2805 2496 2860 ferre
2519 2804 2769 2868 noluerit,
2801 2817 2904 2857 non
2930 2801 3070 2871 quod
3119 2800 3420 2855 necessaria
3445 2814 3551 2852 non
3583 2800 3695 2851 sint

2109 2897 2479 2952 sustentationi
2513 2896 2668 2965 hujus
2718 2897 2839 2948 vita:
2861 2934 2874 2956 ,
2902 2893 2996 2947 sed
3036 2893 3158 2962 quia
3190 2893 3269 2946 sic
3298 2905 3392 2946 eos
3421 2889 3693 2951 mittebat,

2111 2995 2169 3043 ut
2194 2989 2270 3043 eis
2304 2988 2417 3041 lucc
2446 2987 2629 3041 deberi
2675 2985 3069 3038 demonStraret
3099 2982 3165 3035 ab
3219 2982 3324 3035 illis
3367 2980 3498 3050 ipsis
3524 3024 3540 3045 ,
3569 2978 3696 3047 qni-

2035 3060 2078 3121 C
2115 3079 2213 3132 bus
2244 3078 2590 3148 Evangelinm
2621 3074 2968 3132 credentibus
2998 3074 3406 3137 annuntiarent,
3435 3079 3694 3140 tanquam

2106 3173 2372 3241 stipendia
2446 3170 2836 3232 militantibus,
2911 3177 3163 3237 tanquam
3233 3166 3461 3220 fructum
3519 3165 3695 3216 vine:

2064 3291 2067 3294 -
2109 3264 2528 3333 plantatoribus,
2562 3272 2812 3330 tanquam
2861 3262 2941 3314 lac
2962 3261 3145 3330 gregis
3187 3258 3508 3328 pastoribus.
3540 3255 3697 3312 Unde

2109 3358 2303 3412 l’anlus
2331 3356 2460 3410 dicit
2488 3372 2500 3408 :
2541 3353 2669 3421 Quis
2699 3353 2893 3406 militat
2931 3352 3042 3405 suis
3091 3348 3371 3418 stipendiis
3415 3363 3652 3416 unquam
3676 3349 3700 3396 ’ρ

2107 3452 2238 3519 Quis
2282 3450 2485 3518 plantat
2533 3448 2775 3513 vineam,
2821 3456 2873 3499 et
2927 3445 2994 3499 do
3045 3442 3216 3497 fructu
3247 3442 3365 3511 ejus
3413 3456 3517 3495 non
3549 3440 3703 3493 edit!

2109 3544 2241 3608 Quis
2274 3542 2439 3610 pascit
2463 3554 2701 3609 gregem,
2730 3549 2782 3590 et
2813 3536 2880 3591 de
2911 3536 3048 3590 lacte
3088 3533 3265 3603 gregis
3293 3547 3396 3586 non
3431 3531 3702 3600 percipit?

2115 3635 2248 3688 llinc
2290 3631 2434 3686 enim
2486 3629 2799 3697 loquebatur
2844 3625 2912 3680 de
2959 3626 3042 3678 his
3069 3639 3189 3693 qua:
3218 3621 3520 3676 nece~saria
3569 3631 3701 3674 sunt

2114 3725 2548 3796 prmdicatorihus
2595 3718 2886 3789 Evangelii.
2920 3717 3072 3773 Unde
3101 3716 3258 3785 paulo
3290 3726 3406 3783 pom
3431 3712 3604 3768 dicit:
3637 3715 3697 3768 Si

2114 3831 2212 3871 nos
2259 3813 2411 3868 vobis
2452 3811 2712 3882 spiritalia
2766 3809 3186 3872 seminavimus,
3219 3820 3470 3876 magnum
3519 3815 3605 3858 est
3655 3805 3702 3858 si

2113 3916 2290 3963 vestra
2338 3904 2568 3960 carnalia
2618 3901 2918 3957 metamus?
2965 3901 3021 3954 Si
3071 3899 3161 3953 alii
3218 3899 3462 3964 potestati
3507 3909 3707 3950 vestra:

2117 3998 2453 4069 patticipant,
2488 4011 2591 4050 non
2623 3993 2790 4062 magis
2834 3993 2964 4046 nos?
3010 3991 3106 4046 sed
3134 4004 3238 4043 non
3269 3990 3349 4044 usi
3381 4003 3564 4044 sumus
3600 3989 3708 4042 hac

2115 4097 2397 4163 potestate.
2430 4087 2582 4143 Unde
2617 4094 2836 4154 apparet
2867 4085 2979 4137 haec
3008 4097 3114 4136 non
3148 4082 3218 4134 ita
3251 4079 3573 4150 praecepisse
3597 4078 3710 4132 Do-

2117 4182 2343 4246 minum,
2375 4189 2623 4246 tanquam
2655 4173 2998 4242 evangelista:
3026 4172 3208 4226 vit-ere
3231 4170 3448 4225 aliunde
3475 4183 3579 4222 non
3603 4169 3709 4224 de-

2119 4273 2319 4336 beant,
2371 4285 2529 4340 quam
2582 4269 2664 4322 eis
2717 4263 3086 4335 praebentibus
3138 4261 3337 4331 Quibus
3377 4260 3709 4314 annuntiant

2121 4364 2462 4433 Evangelinm
2513 4378 2526 4415 :
2577 4359 2811 4428 alioquin
2844 4367 3032 4412 contra
3079 4353 3182 4408 hoc
3211 4362 3536 4424 praeceptum
3567 4352 3708 4406 fecit

434 4491 541 4532 tum
557 4485 640 4530 est
672 4493 685 4530 :
714 4472 899 4528 Judica
923 4485 1032 4536 me,
1063 4471 1224 4538 Deus,
1251 4477 1304 4522 et
1330 4468 1578 4522 discerne
1603 4481 1817 4521 causam
1835 4480 2006 4520 meam
2044 4435 2090 4494 ί)
2118 4459 2256 4512 idem
2287 4453 2593 4524 Apostolus.
2624 4451 2711 4520 (illi
2745 4449 2940 4502 νῖειυῐη
2975 4447 3044 4500 de
3075 4459 3331 4538 minuunt
3377 4457 3594 4497 δυπυω
3629 4442 3710 4495 la-

433 4574 500 4628 de
527 4580 684 4641 gente
704 4585 807 4624 non
839 4575 1045 4623 sancta.
1087 4564 1221 4618 Illud
1263 4561 1404 4616 enim
1425 4560 1680 4630 judicium
1711 4560 2010 4614 damnatio-

433 4667 517 4721 riis
545 4673 647 4729 est,
683 4665 783 4717 hoc
850 4657 1211 4716 discretionis.
1249 4657 1318 4710 Et
1346 4655 1508 4709 multa
1552 4654 1652 4708 alia
1679 4662 1802 4708 sunt
1846 4652 2007 4706 verba

434 4775 551 4826 qua:
575 4773 678 4811 non
724 4755 918 4810 habent
961 4768 1117 4807 unam
1147 4750 1588 4821 significationem
1613 4766 1626 4812 ;
1656 4747 1750 4801 sed
1780 4747 2008 4801 diversis

433 4855 563 4908 locis
589 4859 949 4920 congruenter
977 4848 1168 4917 posita,
1192 4845 1408 4899 diverso
1439 4843 1596 4896 modo
1619 4841 2005 4910 intelliguntur,

435 4959 488 5000 et
510 4945 794 5015 aliquando
815 4958 937 4997 cum
970 4940 1308 5009 expositione
1337 4939 1610 5003 dicuntur,
1636 4943 1696 4989 ut
1722 4942 1806 4988 est
1832 4931 1959 4987 illud
1993 4950 2005 4985 ε

435 5042 629 5107 Nolite,
687 5036 880 5106 pueri,
925 5033 1066 5090 effici
1113 5033 1356 5087 sensibus
1383 5071 1398 5096 ,
1441 5030 1534 5085 sed
1573 5028 1774 5082 malitia
1806 5026 2008 5095 parvuli

432 5141 621 5196 estote,
655 5141 709 5184 ut
755 5127 1000 5182 sensibus
1053 5124 1273 5194 pet-fecti
1315 5123 1451 5176 sitis.
1505 5121 1616 5174 lloc
1649 5119 1789 5173 enim
1837 5117 2008 5172 brevi-

436 5237 513 5276 ter
541 5225 719 5277 clausa
752 5225 1014 5275 sententia
1039 5219 1143 5274 dici
1171 5217 1356 5286 potuit.
1388 5214 1561 5268 Nolite
1584 5227 1701 5267 esse
1720 5211 1891 5281 pueri,
1916 5211 2007 5265 sed

433 5325 603 5371 estote
635 5314 816 5384 pueri;
847 5323 899 5368 et
941 5312 1070 5367 illttd
1105 5328 1119 5366 :
1168 5311 1222 5366 Si
1274 5309 1392 5378 quis
1437 5315 1584 5376 putat
1630 5320 1687 5359 se
1715 5303 2009 5372 sapientem

433 5425 551 5462 esse
583 5407 634 5462 itt
684 5408 855 5471 Vobis,
892 5406 941 5460 in
974 5409 1074 5459 hoc
1116 5401 1349 5466 smculo,
1405 5399 1598 5453 stultus
1630 5398 1718 5450 fiat
1747 5405 1801 5449 ut
1830 5396 1900 5448 sit
1931 5409 2011 5447 sa-

437 5502 607 5568 piens.
641 5499 777 5566 Quid
825 5499 968 5551 enim
1000 5496 1140 5550 aliud
1175 5494 1330 5558 dixit,
1357 5505 1540 5560 quam,
1576 5504 1677 5542 non
1709 5489 1779 5541 sit
1803 5485 2015 5555 sapiens

435 5604 486 5644 nt
518 5593 586 5645 sit
615 5591 869 5657 sapiens?
920 5589 1218 5658 Aliquando
1265 5594 1442 5639 autem
1491 5583 1681 5636 clausa:
1713 5579 1782 5632 ita
1829 5579 2011 5633 dicun—

435 5697 536 5747 tur,
586 5693 639 5735 u'.
671 5694 956 5738 exerceant
1001 5682 1399 5754 inquirentem;
1448 5687 1500 5732 ut
1552 5674 1800 5743 estquod
1848 5673 1919 5727 ait
1948 5667 2022 5724 uti

2117 4553 2333 4608 boribus
2381 4546 2733 4617 transigebat,
2775 4559 2843 4596 ne
2889 4542 3137 4608 cttiquam
3178 4536 3360 4607 gravis
3387 4545 3566 4590 esset:
3601 4535 3707 4589 sed

2118 4654 2434 4719 potestatem
2464 4642 2679 4694 dedisse
2709 4639 2761 4690 in
2811 4651 2915 4704 qua
2947 4633 3148 4688 scirent
3194 4630 3296 4685 sibi
3341 4630 3438 4684 ista
3487 4626 3708 4681 deberi.

2114 4741 2246 4794 Cum
2279 4750 2455 4790 autem
2505 4748 2531 4786 a
2578 4730 2805 4785 Domino
2850 4726 3048 4795 aliquid
3097 4725 3430 4792 imperatur,
3463 4719 3565 4773 nisi
3611 4720 3710 4773 flat

2116 4829 2491 4888 inubedientiat
2520 4824 2674 4892 culpa
2719 4830 2816 4875 est.
2851 4817 2985 4874 Cum
3032 4825 3208 4871 autem
3242 4823 3478 4883 potestas
3520 4811 3705 4874 datur,

2115 4927 2239 4981 licet
2265 4923 2459 4991 cuique
2499 4934 2606 4974 non
2649 4916 2754 4980 uti,
2789 4916 2951 4969 etiam
2981 4925 3136 4981 quam
3178 4908 3246 4963 de
3285 4922 3386 4962 suo
3408 4906 3527 4970 jure
3555 4903 3710 4974 [licet

2113 5017 2304 5084 cuique
2332 5027 2437 5066 non
2482 5009 2556 5064 uti
2592 5017 2648 5064 et
2677 5015 2926 5072 tanquam
2954 5002 3020 5056 de
3046 5017 3142 5055 suo
3165 4996 3312 5068 jure]
3339 4995 3550 5050 cedere.
3578 4993 3710 5048 Ha-c

2112 5082 2239 5176 ergo
2270 5107 2490 5173 loquens
2523 5097 2776 5154 Dominus
2802 5092 3107 5162 discipulis,
3131 5089 3183 5143 id
3207 5087 3400 5157 agebat
3420 5084 3558 5176 quod
3587 5082 3709 5176 ipse

2117 5175 2405 5265 Apostolus
2430 5191 2590 5260 paulo
2634 5197 2756 5257 post
2799 5187 3035 5253 apertius
3065 5183 3136 5235 ita
3163 5179 3400 5248 explicat
3427 5192 3440 5227 :
3473 5175 3708 5229 Nescitis

2117 5288 2366 5357 quoniam
2385 5285 2472 5354 qui
2499 5283 2552 5336 in
2571 5280 2769 5348 templo
2795 5284 3244 5345 operantur,qtta:
3265 5270 3335 5323 de
3353 5269 3551 5334 templo
3579 5275 3706 5318 sunt

2117 5381 2318 5444 edunt;
2350 5376 2438 5445 qui
2466 5373 2621 5427 altari
2649 5369 2980 5432 deserviunt,
3024 5363 3179 5418 altari
3231 5358 3702 5429 compartiuntur?

2118 5473 2206 5528 Sic
2237 5481 2290 5525 et
2323 5469 2578 5524 Dominus
2625 5462 2894 5520 ordinavit
2945 5457 3029 5511 his
3078 5457 3166 5524 qui
3217 5454 3564 5522 Evangelium
3603 5465 3704 5502 an-

2121 5569 2382 5630 ttttntiant,
2414 5564 2480 5618 de
2514 5558 2803 5628 Eiangelio
2826 5556 3038 5615 vivere;
3065 5564 3168 5618 ego
3190 5557 3371 5602 autem
3403 5549 3593 5600 horum
3623 5547 3704 5596 ui-

2123 5661 2191 5714 l.il
2225 5675 2349 5713 usus
2389 5671 2526 5711 sum.
2558 5655 2688 5709 Cum
2740 5649 2917 5718 itaque
2949 5643 3071 5698 dicit
3096 5683 3110 5710 ,
3145 5640 3216 5695 ita
3245 5640 3525 5694 Dominum
3558 5635 3704 5690 ordi-
